1507 2656
234 417 304 497 T.
345 413 557 466 LIVII
603 413 1007 466 PATAVINI

432 553 644 592 LIBER
688 554 823 593 XXX.

170 799 222 837 N.
236 796 520 836 SERVILIUS
541 796 720 833 CAEPIO
741 802 779 832 et
799 795 842 832 C.
863 795 1039 833 Servilius
1056 796 1186 833 Gemi·
1199 796 1289 827 U.C.
1308 803 1380 830 549·

198 876 268 900 nus
299 861 485 905 consules,
518 863 662 909 (sextus
691 860 856 897 decimus
890 860 920 896 is
950 873 1068 897 annus
1097 861 1189 898 belli
1203 840 1382 872 A'C'203’

77 928 212 965 Punici
232 927 328 971 erat)
351 939 464 975 quum
485 926 530 962 de
558 925 751 976 republica
778 924 953 974 belloque
973 932 1010 961 et
1035 926 1188 976 provin-

78 993 145 1029 ciis
174 991 221 1028 ad
250 996 422 1027 senatum
451 990 680 1032 retulissent,
713 995 939 1025 censuerunt
970 990 1116 1034 Patres,
1147 996 1191 1027 ut

79 1054 250 1092 consules
284 1055 384 1090 inter
411 1065 450 1089 se
484 1059 760 1103 compararent,
793 1052 1076 1097 sortirenturve,
1107 1060 1192 1090 uter

80 1119 251 1157 Bruttios
282 1118 454 1155 adversus
492 1115 764 1159 Hannibalem,
800 1121 882 1151 uter
918 1115 1111 1153 Etruriam
1147 1130 1191 1153 ac

78 1183 237 1232 Ligures
258 1183 490 1233 provinciam
508 1180 687 1217 haberet:
721 1180 781 1216 cui
802 1180 945 1216 Bruttii
963 1181 1190 1225 evenissent,

19 1293 20 1297 Ἰ
79 1247 284 1284 exercitum
317 1260 339 1283 a
372 1247 415 1283 P.
437 1245 661 1296 Sempronio
694 1245 892 1294 acciperet.
949 1244 992 1281 P.
1014 1245 1191 1296 Sempro-

19 1298 21 1315 Ε
78 1311 162 1348 nius
196 1310 246 1358 (ei
280 1322 428 1358 quoque
459 1309 559 1345 enim
588 1308 806 1358 proconsuli
830 1308 1029 1358 imperium
1058 1309 1097 1344 in
1123 1321 1191 1345 an-

80 1387 171 1411 num
203 1373 496 1424 prorogabatur)
525 1372 569 1408 P.
590 1371 740 1408 Licinio
773 1372 1011 1408 succederet:
1044 1372 1074 1407 is
1106 1371 1188 1409 Ro·
1202 1372 1282 1422 Lens
1300 1372 1333 1404 P

82 1451 179 1474 mam
209 1443 472 1480 reverteretur,
502 1436 604 1472 bello
634 1448 783 1485 quoque
812 1434 934 1472 bonus
960 1436 1112 1472 habitus
1143 1436 1190 1473 ad
1202 1416 1328 1447 L¹⁰¹¹¹¹¹’

81 1508 219 1545 cetera,
240 1502 374 1550 quibus
404 1514 516 1537 nemo
536 1514 581 1537 ea
598 1506 824 1551 tempestate
853 1501 1072 1536 instructior
1098 1501 1189 1538 civis

21 1573 23 1606 ἰ
79 1565 303 1609 habebatur,
324 1565 514 1613 congestis
535 1564 710 1600 omnibus
730 1564 904 1600 humanis
925 1577 947 1600 a
962 1570 1097 1601 natura
1110 1565 1191 1601 for-

24 1669 25 1674 *
79 1635 246 1678 tunaque
263 1628 388 1665 bonis.
442 1627 595 1663 Nobilis
620 1627 718 1663 idem
747 1640 790 1663 ac
810 1627 912 1663 dives
932 1634 1036 1664 erat:
1068 1628 1193 1664 forma

80 1693 295 1741 viribusque
324 1692 491 1741 corporis
512 1691 732 1728 excellebat.
788 1691 1092 1727 Facundissimus
1121 1692 1191 1728 ha-

80 1756 254 1799 bebatur,
276 1769 339 1792 seu
360 1768 491 1792 caussa
510 1755 666 1798 oranda,
687 1767 753 1791 seu
780 1755 819 1790 in
849 1761 981 1791 senatu
1004 1756 1050 1791 ad
1069 1768 1192 1807 popu·

82 1820 159 1856 lum
179 1820 358 1856 suadendi
378 1833 420 1856 ac
440 1819 678 1855 dissuadendi
698 1819 802 1855 locus
823 1826 942 1855 esset:
967 1819 1066 1869 juris
1094 1833 1192 1870 pon-

80 1883 186 1919 tificii
205 1884 463 1933 peritissimus,
520 1883 639 1932 Super
657 1883 751 1925 haec,
771 1883 916 1919 bellicae
935 1896 1085 1932 quoque
1110 1883 1191 1919 lau-

27 1952 28 1985 Ῐ
55 1944 56 1947 “
81 1948 138 1984 dis
158 1947 373 1984 consulatus
394 1953 609 1997 compotem
628 1947 781 1984 fecerat.
838 1948 952 1986 Quod
972 1948 1010 1982 in
1030 1947 1191 1983 Bruttiis

26 2010 28 2041 Ι
83 2012 290 2061 provincia,
310 2011 407 2047 idem
436 2011 473 2046 in
503 2011 658 2046 Etruria
687 2024 729 2047 ae
749 2011 954 2059 Liguribus
976 2012 1188 2048 decretum:

28 2079 29 2087 ¹
84 2075 140 2111 M.
159 2075 355 2112 Cornelius
375 2088 478 2111 novo
498 2074 643 2111 consuli
660 2075 805 2111 tradere
821 2075 1027 2110 exercitum
1040 2074 1190 2124 jussus:

86 2140 179 2189 ipse,
210 2146 414 2188 prorogato
444 2140 615 2189 imperio,
638 2138 801 2174 Galliam
830 2139 1063 2188 provinciam
1093 2137 1195 2173 obti-

86 2214 175 2238 nere
194 2215 277 2237 cum
296 2202 508 2250 legionibus
538 2203 597 2245 iis,
619 2214 709 2251 quas
740 2209 879 2251 praetor
908 2201 954 2237 L.
976 2200 1194 2236 Scribonius

87 2266 212 2315 priore
239 2278 339 2302 anno
368 2266 572 2303 habuisset.
630 2266 763 2302 Sortiti
793 2264 925 2300 deinde
955 2263 1192 2313 provincias:

85 2329 259 2380 Caepioni
290 2329 445 2375 Bruttii,
482 2330 639 2367 Servilio
676 2329 839 2366 Gemino
871 2328 1026 2366 Etruria
1059 2327 1194 2366 evenit.
