1523 2666
271 144 356 188 452
721 148 766 177 τ.
802 148 933 178 mvn

77 234 432 271 [hosv-aliarum
462 235 686 280 civitatium,
708 238 769 286 qui
803 238 1002 288 Emporias
1032 239 1292 289 perfugerant,
1321 242 1386 279 de-

75 279 115 309 A'
130 278 167 308 C*
187 285 258 312 195.
273 299 449 336 diderunt
469 313 530 337 se:
564 314 657 350 quos
678 315 825 346 omnes,
848 303 1056 354 adpellatos
1076 305 1256 354 benigne,
1277 308 1387 343 vino-

272 376 345 412 que
365 371 403 399 et
423 363 508 400 cibo
529 373 695 409 curatOS,
715 367 848 403 domos
870 368 1024 405 dimisit.
1067 368 1280 407 Confestim
1299 371 1388 407 inde

273 435 397 464 castra
416 431 535 465 movit
554 444 561 465 ε
595 437 645 473 et,
666 444 901 481 quacumque
930 433 1131 470 incedebat
1160 447 1312 484 agmen,
1332 434 1387 471 le-

273 494 351 541 gati
373 494 589 529 dedentium
612 495 782 531 civitates
803 507 887 532 suas
909 497 1185 534 obcurrebant:
1215 506 1253 535 et
1271 511 1389 548 quum

273 557 531 594 Tarraconem
551 560 667 601 venit,
684 559 766 609 jam
787 561 911 596 omnis
933 562 984 597 cis
1015 562 1169 600 Iberum
1199 563 1390 614 Hispania

272 623 487 672 perdomita
506 631 601 666 erat,
623 625 837 674 captivique
857 634 895 661 et
914 626 1098 670 Romani,
1121 634 1158 663 et
1178 628 1324 664 socium
1345 641 1389 664 ac

271 685 404 722 Latini
423 688 604 729 nominis,
626 689 736 723 variis
758 688 907 725 casibus
929 690 965 725 in
992 690 1182 740 Hispania
1201 690 1389 741 obpressi,

273 750 416 786 donum
438 751 583 787 consuli
604 765 626 788 a
645 752 815 789 barbaris
837 754 1126 791 reducebantur.
1183 755 1301 792 Fama
1324 756 1390 792 de-

273 814 361 851 inde
381 815 570 863 vulgatur,
592 816 786 852 consulem
814 817 852 853 in
879 818 1154 856 Turdetaniam
1183 820 1391 856 exercitum

275 879 490 922 ducturum,
511 887 549 916 et
575 881 621 916 ad
651 881 779 917 devios
810 888 1014 919 montanos
1045 883 1307 934 profecturum
1334 889 1393 920 et-

275 944 350 981 iam
381 944 478 980 falso
509 945 695 994 perlatum
725 953 793 983 est.
850 947 911 984 Ad
941 948 1042 985 hunc
1072 961 1212 985 vanum
1244 954 1282 985 et
1311 949 1393 985 sine

275 1019 432 1048 auctore
464 1009 540 1046 ullo
561 1023 764 1054 rumorem,
784 1011 1098 1060 Bergistanorum
1119 1014 1281 1049 civitatis
1303 1026 1389 1063 sep-

273 1083 350 1113 tem
374 1076 528 1113 castella
547 1076 784 1113 defecerunt:
815 1089 894 1120 θος,
912 1078 1074 1114 deducto
1094 1079 1276 1121 exercitu,
1297 1091 1391 1114 con-

275 1141 334 1177 sul
362 1142 443 1176 sine
472 1141 718 1176 memorando
748 1140 884 1190 proelio
904 1141 942 1176 in
974 1147 1203 1190 potestatem
1232 1141 1390 1190 redegit.

275 1205 391 1242 Haud
421 1206 472 1241 ita
504 1205 624 1241 multo
658 1213 745 1255 post
774 1206 899 1249 iidem,
932 1219 1104 1255 regresso
1133 1207 1393 1244 Tarraconem

276 1270 445 1313 consule,
471 1270 688 1319 priusquam
720 1270 806 1305 inde
840 1283 1031 1319 quoquam
1061 1272 1295 1321 procederet,
1327 1272 1394 1309 de·

275 1332 460 1369 fecerunt.
519 1332 662 1368 Iterum
699 1333 846 1369 subacti
867 1349 874 1369 ;
921 1334 983 1370 sed
1010 1346 1089 1370 non
1123 1334 1253 1370 eadem
1281 1335 1393 1371 venia

275 1397 386 1435 victis
407 1397 498 1433 fuit:
522 1397 591 1433 sub
612 1410 755 1434 corona
770 1399 920 1434 veniere
935 1411 1082 1443 omnes,
1100 1411 1147 1435 ne
1167 1400 1302 1450 saepius
1323 1412 1390 1450 pa-

279 1477 359 1500 cem
381 1464 643 1501 s0=licitarent.

81 1533 106 1563 P
129 1532 227 1562 Man·
333 1529 465 1565 XVII.
498 1529 654 1565 Interim
686 1529 727 1565 P.
747 1529 916 1565 Manlius
945 1535 1099 1578 praetor,
1131 1529 1299 1565 exercitu
1328 1542 1392 1565 ve-

81 1576 243 1650 ἓξὲῖζμ
281 1601 358 1630 teri²
375 1608 393 1631 a
412 1595 460 1634 Q.
473 1595 663 1637 Minucio,
681 1596 738 1631 cui
758 1601 1002 1637 successerat,
1023 1603 1195 1644 accepto,
1213 1594 1395 1644 adjuncto

82 1662 193 1694 vincit.
281 1666 317 1695 et
338 1661 410 1710 Ap.
429 1659 576 1696 Claudii
596 1660 763 1696 Neronis
785 1673 830 1696 ex
853 1660 1030 1696 ulteriore
1060 1659 1248 1710 Hispania
1270 1666 1396 1696 vetere

278 1726 369 1760 item
400 1725 582 1767 exercitu,
612 1725 649 1760 in
675 1725 948 1761 Turdetaniam
980 1725 1243 1774 proficiscitur.
1301 1724 1397 1760 Om-

277 1790 383 1825 nium
405 1788 666 1838 Hispanorum
684 1790 845 1825 maxime
865 1789 1022 1825 inbelles
1043 1789 1233 1824 habentur
1247 1787 1395 1824 Turde-

279 1854 384 1889 tani:
418 1853 504 1889 freti
537 1860 664 1889 tamen
703 1853 945 1889 multitudine
979 1866 1045 1888 sua
1084 1853 1233 1888 obviam
1273 1853 1399 1888 ierunt

279 1918 420 1966 agmini
442 1916 632 1953 Romano.
671 1917 798 1965 Eques
821 1918 996 1952 {nmis-us
1016 1916 1184 1953 turbavit
1205 1915 1399 1965 extemplo

279 1983 396 2017 aciem
429 1995 554 2017 corvin:
579 1997 585 2017 2
620 1982 792 2031 pedesrre
822 1981 998 2031 proelium
1018 1981 1157 2017 nullius
1179 1981 1298 2017 ferme
1318 1993 1398 2016 cer-

278 2047 431 2081 taniinis
462 2046 556 2081 fuit:
591 2045 728 2081 milites
756 2053 914 2088 veteres,
950 2047 1059 2096 periti
1091 2046 1259 2080 hostium
1289 2043 1400 2080 belli-

279 2124 366 2158 nus,
388 2111 489 2146 haud
510 2111 661 2147 dubiam
684 2124 850 2161 pugnam
876 2111 1056 2147 fecerunt.
1106 2110 1187 2146 Nec
1209 2116 1334 2145 tamen
1357 2122 1402 2145 ea

279 2188 406 2225 pugna
445 2177 467 2212 d
493 2176 673 2212 bellarum
712 2184 793 2212 ezr:
838 2176 965 2212 decern
1006 2175 1125 2211 millia
1163 2173 1399 2210 Celtiberum

279 2241 446 2276 mercede
469 2241 626 2277 Turduii
651 2241 883 2283 conducunt,
906 2241 1113 2289 alienisque
1143 2242 1254 2276 armis
1285 2250 1396 2288 para-

280 2304 373 2341 bant
394 2306 548 2344 bellum.
607 2305 752 2343 Consul
777 2307 945 2349 interim,
966 2304 1173 2342 rebellione
1202 2303 1398 2353 Bergista-
