1507 2656
307 172 461 202 mmm
483 171 638 201 xxxv.
670 169 776 199 cAP.
799 170 943 199 xxxx.
1084 165 1168 213 535

69 261 210 297 dictum
222 268 290 298 est.
324 262 550 298 Adcuratior
568 260 620 297 ibi
636 260 809 297 habenda
824 261 948 297 oratio
966 259 1052 304 fuit,
1068 259 1169 310 quod
1181 267 1224 299 U.
1234 267 1271 298 C.
1290 272 1364 300 560.

66 337 151 374 pars
175 326 384 375 principum
414 324 565 361 alienati
591 337 613 360 a
638 323 839 368 Romanis,
859 325 1006 374 totique
1024 325 1165 361 Antio·
1179 311 1222 343 A·
1237 310 1273 342 C·
1295 317 1367 344 ¹⁹²⁸

10 417 11 428 2
70 388 130 424 chi
147 395 184 424 et
202 388 420 425 AEtolorum
435 394 542 425 erant
557 403 564 424 :
588 389 689 438 quia,
709 401 824 438 quum
841 389 944 425 reddi
964 388 1081 425 filium
1099 388 1170 425 ob-

9 459 10 504 }
69 452 186 488 sidem
212 452 389 503 Philippo
409 452 575 489 adlatum
601 459 712 496 esset,
733 452 1034 503 stipendiumque
1059 453 1171 502 inpo-

9 506 10 509 Ἴ
68 516 182 551 situm
202 517 357 560 remitti,
386 517 484 553 inter
509 523 634 554 cetera
663 529 759 554 vana
784 516 949 553 adlatum
976 522 1070 560 erat,
1088 515 1171 552 De-

8 580 9 583 ’
68 579 288 616 metriadem
308 593 456 630 quoque
476 581 511 617 ei
529 581 739 617 reddituros
768 581 966 617 Romanos
986 592 1078 618 esse.
1124 579 1171 616 Id

8 635 9 666 ἶ
68 654 116 679 ne
135 642 253 688 fieret,
273 645 510 694 Eurylochus
529 646 701 695 princeps
720 644 960 693 Magnetum,
974 643 1172 680 factionis-

7 730 9 733 ν
67 719 141 756 que
160 707 240 757 ejus
259 709 424 758 quidam,
441 711 568 746 omnia
583 711 714 746 novari
733 709 952 746 AEtolorum
968 708 1172 745 Antiochi·

69 784 141 820 que
160 773 321 810 adventu
347 773 551 812 malebant.
606 775 795 811 Adversus
825 786 889 810 eos
916 774 970 810 ita
989 773 1174 810 disseren-

68 836 157 872 dum
176 843 269 881 erat,
290 851 350 882 ne,
372 839 547 875 timorem
565 851 702 875 vanum
725 840 770 875 iis
790 837 989 881 demendo,
1010 849 1093 889 spes
1114 836 1174 872 in-

67 900 146 936 cisa
169 900 386 952 Philippum
412 902 666 939 abalienaret:
698 904 737 939 in
764 915 839 952 quo
859 901 941 952 plus
969 900 1015 938 ad
1044 899 1174 937 onmia

67 966 266 1009 momenti,
288 979 399 1015 quam
418 967 456 1002 in
482 967 744 1015 Magnetibus,
765 973 875 1003 esset.
933 964 1006 1001 Illa
1022 971 1174 1001 tantum

67 1036 375 1073 commemorata,
397 1043 505 1079 quum
534 1036 646 1068 totam
680 1033 854 1068 Graeciam
879 1030 1042 1078 beneficio
1068 1029 1174 1064 liber-

67 1094 152 1129 tatis
173 1092 358 1129 obnoxiam
379 1094 552 1130 Romanis
573 1106 655 1137 esse,
677 1100 753 1130 tum
777 1106 856 1130 eam
881 1095 1062 1129 civitatem
1078 1104 1175 1140 prae-

67 1158 181 1205 cipue.
231 1158 287 1194 Ibi
306 1159 398 1194 enim
417 1170 487 1195 non
502 1160 711 1207 praesidium
729 1159 833 1195 modo
852 1158 1094 1194 Macedonum
1102 1155 1175 1205 fu-

65 1222 144 1264 isse,
173 1223 233 1258 sed
260 1224 394 1270 regiam
423 1223 692 1272 exaedificatam,
725 1228 766 1259 ut
790 1234 945 1272 praesens
971 1232 1109 1268 semper
1136 1221 1176 1255 in

65 1287 177 1322 oculis
201 1286 379 1323 habendus
405 1292 491 1323 esset
517 1288 689 1324 dominus.
747 1287 910 1323 Ceterum
934 1287 1176 1334 nequidquam

66 1363 110 1387 ea
117 1350 243 1399 facta,
262 1353 293 1387 si
311 1352 433 1387 AEtoli
456 1352 674 1388 Antiochum
694 1354 732 1389 z'n
757 1353 923 1400 Philippi
945 1352 1082 1398 regiam
1106 1350 1174 1385 ad·

67 1417 250 1460 ducerent,
270 1422 305 1453 et
332 1429 442 1453 novus
469 1422 505 1454 et
530 1419 727 1465 incognitus
750 1430 820 1466 pro
845 1422 963 1453 vetere
980 1420 1015 1452 et
1033 1419 1176 1463 experto

69 1480 247 1516 habendus
265 1492 327 1516 rex
344 1486 441 1517 esset.
496 1479 800 1529 Magnetarchen
828 1493 1015 1517 summum
1035 1479 1176 1527 magis·

69 1549 212 1580 tratum
232 1550 391 1580 vocant:
423 1545 455 1580 is
478 1551 559 1581 tum
584 1545 822 1595 Eurylochus
849 1551 951 1581 erat:
984 1557 1027 1580 ac
1046 1549 1176 1594 potes-

67 1613 148 1644 tate
173 1620 218 1645 ea
242 1607 374 1651 fretus,
404 1609 556 1657 negavit
585 1609 894 1645 dissimulandum
915 1608 986 1655 sibi
1006 1615 1044 1644 et
1062 1607 1176 1656 Mag·

68 1671 218 1709 netibus
239 1675 333 1716 esse,
354 1686 436 1721 quae
456 1673 556 1709 fama
575 1673 728 1721 vulgata
747 1674 791 1709 de
819 1672 1009 1709 reddenda
1034 1671 1176 1716 Deme-

68 1737 188 1773 triade
207 1736 386 1787 Philippo
404 1736 525 1772 foret:
549 1737 585 1773 id
601 1733 652 1772 ne>
664 1737 782 1779 fieret,
798 1737 928 1772 omnia
947 1743 984 1772 et
1003 1734 1178 1771 conanda

69 1806 109 1837 et
128 1800 299 1836 audenda
315 1800 560 1849 Magnetibus
581 1813 672 1837 esse.
728 1800 780 1836 Et
800 1801 898 1836 inter
917 1799 1064 1835 dicendi
1084 1811 1175 1836 con-

70 1866 281 1901 tentionem
300 1865 548 1900 inconsultius
570 1871 718 1900 evectus
739 1863 914 1914 projecit,
938 1865 1027 1899 Tum
1043 1875 1178 1911 quoque
1190 1859 1366 1911 Eurylochi

66 1931 182 1977 specie
200 1929 345 1964 liberam
359 1929 630 1965 Demetriadem
645 1940 737 1964 esse:
756 1940 794 1963 re
809 1940 892 1963 vera
911 1929 1030 1963 omnia
1044 1928 1177 1972 adam-
1190 1903 1372 1979 &affusum

72 1997 149 2028 tum
182 1992 425 2028 Romanorum
444 1993 543 2041 fieri.
601 1990 677 2027 Sub
711 1991 809 2027 hanc
842 2003 973 2026 vocem
1005 1990 1176 2034 fremitus

71 2056 250 2092 variantis
271 2056 521 2092 multitudinis
542 2056 628 2098 fuit,
649 2056 786 2104 partim
806 2055 1019 2096 adsensum,
1040 2055 1178 2103 partim

74 2119 389 2167 indignationem,
424 2119 546 2155 dicere
582 2119 620 2155 id
656 2131 788 2154 ausum
822 2131 918 2154 eum.
975 2118 1177 2156 Quinctius

75 2183 225 2232 quidem
257 2183 350 2219 adeo
377 2183 516 2219 exarsit
544 2184 613 2225 ira,
634 2189 689 2226 ut,
714 2195 844 2218 manus
869 2182 914 2218 ad
938 2181 1074 2218 coelum
1094 2188 1178 2218 ten·-

75 2247 180 2289 dens,
202 2247 305 2282 Deos
337 2253 450 2283 testes
479 2248 617 2296 ingrati
643 2261 686 2283 ac
715 2247 845 2298 perfidi
875 2248 990 2282 animi
1015 2246 1178 2295 Magne-

76 2320 158 2346 tum
175 2311 379 2347 invocaret.
435 2311 521 2348 Hac
548 2324 640 2347 voce
666 2311 872 2361 perterritis
893 2310 1082 2355 omnibus,
1103 2310 1178 2347 Ze·

566 2376 600 2411 A
621 2389 642 2411 a
661 2377 683 2411 4
