1507 2656
323 212 477 241 LIBER
503 210 647 238 XXIX.
681 209 787 237 CAP.
812 210 981 238 XXXII.
1127 210 1203 238 201

89 303 126 340 id
160 304 303 353 ipsum;
349 301 563 352 pluresque,
599 312 710 349 quam
737 297 847 349 justo
880 311 977 349 saepe
1011 300 1049 335 in
1084 298 1198 341 bello,
1215 309 1254 338 U,
1268 309 1303 338 C,
1324 315 1394 338 543,

88 366 466 416 Karthaginiensium
487 365 663 400 caderent
687 370 996 413 caperenturquc.
1054 363 1199 413 Deplo-
1216 352 1251 382 Α·
1269 352 1303 383 C·
1323 358 1395 382 ²⁰⁴·

88 432 223 468 rabant
249 444 291 467 ea
320 430 418 479 apud
447 429 659 479 Syphacem
685 428 1043 476 KarthaginienseS,
1075 428 1198 463 infen-

85 507 241 543 sumque
261 499 298 529 et
316 494 439 542 ipsum
460 493 506 528 ad
526 491 701 540 reliquias
732 490 820 526 belli
837 491 1110 540 persequendas
1142 492 1199 526 in-

85 557 298 607 stigabant:
332 557 395 593 sed
424 557 486 592 vix
516 557 659 604 regium
680 555 890 597 videbatur,
922 554 1109 591 latronem
1134 568 1198 591 va-

82 634 172 671 gum
192 623 230 657 in
250 621 442 657 montibus
464 621 686 656 consectari.

135 684 314 721 XXXII.
343 685 532 727 Bocchar,
554 697 600 719 ex
629 683 816 733 praefectis
846 683 957 731 regiis
980 684 1034 719 vir
1053 696 1137 720 acer
1156 690 1194 720 et

82 750 243 799 inpiger,
264 749 310 785 ad
330 749 366 785 id
387 748 551 784 delectus
569 763 576 784 ε
610 749 644 783 ei
664 748 752 784 (lata
771 754 933 797 quatuor
952 748 1069 784 millia
1089 748 1193 797 pedi-

82 818 176 855 tum,
208 813 282 848 (luo
312 813 479 861 equitum
496 826 502 846 :
536 812 851 861 praemiorumque
883 812 1095 860 ingentium
1129 824 1194 861 spe

81 882 272 919 oneratus,
304 877 335 912 si
364 882 476 925 caput
504 875 718 912 Masinissae
749 875 953 918 retulisset,
976 882 1041 911 aut
1067 876 1193 911 vivum

84 940 139 987 (id
159 952 245 975 vero
265 940 526 976 inaestimabile
554 941 731 989 gaudium
761 941 860 987 fore)
884 940 1057 989 cepisset,
1088 939 1191 989 pala-

80 1008 140 1038 tos
170 1003 432 1051 incurioseque
463 1010 617 1051 agentes
651 1004 844 1053 inproviso
878 1003 1045 1045 adortus,
1079 1016 1192 1053 peco-

79 1078 160 1102 rum
180 1067 451 1115 hominumque
471 1068 615 1116 ingenti
636 1067 879 1103 multitudine
900 1081 920 1103 a
940 1067 1112 1117 praesidio
1133 1080 1193 1102 ar-

78 1137 268 1166 matorum
287 1131 451 1174 exclusa,
472 1132 718 1168 Masinissam
746 1133 869 1181 ipsum
889 1144 974 1167 cum
994 1132 1122 1181 paucis
1154 1131 1192 1166 in

79 1194 254 1230 verticem
275 1195 414 1231 montis
436 1195 640 1245 compellit.
699 1195 804 1237 Inde,
825 1208 943 1245 prope
970 1194 1105 1245 utjam
1126 1195 1191 1231 de-

76 1257 232 1302 bellato,
250 1272 319 1294 nec
339 1259 464 1309 praeda
480 1260 594 1296 modo
615 1272 794 1309 pecorum
812 1261 1084 1308 hominumque
1101 1272 1189 1310 cap-

74 1327 202 1358 torum
221 1323 333 1359 missa
353 1324 399 1359 ad
418 1336 558 1372 regem,
581 1325 643 1359 sed
667 1325 785 1374 copiis
807 1325 935 1367 etiarn,
958 1330 999 1359 ut
1019 1323 1189 1372 aliquan-

75 1392 117 1422 to
137 1386 358 1436 majoribuS,
379 1401 491 1437 quam
511 1402 580 1438 pro
601 1388 766 1437 reliquiis
787 1389 891 1431 belli,
910 1388 1087 1430 remissis,
1105 1401 1189 1424 cum

76 1451 290 1499 quingentis
311 1452 410 1488 haud
429 1452 588 1503 amplius
608 1453 797 1502 peditibus
819 1453 1064 1501 ducentisque
1084 1453 1189 1500 equi-

73 1514 189 1558 tibus,
201 1515 525 1566 degressumjugis
538 1514 781 1553 Masinissam
795 1520 1027 1567 persecutus}
1044 1517 1081 1551 in
1096 1516 1189 1551 valle

75 1584 171 1621 arta,
187 1579 358 1616 faucibus
381 1581 567 1630 utrimque
587 1581 765 1623 obsessis,
784 1581 936 1617 inclusit
953 1597 959 1617 :
983 1580 1034 1629 ibi
1054 1580 1187 1629 ingens

74 1644 192 1678 caedes
220 1642 477 1693 Massylorum
503 1645 616 1682 facta.
672 1645 879 1681 Masinissa
898 1657 983 1681 cum
1002 1645 1188 1693 quinqua-

73 1708 180 1754 ginta
199 1707 302 1742 haud
330 1708 487 1758 amplius
510 1708 698 1757 equitibus
728 1721 794 1759 per
823 1708 1025 1745 amfractus
1046 1709 1186 1743 montis

71 1771 225 1818 ignotos
246 1772 488 1820 sequentibus
509 1784 547 1807 se
567 1772 716 1822 eripuit.
767 1772 908 1808 Tenuit
926 1778 1053 1807 tamen
1073 1772 1186 1807 vesti·

72 1834 135 1881 gia
154 1834 349 1871 Bocchar:
372 1835 603 1885 adeptusque
621 1848 705 1871 eum
727 1835 944 1885 patentibus
961 1847 1078 1884 prope
1095 1835 1186 1871 Clu-

71 1913 181 1950 peam
196 1901 326 1937 urbem
343 1902 498 1951 campis,
517 1902 570 1937 ita
586 1902 846 1944 circumvenit,
866 1908 920 1945 ut,
941 1908 1077 1951 praeter
1093 1915 1185 1951 qua-

71 1971 159 2001 tuor
186 1966 344 2015 equites,
365 1978 496 2002 omnes
527 1966 573 2002 ad
595 1979 709 2002 unum
739 1965 968 2002 interficeret
984 1970 995 2002 ε’
1025 1979 1108 2002 cum
1139 1967 1183 2002 iis

71 2030 193 2077 ipsum
213 2042 361 2078 quoque
379 2028 623 2065 Masinissam
641 2029 808 2066 saucium
832 2041 949 2078 prope
971 2041 989 2065 e
1009 2029 1181 2066 manibus

70 2093 168 2128 inter
186 2093 389 2128 tumultum
408 2094 548 2129 amisit.
604 2092 650 2128 In
671 2099 875 2142 conspectu
901 2098 1008 2128 erant
1028 2093 1182 2141 fugien-
1208 2113 1211 2115 -

68 2163 149 2201 tes;
182 2155 241 2192 ala
270 2157 451 2205 equitum,
473 2157 641 2207 dispersa
667 2164 751 2193 toto
772 2169 920 2206 campo,
942 2156 1180 2205 quibusdam,

71 2227 112 2254 ut
144 2218 402 2262 obcurrerent,
436 2232 503 2269 per
534 2220 690 2269 obliqua
725 2219 981 2262 tendentibus,
1017 2220 1182 2270 quinque

69 2282 197 2318 hostes
218 2283 465 2331 sequebatur:
498 2285 618 2320 amnis
648 2284 782 2333 ingens
804 2284 991 2332 fugientes
1021 2286 1181 2334 accepit,

73 2347 210 2398 (neque
230 2348 329 2384 enim
350 2354 586 2392 cunctanter,
607 2354 649 2384 ut
668 2361 762 2397 quos
782 2347 904 2399 major
923 2353 1043 2385 metus
1071 2361 1180 2398 urge·

584 2412 666 2449 K5
