1507 2656
382 136 536 168 LIBER
558 135 702 166 xxxl.
735 134 842 165 CAP.
864 137 1008 167 XXVI.
1151 139 1235 183 301

181 229 332 268 XXVI.
361 231 434 268 Per
460 243 524 267 eos
554 231 655 280 ipsos
686 230 778 274 dies,
800 230 934 280 quibus
965 231 1164 283 Philippus
1196 233 1236 269 in
1250 239 1292 271 U.
1306 238 1345 269 C.
1360 245 1435 270 552.

129 293 275 331 Achaia
298 294 385 338 fuit,
406 294 594 330 Philocles
628 295 827 344 praefectus
852 296 991 344 regiuS,
1013 309 1059 332 ex
1085 297 1239 335 Euboea
1249 283 1425 314 A‘C'wo'

127 358 318 407 profectus
349 371 434 394 cum
462 357 607 394 duobus
642 358 806 395 millibus
833 358 1025 395 Thracum
1053 359 1239 397 Macedo-

127 434 292 470 numque
312 421 357 458 ad
377 421 661 471 depopulandos
681 422 975 458 Atheniensium
1001 423 1110 468 fines,
1138 438 1157 460 c
1180 438 1241 461 re-

127 485 241 534 gione
259 485 449 522 Eleusinis
466 486 603 523 saltum
619 488 848 523 Cithaeronis
865 488 1121 524 transcendit:
1153 489 1242 526 inde

126 548 280 585 dimidia
314 556 421 599 parte
458 550 619 587 militum
656 552 702 587 ad
733 552 976 601 praedandum
1005 552 1146 602 passim
1174 565 1242 603 per

131 624 241 660 agros
275 613 441 658 dimissa,
480 628 565 651 cum
605 622 712 665 parte
748 616 828 665 ipse
865 615 1036 652 occultus
1068 616 1154 652 loco
1188 616 1237 653 ad

129 678 283 715 insidias
315 687 536 730 opportuno
565 680 751 723 consedit,
782 687 838 723 ut,
869 681 900 716 si
930 693 976 716 cx
1009 679 1166 716 castello
1192 679 1240 717 ab

125 746 307 783 Eleusine
336 747 376 782 in
405 746 615 796 praedantes
651 758 738 781 suos
765 746 915 796 inpetus
940 745 1060 788 fieret,
1084 752 1241 796 repente

125 810 255 847 hostes
282 811 419 847 effusos
445 823 491 864 ex
517 811 710 861 inproviso
737 811 961 847 adoriretur.
1018 810 1111 846 Non
1129 809 1240 845 fefel-

126 874 203 911 lere
229 875 398 912 insidiae:
431 876 560 925 itaque
589 876 790 918 revocatis,
818 876 882 924 qui
912 876 1165 912 discurrerant
1195 874 1243 911 ad

125 938 384 989 praedandum,
411 939 609 982 militibus,
640 941 924 989 instructisque,
947 939 994 975 ad
1013 939 1240 990 obpugnan-

126 1003 215 1040 dum
235 1003 430 1039 castellum
443 1003 663 1040 Eleusinem
682 1003 891 1053 profectus,
910 1016 993 1039 cum
1009 1003 1135 1039 multis
1152 1003 1241 1039 inde

123 1067 340 1105 vulneribus
370 1070 538 1112 recessit,
559 1068 815 1118 Philippoque
847 1080 885 1104 se
915 1067 1083 1104 venienti
1109 1080 1155 1103 ex
1184 1068 1241 1103 A·

125 1132 234 1169 chaia
253 1132 465 1183 conjunxit.
512 1133 680 1170 Tentata
699 1140 736 1169 et
757 1132 804 1168 ab
827 1133 909 1182 ipso
929 1144 1020 1180 rege
1040 1131 1239 1182 obpugna-

123 1198 179 1234 tio
211 1196 290 1247 ejus
319 1197 464 1234 castelli
492 1203 569 1234 est:
600 1197 667 1233 sed
692 1209 806 1233 naves
827 1196 1029 1238 Romanae,
1051 1209 1072 1231 a
1090 1195 1238 1232 Piraeco

125 1263 331 1305 venientes,
363 1262 698 1310 intromissumque
726 1260 942 1310 praesidium
973 1259 1154 1296 absistere
1177 1259 1236 1295 in-

126 1331 237 1375 cepto
257 1331 475 1374 coegerunt.
531 1324 668 1361 Diviso
696 1324 830 1360 deinde
861 1324 1041 1367 exercitu,
1063 1336 1126 1359 rex
1151 1336 1235 1360 cum
1248 1333 1416 1373 Philippus

125 1396 233 1442 parte
269 1389 479 1427 Philoclem
512 1390 685 1426 Athenas
722 1390 854 1432 mittit,
893 1402 977 1425 cum
1012 1394 1120 1439 parte
1156 1389 1235 1439 ipse
1248 1377 1392 1407 Athenas
1408 1384 1440 1407 Ε(

122 1455 308 1492 Piraeeum
327 1455 474 1504 pergit:
509 1461 562 1499 ut,
584 1467 700 1504 quum
728 1453 916 1490 Philocles
937 1453 1134 1490 subeundo
1152 1467 1235 1490 mu·
1249 1421 1454 1494 {riiffiiiaui'en-

121 1532 198 1563 ros,
227 1525 265 1555 et
289 1519 555 1556 comminanda
585 1518 874 1568 obpugnatione
903 1518 1117 1554 contineret
1144 1518 1237 1555 urbe
1250 1512 1306 1537 tat.

122 1583 389 1627 Athenienses,
411 1583 481 1633 ipsi
501 1582 689 1619 Piraeeum
713 1581 787 1618 levi
807 1594 891 1617 cum
920 1581 1097 1631 pracsidio
1126 1581 1237 1618 relic-

123 1654 204 1684 tum
225 1648 466 1697 expugnandi
491 1646 653 1690 facultas
682 1653 793 1682 esset.
851 1647 1031 1682 Ceterum
1057 1646 1180 1682 nihilo
1203 1647 1238 1682 ei

123 1712 272 1754 Piraeei‚
294 1725 406 1760 quam
435 1711 641 1754 Eleusinis,
669 1710 832 1753 facilior,
854 1711 985 1746 iisdem
1006 1709 1085 1746 fere
1105 1709 1237 1746 defen-

126 1776 314 1818 dentibus,
342 1775 579 1825 obpugnatio
604 1774 690 1811 fuit.
745 1776 782 1810 A
802 1775 947 1811 Piraeeo
975 1775 1146 1810 Athenas
1177 1787 1237 1811 re-

125 1838 238 1891 pente
268 1839 396 1875 duxit:
430 1839 517 1874 inde
540 1839 739 1889 eruptione
770 1838 896 1874 subita
928 1838 1097 1888 peditum
1131 1838 1237 1887 equi-

123 1910 278 1952 tumque
305 1903 402 1939 inter
433 1904 625 1951 angustias
653 1902 822 1938 semiruti
849 1903 962 1945 muri,
984 1902 1048 1950 qui
1071 1901 1236 1938 brachiis

124 1967 269 2004 duobus
297 1967 481 2003 Piraeeum
511 1968 674 2003 Athenis
695 1966 841 2017 jungit,
873 1965 1064 2016 repulsus,
1098 1967 1239 2004 omissa

124 2032 410 2081 obpugnatione
449 2031 564 2074 urbis,
604 2032 724 2067 diviso
763 2044 848 2067 cum
896 2029 1067 2066 Philocle
1109 2042 1236 2066 rursus

127 2095 308 2137 exercitu,
329 2094 377 2130 ad
402 2095 604 2130 vastandos
631 2107 742 2142 agros
771 2093 978 2144 profectus,
1000 2105 1113 2142 quum
1133 2094 1237 2143 prio·

125 2171 204 2194 rem
230 2156 515 2206 populationem
544 2157 723 2206 sepulcris
756 2158 856 2193 circa
886 2155 1015 2192 urbem
1047 2156 1236 2193 diruendis

127 2222 365 2264 exercuisset,
386 2234 433 2257 ne
461 2222 550 2270 quid
579 2221 804 2258 inviolatum
832 2220 1075 2269 relinqueret,
1096 2219 1238 2270 templa

127 2285 267 2330 Deum,
288 2299 370 2336 qua:
395 2286 566 2338 pagatim
594 2292 742 2324 sacrata
762 2285 971 2330 habebant,
998 2284 1094 2321 dirui
1124 2290 1238 2335 atque
