1523 2666
296 209 381 238 202
752 210 798 236 Τ.
823 210 956 238 lelt

97 293 190 367 53Ηὲ
208 300 366 368 {gi-ret,
388 297 609 334 inmiserant
633 297 766 346 equos)
800 298 973 346 raptique
1003 296 1167 345 gurgite,
1189 303 1226 333 et
1256 298 1294 333 in
1315 298 1412 335 obli-

101 391 205 421 Insilit

101 434 268 464 Masinissa
295 426 466 476 rapidum
487 428 674 476 gurgitem
694 428 853 470 haustis,
877 428 955 477 ipse
975 428 1131 477 periisse
1152 428 1338 465 creditus:
1375 435 1414 465 at

98 477 282 550 Qssufrixss'un-
295 490 369 526 duo
389 490 523 539 reliqui
553 492 696 540 equites
728 504 812 526 curn
844 503 889 526 eo
913 491 1012 526 inter
1040 490 1205 540 virgulta
1223 490 1413 528 ulterioris

194 543 202 556 9

96 565 134 592 de
150 573 227 594 cum
294 554 383 604 ripae
414 560 657 601 emerserunt.
716 553 752 589 Is
785 553 868 589 finis
899 554 1086 590 Bocchari
1116 555 1296 604 sequendi
1325 555 1413 599 fuit,

96 607 229 688 ‘³32¹ssss
293 630 362 653 nec
384 617 529 666 ingredi
549 617 687 653 flumen
709 630 815 659 ωηο,
833 630 903 653 nec
918 617 1058 654 habere
1073 618 1242 654 credenti
1262 618 1413 669 sejam,

295 374 410 410 quum
430 362 598 411 praelati:
622 362 768 398 duobus
789 362 827 397 in
848 369 1055 412 conspectu
1074 362 1243 399 hostium
1259 363 1297 399 in
1317 377 1414 414 prae-

292 696 403 731 quem
424 689 652 732 sequeretur.
712 682 805 718 Inde
832 696 949 719 vanus
980 690 1113 719 auctor
1131 683 1297 720 absumti
1324 683 1413 720 Ma·-

293 747 435 783 sinissae
456 748 502 783 ad
522 760 648 795 regem
670 746 805 792 rediit,
838 747 1030 796 missique,
1049 748 1113 796 qui
1132 746 1413 796 Karthaginem

292 812 470 859 gaudium
504 813 637 860 ingens
667 811 917 847 nunciarent:
958 817 1116 860 totaque
1147 811 1280 848 Africa
1310 811 1413 847 fama

293 877 424 911 mortis
444 876 659 912 Masinissae
679 876 823 926 repleta
842 878 944 912 varie
964 877 1110 912 animos
1132 875 1283 912 adfecit.
1321 874 1412 912 Ma·

99 934 132 993 ‘J‘
149 935 278 1006 {Pfflun-
293 940 427 976 sinissa
447 941 486 975 in
507 939 687 989 spelunca
702 940 865 983 occulta,
887 954 1002 989 quum
1017 940 1143 976 herbis
1161 945 1309 975 curaret
1327 939 1410 975 vul-

96 986 263 1051 :3¹55an
292 1017 376 1047 nus,
409 1005 568 1041 duorum
603 1005 772 1054 equitum
809 1005 1012 1040 latrocinio
1049 1017 1116 1054 per
1152 1005 1228 1040 dies
1264 1003 1411 1052 aliquot

95 1071 192 1094 suffit·
290 1069 383 1104 vixit
401 1084 407 1103 :
442 1068 505 1104 ubi
526 1068 688 1118 primum
709 1068 822 1104 ducta
838 1069 1008 1110 cicatrix,
1026 1068 1179 1118 patique
1199 1079 1310 1117 posse
1329 1067 1411 1102 visa

281 1131 551 1182 jactationem,
583 1133 739 1169 audacia
769 1133 915 1181 ingenti
942 1133 1066 1182 pergit
1092 1133 1146 1167 ire
1173 1132 1219 1167 ad
1249 1143 1409 1180 regnum

288 1197 557 1246 repetendum:
591 1202 718 1245 atquc,
747 1196 785 1231 in
816 1197 898 1246 ipso
920 1197 1055 1231 itinere
1083 1195 1184 1231 hand
1214 1194 1296 1245 plus
1316 1207 1408 1244 qua·

288 1260 463 1309 draginta
483 1260 672 1308 equitibus
692 1259 889 1302 conlectis,
911 1272 1027 1308 quum
1046 1260 1085 1294 in
1104 1258 1309 1307 BIzissylos,
1340 1271 1407 1308 pa·-

287 1323 362 1360 lain
385 1324 467 1375 jam
489 1325 570 1373 quis
594 1331 693 1360 esset
721 1324 861 1368 ferens,
881 1325 1060 1367 venisset,
1082 1330 1232 1359 tantum
1260 1329 1407 1358 motum

288 1402 403 1437 quum
432 1389 563 1425 favore
592 1390 767 1439 pristino,
789 1396 869 1425 tum
896 1389 1034 1439 gaudio
1064 1389 1270 1439 insperato,
1291 1386 1406 1437 quod,

287 1465 400 1501 quem
419 1454 574 1503 periisse
591 1453 842 1496 crediderant,
858 1453 1087 1489 incolumem
1110 1451 1328 1493 cernebant,
1349 1451 1405 1487 fe-

287 1518 353 1559 cit,
375 1523 417 1553 ut
436 1518 536 1554 intra
555 1530 696 1568 paucos
717 1518 793 1553 dies
815 1530 881 1553 sex
910 1517 1029 1552 millia
1048 1516 1216 1566 peditum
1237 1521 1403 1552 armato-

286 1595 384 1624 rum,
409 1588 572 1631 quatuor
602 1583 786 1631 equitum,
817 1582 863 1618 ad
893 1594 978 1617 euin
1008 1581 1276 1616 convenirent:
1303 1578 1406 1629 jam-

285 1658 358 1695 que
386 1659 465 1682 non
496 1648 534 1682 in
564 1648 804 1696 possessione
837 1647 949 1682 modo
976 1647 1123 1695 paterni
1153 1646 1260 1693 regni
1291 1650 1403 1687 esset,

285 1709 350 1746 sed
370 1711 484 1747 etiam
507 1710 632 1746 socios
662 1710 1043 1759 Karthaginiensium
1073 1708 1234 1759 populos
1263 1708 1403 1744 Masae-

285 1775 526 1824 sylorumque
556 1775 647 1811 fines
682 1775 737 1822 (id
767 1776 949 1825 Syphacis
980 1787 1138 1823 regnum
1159 1774 1256 1821 erat)
1278 1781 1403 1810 vasta-

283 1845 364 1876 rct:
398 1840 496 1882 inde,
521 1841 669 1876 irritato
690 1841 738 1876 ad
762 1839 903 1876 bellum
934 1828 1118 1889 Syphace,
1139 1839 1239 1875 inter
1259 1838 1404 1875 Cirtam

284 1904 579 1954 Hipponemque
596 1905 634 1940 in
647 1903 752 1954 jugis
773 1910 1076 1954 opportunorum
1093 1905 1138 1940 ad
1153 1904 1281 1940 omnia
1294 1915 1402 1938 mon-

284 1970 379 2004 tium
399 1970 580 2005 consedit.

89 2026 221 2064 Sypha-³
340 2033 542 2069 XXXIII.
572 2032 764 2082 hiajorem
780 2033 896 2081 igitur
916 2046 997 2069 eam
1019 2045 1096 2068 rem
1115 2032 1265 2081 Syphax
1283 2037 1401 2074 ratus,

89 2070 260 2142 ἒὶξῖζξὲῖὶ-
286 2110 398 2146 quain
419 2104 458 2132 ut
480 2110 545 2147 per
561 2096 780 2146 praefectum
800 2103 943 2145 ageret,
962 2110 1045 2132 cum
1062 2094 1292 2144 filiojuvene
1315 2097 1402 2143 (no-

92 2155 202 2187 trudit.
286 2175 372 2198 men
394 2162 582 2197 Verminae
604 2162 700 2207 crat)
724 2168 831 2211 parte
862 2158 1047 2198 exercitus
1077 2161 1204 2202 missa,
1226 2161 1401 2209 imperat,

287 2233 340 2269 ut,
364 2226 621 2263 circuuuiucn)
641 2227 804 2274 agmine,
829 2226 868 2262 in
899 2238 937 2261 se
967 2226 1154 2260 intentum
1175 2224 1323 2260 hostem
1354 2222 1401 2259 ab

286 2298 400 2338 tergo
435 2292 599 2328 invadat.
657 2290 783 2326 Nocte
817 2290 1009 2340 profectis
1044 2289 1238 2332 Vermina,
1266 2288 1328 2339 qui
1361 2300 1407 2325 ex

285 2359 434 2396 occulto
470 2359 711 2407 adgressurus
744 2364 847 2393 erat:
892 2356 1045 2407 Syphax
1078 2362 1203 2392 autem
1238 2355 1401 2392 interdiu
