1523 2666
280 217 365 273 318
735 232 780 260 τ.
805 233 942 263 len

91 322 130 352 U.
144 322 181 353 Ο.
196 330 268 354 552.
282 320 531 365 Athamanes,
554 327 590 359 et
608 322 795 368 Dardani,
816 331 854 361 et
872 330 932 361 tot
957 325 1059 362 bella
1080 332 1236 377 repente
1255 327 1329 364 alia
1349 341 1395 366 ex

87 367 124 396 A‘
140 365 175 396 C‘
195 374 268 400 900‘
282 388 364 424 aliis
398 388 491 425 locis
527 396 671 426 exorta.
728 391 919 427 Adversus
951 391 1169 434 Dardanos,
1187 389 1270 441 jam
1299 393 1395 428 reci-

280 455 428 506 pientes
456 469 501 492 ex
531 455 761 493 Macedonia
784 470 880 501 sese,
901 458 1189 505 Athenagoram
1217 470 1301 494 cum
1331 470 1396 495 ex-

279 520 416 570 peditis
447 521 637 571 peditibus
668 536 711 559 ac
745 522 889 572 majore
915 529 1023 574 parte
1055 523 1244 572 equitatus
1277 524 1394 567 misit,

272 583 424 634 jussum
457 586 599 622 instare
630 586 677 622 ab
712 592 821 635 tergo
855 587 1097 630 abeuntibus,
1127 593 1177 630 et,
1206 588 1395 637 carpendo

278 655 514 700 postremum
538 664 690 699 agmen,
712 652 905 700 segniores
934 663 998 687 eos
1025 651 1071 687 ad
1097 651 1303 688 movendos
1327 651 1396 689 do-

276 726 342 750 mo
363 715 550 751 exercitus
574 716 732 753 efficere.
788 715 944 753 AEtolos
966 715 1212 752 Damocritus
1240 722 1395 766 praetor,

277 779 342 828 qui
372 792 488 816 morae
523 781 570 817 ad
597 781 875 818 decernendum
903 779 1046 817 bellum
1075 780 1121 816 ad
1149 779 1397 830 Naupactum

277 849 413 879 auctor
432 844 570 888 fuerat,
592 845 691 881 idem
718 845 894 895 proximo
915 843 1079 880 concilio
1103 843 1150 879 ad
1177 856 1283 880 arma
1302 856 1394 881 con-

277 907 441 945 civerat:
475 916 562 959 post
584 910 724 946 famam
745 909 928 958 equestris
949 908 995 944 ad
1016 907 1278 958 Octolophum
1296 921 1396 958 pug-

275 984 350 1014 nae,
371 971 716 1023 Dardanorumque
736 979 774 1009 et
795 972 965 1009 Pleurati
991 984 1076 1008 cum
1096 971 1235 1020 Illyriis
1254 972 1395 1008 transi·

276 1042 359 1074 tum
381 1037 421 1074 in
446 1037 732 1082 Macedoniam,
761 1039 807 1074 ad
832 1038 913 1074 haec
947 1036 1075 1073 classis
1110 1035 1298 1073 Romanae
1326 1036 1393 1074 ad·

274 1107 431 1138 ventum
457 1103 497 1138 in
518 1102 676 1146 Oreum,
698 1109 749 1146 et,
772 1115 885 1153 super
904 1101 1149 1138 circumfusas
1175 1107 1235 1138 tot
1260 1100 1395 1138 :Mace—

275 1165 400 1203 doniae
420 1173 567 1217 genteS‚
584 1169 814 1205 maritimam
831 1180 981 1218 quoque
998 1167 1205 1204 instantem
1221 1166 1393 1204 obsidio-

275 1242 377 1267 nem.

82 1300 183 1333 AEtoli
200 1307 231 1332 et
322 1294 443 1333 XLI.
474 1294 547 1333 Hae
568 1308 709 1333 caussae
735 1295 1004 1333 Damocritum
1023 1296 1254 1346 AEtolosque
1282 1296 1395 1332 resti-

80 1346 241 1419 ἓξὲἷᾝῗ·
277 1365 430 1397 tuerant
446 1360 653 1399 Romanis:
688 1367 739 1405 et,
760 1361 1009 1412 Amynandro
1029 1374 1118 1410 rege
1131 1361 1394 1397 Athamanum

81 1431 155 1462 lum
172 1433 252 1507 ilnltl’e-
277 1425 473 1477 adjuncto,
494 1428 657 1478 profecti
678 1427 895 1464 Cercinium
915 1427 1108 1464 obsedere.
1167 1424 1394 1462 clauserant

82 1482 159 1506 lunt
225 1487 250 1507 l-

79 1517 179 1560 lippo.
276 1498 421 1543 portas,
444 1494 631 1530 incertum
656 1494 706 1537 vi,
728 1506 777 1530 an
796 1492 1019 1529 voluntate:
1052 1491 1141 1541 quia
1159 1490 1304 1541 regium
1323 1490 1394 1526 ha-

274 1555 419 1594 bebant
438 1557 668 1608 praesidium.
726 1557 906 1594 Ceterum
925 1556 1024 1593 intra
1045 1568 1186 1607 paucos
1207 1554 1283 1591 dies
1304 1567 1394 1605 cap·

275 1627 358 1659 tum
396 1628 453 1658 est
486 1622 718 1665 Cercinium,
757 1628 870 1670 atque
907 1622 1124 1657 incensum:
1165 1619 1230 1668 qui
1262 1631 1393 1669 super-

275 1685 429 1722 fuerant
448 1699 468 1722 e
488 1699 627 1735 magna
642 1686 761 1729 clade,
780 1685 888 1721 liberi
909 1685 1094 1734 servique,
1113 1684 1213 1719 inter
1229 1688 1395 1719 ceteram

275 1750 443 1801 praedam
474 1749 639 1787 abducti.
698 1749 735 1785 Is
767 1750 882 1785 timor
912 1761 1058 1790 omnes,
1086 1748 1150 1797 qui
1184 1747 1393 1784 circumco-

275 1814 360 1851 lunt
375 1814 524 1852 Boeben
540 1814 730 1865 paludem,
747 1813 887 1850 relictis
910 1813 1079 1856 urbibus,
1098 1818 1247 1848 montes
1268 1812 1395 1861 coegit

276 1887 418 1932 petere.
475 1880 614 1924 AEtoli,
646 1881 777 1930 inopia
806 1879 941 1930 praedae
968 1879 1055 1915 inde
1082 1878 1216 1921 aversi,
1236 1878 1275 1914 in
1302 1877 1394 1913 Per-

275 1945 461 1983 rhaebiam
480 1946 533 1982 ire
554 1951 730 1995 pergunt.
788 1945 959 1994 Cyretias
988 1944 1041 1979 ibi
1067 1944 1102 1979 vi
1130 1943 1298 1994 capiunt,
1320 1941 1392 1978 foe-

277 2010 399 2060 deque
422 2011 630 2062 diripiunt:
665 2013 728 2061 qui
759 2011 959 2048 Malloeam
985 2010 1172 2052 incolunt,
1195 2009 1394 2045 voluntate

277 2076 318 2112 in
337 2076 567 2113 deditionem
595 2078 892 2125 societatemque
920 2075 1078 2126 accepti.
1134 2074 1195 2110 Ex
1221 2073 1393 2109 Perrhae-

275 2140 341 2178 bia
367 2142 567 2193 Gomphos
595 2142 747 2193 petendi
781 2141 1027 2191 Amynander
1056 2145 1190 2176 auctor
1219 2143 1323 2173 erat:
1355 2142 1395 2173 et

278 2207 440 2244 inminet
459 2208 692 2244 Athamania
717 2208 806 2244 huic
835 2206 934 2249 urbi,
958 2205 1228 2251 videbaturque
1248 2214 1393 2252 expug-

82 2286 219 2318 Thessa-
275 2273 358 2308 nari
390 2273 471 2309 sine
497 2285 637 2322 magno
664 2272 870 2308 certamine
900 2282 1024 2320 posse.
1082 2266 1206 2304 AEtoli
1237 2277 1391 2315 campos

82 2330 161 2362 liam
181 2339 236 2369 ΡΟ*
275 2335 483 2373 Thessaliae
520 2338 669 2388 opimos
703 2337 750 2373 ad
781 2336 945 2388 praedam
979 2334 1143 2386 petiere:
1194 2336 1390 2381 sequente,

81 2373 247 2415 pulantur.
277 2412 507 2452 quamquam
528 2414 608 2439 non
637 2400 839 2454 probante,
866 2397 1129 2450 Amynandro,
1158 2409 1228 2434 nec
1255 2394 1391 2433 effusas
