1507 2656
317 172 471 201 LIBER
494 170 685 198 xxvln.
718 169 954 205 CAP.,xxl.
1110 167 1185 209 113

131 259 247 297 XXI.
276 260 444 296 Marcius
474 258 561 294 inde
591 259 629 294 in
658 257 854 299 barbaros,
876 257 905 292 si
927 256 988 305 qui
1018 255 1186 291 nondum
1203 263 1241 292 U.
1259 262 1293 291 C.
1310 266 1382 291 546,

78 323 278 372 perdomiti
308 330 428 365 erant,
468 322 536 357 sub
567 321 632 371 jus
671 321 928 368 ditionemque
965 319 1186 367 redigendos
1201 305 1382 389 ἓίἓζίοδ·

77 387 223 422 missus.
254 387 380 436 Scipio
400 385 695 433 Karthaginem,
717 384 763 419 ad
783 390 870 418 vota
889 382 1068 418 solvenda
1087 382 1187 423 Diis,
1202 368 1387 439 riuinxsspZ-c-

77 462 287 498 munusque
312 449 591 498 gladiatorium,
623 448 722 496 qnod
748 448 879 482 mortis
908 459 1039 482 caussa
1071 444 1358 516 pat1·ista9ulsufr1,

78 516 275 563 patruique
295 519 504 564 paraverat,
522 513 721 555 edendum,
743 512 865 548 rediit.
910 511 1187 547 Gladiatorium
1199 489 1263 518 emt
1300 494 1394 525 αμα

78 577 332 627 spectaculum
365 578 438 614 fuit
468 590 545 613 non
576 591 621 613 ex
654 590 699 612 eo
734 589 870 625 genere
902 577 1112 618 hominum,
1145 589 1189 612 ex

77 654 152 689 quo
188 641 334 677 lanistis
372 654 591 690 comparare
625 654 705 676 mos
740 648 810 683 est,
842 653 1047 682 servorum,
1082 641 1191 688 quive

76 705 245 741 venalem
276 706 497 754 sanguinem
528 705 682 740 habent.
741 704 966 740 Voluntaria
1001 705 1121 739 omnis
1154 711 1192 739 et

77 771 242 817 gratuita
263 782 377 819 opera
400 770 653 819 pugnantium
673 768 768 804 fuit:
801 781 888 803 nam
918 767 980 804 alii
1011 769 1113 803 missi
1143 767 1190 803 ab

75 833 213 881 regulis
235 841 322 870 sunt
342 834 387 869 ad
408 834 597 883 specimen
618 833 739 868 insitae
767 832 872 880 genti
893 832 1040 867 virtutis
1061 838 1190 867 osten-

76 896 260 932 dendum:
294 896 355 932 alii
377 898 448 946 ipsi
466 897 640 946 professi,
658 910 697 933 se
717 904 949 947 pugnaturos
969 898 1007 932 in
1029 898 1190 945 gratiam

77 961 202 996 ducis:
236 960 328 996 alios
351 962 542 997 aemulatio
563 969 599 997 et
621 968 827 1004 certamen,
857 968 897 996 ut
924 968 1189 1010 provocarent,

75 1026 344 1074 provocatique
365 1025 464 1061 haud
492 1025 716 1067 abnuerent,
737 1027 853 1060 traxit
872 1040 879 1060 :
912 1025 1077 1073 quidam,
1100 1038 1190 1074 quas

76 1088 317 1138 disceptando
339 1090 614 1124 controversias
632 1088 737 1124 finire
757 1089 1018 1136 nequiverant,
1037 1096 1102 1124 aut
1121 1102 1191 1124 no-

74 1151 236 1195 luerant,
258 1160 370 1202 pacto
391 1154 490 1188 inter
519 1166 571 1195 se,
593 1160 635 1189 ut
656 1154 841 1189 victorem
871 1165 928 1188 res
958 1160 1190 1201 sequeretur,

74 1215 174 1252 ferro
195 1216 449 1253 decreverunt.
508 1217 643 1265 Neque
663 1217 813 1252 obscuri
834 1218 979 1265 generis
1001 1217 1188 1259 homines,

75 1280 138 1315 sed
158 1279 247 1315 clari
269 1280 519 1329 illustresque,
542 1280 678 1316 Corbis
701 1288 738 1316 et
757 1280 882 1316 Orsua
901 1280 1088 1330 patrueles
1114 1279 1190 1316 fra-

74 1353 165 1390 tres,
186 1348 231 1382 de
260 1348 472 1397 principatu
502 1348 680 1391 civitatis,
708 1361 820 1396 quam
851 1348 956 1383 Ibem
987 1347 1189 1391 vocabant,

76 1411 326 1460 ambigentes,
346 1412 445 1447 ferro
467 1424 505 1447 se
526 1420 735 1447 certaturos
756 1412 914 1461 professi
937 1418 1036 1449 sunt.
1095 1413 1190 1448 Cor-

73 1475 130 1511 bis
151 1474 273 1524 major
292 1481 372 1510 erat
393 1481 516 1512 aetate.
573 1475 706 1511 Orsuae
727 1482 834 1525 pater
863 1477 1036 1525 princeps
1060 1476 1189 1525 proxi-

74 1551 135 1575 me
151 1538 289 1581 fuerat,
311 1552 331 1574 a
351 1538 467 1575 fratre
488 1539 632 1589 majore
653 1548 740 1589 post
760 1547 920 1575 mortem
942 1539 1021 1589 ejus
1048 1541 1188 1590 princi-

74 1609 166 1653 patu
194 1611 363 1653 accepto.
419 1604 549 1643 Quum
577 1604 700 1639 verbis
721 1604 930 1653 disceptare
961 1605 1088 1654 Scipio
1112 1604 1187 1640 vel-

74 1667 139 1709 let,
164 1680 206 1703 ac
227 1668 355 1703 sedare
385 1668 481 1714 iras3
514 1675 695 1716 negatum
727 1669 763 1703 id
792 1668 904 1704 ambo
937 1668 1060 1704 (licere
1086 1682 1190 1704 com·

76 1730 251 1766 munibus
279 1732 465 1779 cognatis,
495 1744 564 1766 nec
591 1731 707 1767 alium
737 1731 907 1767 Deorum
934 1731 1190 1773 hominumve,

76 1806 186 1843 quam
207 1794 388 1837 Martem,
409 1807 448 1830 se
471 1794 639 1844 judicem
666 1795 864 1830 habituros
886 1807 977 1831 esse..
1035 1795 1192 1830 Robore

77 1858 211 1909 major,
233 1860 357 1895 minor
385 1859 477 1896 flore
508 1861 628 1896 aetatis
660 1859 782 1901 ferox,
814 1866 973 1895 mortem
1004 1860 1040 1895 iu
1072 1867 1193 1896 certa-

74 1924 189 1966 mine,
225 1937 336 1972 quam
365 1930 405 1960 ut
439 1924 534 1960 alter
561 1910 720 1960 'alterius
755 1924 912 1972 imperio
944 1922 1196 1973 subjiceretur

74 1994 342 2037 praeoptantes,
364 2001 477 2036 quum
498 1988 620 2023 dirimi
651 1988 699 2024 ab
721 1994 827 2023 tanta
845 1987 948 2023 rabie
978 1989 1192 2036 nequirent,

74 2052 222 2100 insigne
254 2052 511 2101 spectaculum
543 2053 724 2088 exercitui
759 2052 951 2101 praebuere
988 2052 1191 2087 documen-

75 2124 244 2164 tumque,
282 2123 465 2164 quantum
504 2117 688 2165 cupiditas
727 2116 874 2165 imperii
917 2114 1056 2150 malum
1094 2116 1194 2149 inter

75 2177 250 2213 mortales
272 2186 381 2214 esset.
438 2178 568 2228 BIajor
588 2192 656 2214 usu
686 2191 878 2221 armorum
905 2186 941 2212 et
969 2184 1052 2212 astu
1080 2176 1191 2212 facile

79 2241 233 2278 stolidas
253 2243 348 2279 vires
370 2244 525 2279 minoris
546 2243 749 2294 superavit.
809 2242 909 2278 Huic
940 2241 1193 2290 gladiatorum
