1523 2666
86 265 126 293 5³

140 265 176 337 5²7³

196 316 212 338 §0
195 272 210 295 ’.Π

220 318 230 340 α,
218 290 221 294 ”

285 162 365 211 246
729 176 774 204 Ἰ.
809 177 939 205 L1v11

263 268 321 297 .et
357 262 416 298 Ti.
439 262 632 307 Claudius,
669 273 801 301 senatu
832 266 870 301 iu
905 264 1138 315 Capitolium
1173 271 1323 309 rocam,
1349 266 1394 302 de

239 316 485 376 ²³‘provinciis
525 328 745 366 rennuunt.
814 330 965 365 Italiam
1003 336 1117 378 atque
1149 330 1318 366 Africam
1354 331 1394 366 in

283 398 424 427 sortem
447 394 599 442 conjici,
630 395 799 430 Africam
827 395 939 431 ambo
962 395 1172 444 cupientes,
1193 394 1392 431 volebant:

283 464 463 500 ceterum,
491 459 538 497 Q.
559 458 718 494 Metello
740 460 902 495 maxime
921 461 1129 502 adnitente,
1151 472 1273 508 neque
1292 460 1394 502 data,

282 533 404 569 neque
422 530 562 570 negata
583 533 638 558 est
653 522 795 559 Africa.
855 522 1149 573 Cousulesjussi
1171 536 1254 559 cum
1272 522 1394 559 tribu-

282 586 341 620 nis
361 586 480 635 plebis
503 599 628 634 agere.
652 593 706 628 ut,
729 587 758 622 si
788 588 831 622 iis
856 587 1057 631 videretur,
1084 587 1265 638 populum
1287 600 1399 636 roga-

281 657 380 692 rent,
403 663 511 698 quem
533 650 646 687 vellet
676 652 715 686 in
742 652 871 688 Africa
892 652 1032 688 bellum
1056 665 1197 701 gerere.
1254 653 1397 688 Omnes

281 714 403 750 tribus
425 715 467 751 P.
486 716 701 765 Scipionem
713 715 922 767 jusserunt.
980 716 1240 752 Nihilominus
1262 728 1400 752 consu-

282 778 335 814 les
366 781 599 829 provinciam
629 781 799 817 Africam
835 783 904 829 (ita
931 783 1030 818 enim
1052 788 1204 816 senatus
1225 781 1401 817 decreve-

282 846 359 892 rat)
400 847 437 881 in
477 854 620 882 sortem
659 846 916 896 conjecerunt.
991 846 1051 882 Ti.
1074 845 1234 881 Claudio
1268 844 1401 881 Africa

284 910 423 953 evenit,
463 918 504 945 ut
539 911 817 959 quinquaginta
855 911 1008 946 navium
1055 909 1226 952 classem,
1268 921 1400 945 omnes

286 975 589 1024 quinqueremes,
616 977 655 1012 in
680 976 851 1013 Africam
869 976 1076 1028 trajiceret,
1105 976 1261 1026 parique
1281 977 1402 1026 impe-

286 1040 344 1075 rio
382 1051 467 1075 cum
501 1039 676 1089 Scipione
711 1041 917 1092 imperator
950 1047 1060 1077 esset.
1129 1040 1186 1076 M.
1219 1039 1399 1076 Servilius

286 1103 481 1139 Etruriam
501 1105 656 1140 sortitus
673 1120 679 1141 :
704 1106 743 1141 in
762 1106 891 1142 eadem
910 1106 1105 1156 provincia
1125 1112 1163 1141 et
1184 1105 1226 1141 C.
1241 1104 1401 1141 Servilio

284 1175 535 1218 prorogatum
562 1171 775 1220 imperium,
803 1172 833 1207 si
861 1171 1055 1207 consulem
1083 1183 1236 1206 manere
1263 1170 1310 1206 ad
1339 1182 1403 1206 ur-

287 1233 374 1270 bem
395 1236 543 1270 senatui
564 1235 779 1285 placuisset.
837 1237 1040 1279 Praetores,
1059 1235 1117 1272 M.
1139 1236 1288 1272 Sextius
1311 1234 1405 1271 Gal-

288 1297 379 1334 liam
412 1305 469 1334 est
499 1301 669 1344 sortitus,
701 1308 741 1337 ut
771 1301 862 1337 duas
895 1301 1064 1351 legiones
1094 1301 1405 1351 provinciamque

286 1363 454 1400 traderet
474 1365 506 1400 ei
529 1365 572 1402 P.
589 1365 822 1405 Quinctilius
838 1366 961 1403 Varus
972 1383 982 1412 3
1017 1367 1060 1404 C.
1076 1366 1208 1402 Livius
1227 1365 1405 1401 Bruttios

288 1439 374 1464 cum
400 1428 545 1465 duabus
572 1429 803 1479 legionibus,
825 1431 960 1480 quibus
988 1431 1032 1468 P.
1051 1430 1295 1482 Sempronius
1316 1442 1406 1480 pro-

286 1495 420 1532 consul
441 1496 567 1545 priore
588 1509 689 1532 anno
711 1496 938 1547 praefuerat3
973 1496 1045 1535 Cn.
1064 1493 1288 1532 Tremellius
1311 1494 1406 1530 Sici-

287 1560 390 1603 liam,
415 1568 456 1596 nt
485 1561 531 1597 ab
563 1561 605 1597 P.
628 1561 745 1597 Villio
761 1561 940 1612 Tappulo
966 1567 1132 1612 praetore
1156 1560 1292 1610 prioris
1314 1559 1405 1595 anni

288 1625 525 1675 provinciam
548 1632 586 1662 et
612 1626 703 1662 duas
724 1625 896 1675 legiones
918 1627 1129 1676 acciperet3
1161 1624 1298 1660 Villius
1318 1636 1408 1674 pro-

288 1697 430 1741 praetor
449 1691 584 1739 viginti
612 1691 770 1728 navibus
792 1691 932 1740 longiS,
954 1690 1138 1727 militibus
1159 1688 1276 1732 mille,
1297 1701 1404 1725 oram

291 1755 428 1792 Siciliae
448 1762 659 1792 tutaretur:
693 1756 780 1792 inde
808 1755 865 1792 M.
887 1755 1122 1805 Pomponius
1143 1753 1279 1802 viginti
1298 1752 1406 1788 navi·

288 1819 359 1856 bus
380 1820 532 1869 reliquis
553 1820 654 1857 mille
681 1827 717 1856 et
739 1821 968 1869 quingentos
993 1819 1131 1855 milites
1155 1817 1321 1853 Romam
1341 1816 1406 1852 de·-

290 1891 471 1934 portaret.
529 1886 574 1921 C.
594 1885 751 1921 Aurelio
769 1885 894 1921 Cottae
915 1884 1060 1919 urbana
1077 1884 1221 1919 evenit:
1255 1881 1404 1924 ceteris,

288 1950 343 1986 ita
370 1950 423 1984 uti
450 1950 607 1998 quisque
638 1949 866 1985 obtinebant
889 1948 1104 1998 provincias
1126 1946 1404 1993 exercitusque,

286 2020 493 2064 prorogata
513 2014 683 2064 imperia.
741 2013 940 2049 Sexdeeim
956 2024 1034 2048 non
1053 2010 1212 2061 amplius
1234 2022 1279 2046 eo
1300 2022 1402 2045 anno

286 2077 502 2127 legionibus
529 2077 724 2114 defensum
750 2078 949 2127 imperium
971 2082 1041 2112 est.
1096 2075 1149 2111 Et
1177 2080 1220 2110 ut
1245 2073 1405 2124 placatis

288 2142 374 2179 Diis
395 2144 524 2180 omnia
551 2144 762 2193 inciperent
788 2147 1034 2191 agerentque,
1060 2139 1185 2182 ludos,
1209 2150 1319 2188 quos,
1345 2136 1406 2173 M.

289 2207 449 2244 Claudio
468 2206 669 2249 Marcello,
688 2206 734 2242 T.
758 2206 945 2243 Quinctio
966 2203 1199 2246 consulibus,
1219 2201 1266 2239 Τ.
1285 2201 1404 2238 Man-

286 2272 356 2308 lius
374 2273 550 2315 dictator,
568 2285 735 2321 quasque
754 2272 899 2307 hostias
921 2269 1083 2320 majores
1099 2274 1268 2309 voverat,
1286 2266 1316 2302 si
1332 2278 1402 2316 per

286 2337 586 2387 quinquennium
608 2336 701 2373 illud
730 2335 942 2387 respublica
968 2334 1100 2371 eodem
1128 2338 1230 2368 statu
1248 2330 1398 2373 fuisset,
