1507 2656
304 202 461 232 LmER
483 199 662 230 xxx1v.
694 199 802 229 cAP.
825 200 969 230 xx1x.
1108 191 1190 244 465

73 291 168 329 Erat
201 305 246 328 eo
283 298 454 341 tempore
486 289 609 326 valida
642 287 745 331 urbs,
781 294 820 325 et
853 288 1095 326 multitudine
1133 291 1186 326 ci·
1201 299 1289 331 αα,
1309 307 1381 335 557,

72 355 172 391 vium
209 355 506 402 incolarumque,
537 358 575 388 et
604 351 708 388 omni
738 350 876 387 bellico
914 352 1096 402 adparatu
1125 354 1183 389 in-
1195 345 1234 374 A·
1246 344 1374 403 C.'195.

72 425 227 455 structa.
284 419 330 454 ln
361 424 532 467 tempore
565 417 765 458 Quinctio,
795 428 874 451 rem
903 416 1005 452 haud
1034 416 1182 453 facilem
1196 397 1364 478 {323¹ssss

72 482 319 531 adgredienti,
341 495 407 518 rex
426 481 615 518 Eumenes
637 486 675 516 et
693 479 822 517 classis
851 479 1093 517 Rhodiorum
1121 492 1183 517 su·
1198 482 1363 513 Romanis.

70 553 344 595 pervenerunt:
378 546 510 594 ingens
539 543 741 581 multitudo
769 544 959 581 navalium
978 546 1183 589 sociorum,

69 620 89 644 e
109 608 228 644 tribus
250 615 447 645 contracta
474 608 670 651 classibus,
692 609 792 644 intra
821 621 962 658 paucos
993 609 1071 645 dies
1101 622 1183 646 om-

66 672 145 715 nia,
186 685 268 720 quae
301 672 347 708 ad
380 671 708 722 obpugnationem
742 672 843 708 urbis
877 679 978 708 terra
1015 673 1184 722 marique

66 737 221 772 munitae
242 736 413 772 facienda
433 749 547 786 opera
567 743 690 779 erant,
712 736 847 773 effecit.
904 736 991 773 Jam
1021 737 1182 772 testudi-

67 799 178 835 nibus
215 800 376 836 admotis
410 812 538 835 murus
573 799 852 836 subruebatur:
883 798 967 849 jam
999 799 1180 836 arietibus

67 862 320 910 quatiebatur.
377 863 512 912 Itaque
543 876 617 899 una
647 863 787 899 crebris
818 863 955 900 ictibus
976 876 1105 900 eversa
1124 869 1181 899 est

65 927 193 968 turris,
216 926 391 975 quodque
411 927 510 962 circa
538 927 635 962 muri
665 932 758 970 erat,
780 940 870 963 casu
899 926 979 977 ejus
1010 933 1179 976 prostra-

63 997 144 1025 tum
162 1005 168 1026 :
199 997 237 1026 et
256 991 421 1027 Romani
443 990 554 1026 simul
575 1004 596 1027 a
616 997 743 1041 portu,
767 991 866 1027 unde
885 991 1007 1027 aditus
1028 989 1180 1041 planior

61 1060 156 1096 erat,
179 1059 219 1089 ut
238 1054 494 1090 distenderent
513 1054 560 1089 ab
585 1055 774 1103 apertiore
794 1054 880 1090 loco
901 1054 1044 1097 hostes,
1066 1053 1178 1090 simul

61 1130 129 1168 per
160 1118 391 1168 patefactum
424 1119 533 1154 ruina
567 1119 639 1153 iter
675 1119 890 1167 inrumpere
925 1117 1176 1155 conabantur.

63 1181 146 1217 Nec
167 1182 327 1218 multum
347 1182 483 1225 abfuit,
503 1183 607 1231 quin,
630 1195 702 1231 qua
722 1182 978 1224 intenderant,
1000 1188 1175 1231 penetra-

60 1252 170 1281 rent:
203 1246 266 1281 sed
297 1246 459 1281 tardavit
488 1246 657 1295 inpetum
683 1258 812 1281 eorum
833 1257 915 1295 spes
938 1244 1090 1295 objecta
1108 1245 1173 1282 de-

60 1309 189 1345 dendae
210 1309 326 1352 urbis,
347 1322 436 1345 mox
456 1309 590 1345 deinde
611 1310 740 1345 eadem
768 1309 931 1345 turbata.
988 1309 1170 1358 Dexago-

60 1373 159 1409 ridas
199 1380 236 1408 et·
276 1373 476 1422 Gorgopas
519 1374 600 1423 pari
641 1374 800 1424 imperio
843 1381 1029 1424 praeerant
1072 1374 1168 1412 urbi.

59 1436 321 1486 Dexagoridas
342 1437 494 1473 miserat
519 1438 565 1473 ad
595 1437 759 1486 legatum
789 1437 1022 1480 Romanum,
1050 1439 1166 1475 tradi-

57 1510 183 1536 turum
205 1513 243 1536 se
271 1500 422 1536 urbem:
457 1508 493 1536 et
513 1514 627 1549 quum
658 1502 703 1538 ad
731 1515 814 1538 eam
844 1515 921 1538 rem
951 1509 1098 1551 tempus
1128 1508 1167 1538 et

57 1565 155 1600 ratio
184 1564 436 1606 convenisset,
457 1576 479 1599 a
502 1563 686 1614 Gorgopa
714 1565 886 1615 proditor
915 1565 1163 1602 interficitur:

56 1628 313 1676 intentiusque
331 1626 376 1662 ab
396 1640 470 1662 uno
493 1627 579 1663 urbs
601 1627 891 1672 defendebatur3
923 1636 960 1664 et
979 1628 1167 1665 difficilior

53 1693 156 1729 facta
178 1691 414 1740 obpugnatio
439 1697 531 1734 erat,
554 1692 591 1727 ui
611 1692 655 1728 T.
673 1693 875 1732 Quinc-iius
897 1706 980 1729 cum
1002 1699 1166 1741 quatuor

53 1755 217 1791 millibus
238 1754 467 1791 delectorum
489 1755 648 1791 militum
671 1758 959 1806 supervenisset.
990 1756 1027 1792 Is
1048 1769 1163 1805 quum

54 1818 253 1869 supercilio
283 1818 381 1854 haud
411 1819 542 1868 procul
572 1820 744 1855 distantis
769 1820 903 1855 tumuli
923 1820 970 1856 ab
992 1820 1083 1856 urbe
1103 1821 1162 1856 in·

52 1890 234 1919 structam
267 1882 386 1918 aciem
415 1883 655 1926 ostendisset,
688 1890 726 1919 et
756 1896 799 1919 ex
831 1884 949 1920 altera
977 1891 1084 1933 parte
1113 1884 1160 1922 L.

50 1948 252 1987 Quinctius
274 1946 320 1982 ab
341 1947 516 1996 operibus
541 1949 615 1983 suis
648 1955 746 1984 terra
775 1949 944 1997 marique
974 1949 1156 1994 instaret5

50 2018 131 2047 tum
162 2023 250 2046 vero
282 2011 494 2060 desperatio
525 2011 745 2061 Gorgopam
778 2025 928 2061 quoque
962 2013 1088 2060 coegit
1121 2013 1158 2049 id

49 2075 211 2116 consilii,
233 2075 334 2124 quod
358 2076 394 2110 iu
425 2075 543 2111 altero
563 2082 685 2113 morte
707 2077 973 2118 vindicaverat,
995 2089 1128 2126 capere
1146 2094 1153 2114 :

48 2147 86 2176 ct
115 2147 261 2190 pactus,
294 2146 333 2174 ut
362 2139 547 2175 abducere
576 2140 663 2176 inde
692 2140 844 2182 milites,
869 2152 962 2188 quos
993 2140 1156 2189 praesidii

46 2218 179 2242 caussa
215 2204 395 2248 habebat,
429 2204 572 2248 liceret,
603 2206 757 2242 tradidit
787 2206 974 2242 Quinctio
1010 2203 1154 2243 urbem,

45 2269 269 2317 Priusquam
303 2268 488 2317 Gythium
520 2269 744 2312 traderetur,
775 2269 1027 2319 Pythagoras,
1057 2280 1152 2317 prae·

44 2332 165 2369 fectus
185 2331 297 2380 Argis
326 2331 493 2377 relictus,
520 2333 659 2369 tradita
687 2332 859 2370 custodia
888 2331 989 2370 urbis
1019 2330 1151 2368 Timo-

551 2397 631 2434 X5
