1523 2666
143 256 186 286 U.
197 256 233 285 C.
247 261 320 287 546.

141 299 181 329 A.
192 299 229 329 C.
241 303 316 331 206.

142 440 286 471 Marcius

142 483 295 522 Astapam

142 526 320 566 obpugnat.

143 1598 300 1637 Astapen·

143 1642 228 1671 sium
245 1642 295 1671 fu-

143 1693 204 1715 ror.

339 164 420 203 114
792 165 837 193 T.
861 166 995 195 L1V11

337 253 553 301 spectaculo
572 253 648 290 ludi
667 253 844 291 funebres
865 256 982 292 additi
1001 270 1070 307 pro
1091 258 1214 307 copia,
1235 265 1273 294 et
1296 260 1449 309 provin-

338 317 422 353 ciali
444 324 482 352 et
501 319 682 354 castrensi
702 319 895 368 adparatu.

392 380 530 417 XXII.
561 381 637 417 Res
659 382 806 417 interim
837 382 1082 419 nihilominus
1113 384 1160 420 ab
1180 384 1313 433 legatis
1343 397 1450 433 gere-

337 443 488 482 bantur.
545 445 728 490 Marcius,
759 456 936 495 superato
969 448 1076 483 Baete
1109 449 1225 491 amni,
1253 461 1364 497 quem
1392 450 1451 485 in-

338 509 430 545 colae
452 510 593 545 Certim
616 510 820 559 adpellant,
842 511 932 546 duas
953 511 1151 560 opulentas
1173 513 1344 548 civitates
1371 513 1452 548 sine

337 575 542 610 cenainine
564 575 601 609 in
622 575 850 610 deditionem
871 577 1019 624 accipit.
1076 578 1221 627 Astapa
1247 577 1334 613 urbs
1355 585 1450 621 erat,

336 638 719 687 Karthaginiensium
739 652 886 688 semper
904 641 1020 689 partis
1037 655 1044 676 z
1077 653 1198 689 neque
1218 641 1256 676 id
1271 648 1349 676 tam
1369 641 1453 689 dig-

334 714 427 738 num
458 703 511 738 ira
541 709 634 744 erat,
656 715 766 750 quam
798 702 914 750 quod,
942 711 1050 739 extra
1078 705 1321 739 necessitates
1347 703 1451 748 belli,

336 766 567 817 praecipuum
596 767 633 800 in
666 765 859 801 Romanos
892 766 1074 813 gerebant
1104 766 1255 802 odium:
1288 779 1358 802 nec
1390 779 1453 802 ur-

336 829 425 865 bem
444 836 509 865 ant
539 830 613 864 situ
641 836 706 864 ant
735 829 972 864 munimento
992 835 1114 864 tutam
1142 829 1349 873 habebant,
1370 843 1452 878 quae

337 892 542 929 ferociores
578 893 621 927 iis
656 892 801 927 animos
831 891 995 928 faceret:
1029 893 1093 928 sed
1126 893 1279 941 ingenia
1307 892 1454 930 incola-

337 969 421 993 rum
451 956 653 992 latrocinio
684 956 783 998 laeta,
818 963 860 991 ut
897 957 1137 992 excursiones
1175 958 1214 992 in
1251 957 1454 993 finitimum

339 1033 471 1069 agrum
502 1021 690 1056 sociorum
721 1020 851 1069 populi
884 1019 1052 1055 Romani
1086 1020 1268 1063 facerent,
1307 1020 1454 1070 inpule-

338 1092 438 1127 rant,
460 1092 497 1120 et
517 1097 632 1132 vagos
663 1084 800 1120 milites
831 1083 1029 1120 Romanos
1053 1083 1223 1133 lixasque
1244 1091 1282 1120 et
1310 1097 1454 1121 merca-

338 1154 439 1184 tores
471 1148 710 1197 exciperent:
744 1159 924 1195 magnum
955 1148 1068 1183 etiam
1102 1149 1339 1191 comitatum,
1368 1148 1457 1197 quia

337 1213 467 1263 paucis
498 1225 630 1262 parum
659 1218 783 1248 tutum
810 1212 948 1255 fuerat,
980 1212 1319 1260 transgredientem
1347 1212 1454 1257 fines,

336 1277 470 1327 positis
491 1276 636 1311 insidiis
657 1276 969 1318 circumventum,
998 1276 1130 1324 iniquo
1150 1276 1235 1311 loco
1255 1276 1457 1312 interfece-

337 1347 438 1376 runt.
485 1341 547 1376 Ad
561 1340 661 1376 hanc
682 1339 811 1375 urbem
833 1339 1129 1389 obpugnandam
1150 1353 1264 1388 quum
1284 1340 1457 1376 admotus

339 1404 526 1440 exercitus
557 1412 669 1446 esset,
691 1404 871 1454 oppidani
891 1405 1125 1440 conscientia
1154 1403 1350 1447 scelerum,
1371 1405 1460 1453 quia

338 1480 409 1504 nec
429 1468 572 1504 deditio
592 1475 675 1504 tuta
695 1469 739 1504 ad
760 1477 837 1504 tam
857 1467 1014 1503 infestos
1045 1468 1253 1509 videbatur,
1274 1481 1344 1504 nec
1374 1481 1457 1518 spes

339 1533 528 1568 moenibus
560 1541 626 1569 aut
655 1534 766 1568 armis
789 1533 937 1568 tuendae
967 1532 1097 1568 salutis
1129 1540 1221 1575 erat,
1243 1532 1389 1568 facinus
1419 1534 1458 1570 in

340 1607 379 1632 se
399 1609 442 1632 ac
463 1609 549 1631 suos
570 1595 713 1632 foedum
735 1609 777 1632 ac
797 1596 919 1631 ferum
939 1597 1192 1632 consciscunt.
1249 1595 1397 1632 Locum
1418 1597 1458 1633 in

338 1660 425 1697 foro
445 1660 651 1703 destinant,
669 1674 743 1709 quo
764 1661 1036 1709 pretiosissima
1055 1673 1178 1696 rerum
1198 1673 1348 1696 suarum
1367 1673 1458 1697 con-

339 1732 537 1773 gererent:
571 1737 682 1774 super
713 1737 797 1760 eum
824 1724 1014 1759 cumulum
1043 1723 1224 1773 conjuges
1249 1737 1293 1760 ac
1319 1723 1458 1761 liberos

338 1788 534 1824 considere
566 1802 680 1837 quum
712 1788 932 1838 jussissent,
971 1788 1075 1836 ligna
1112 1790 1212 1824 circa
1244 1795 1457 1833 exstruunt,

337 1851 534 1900 fascesque
551 1852 800 1900 virgultorum
821 1852 1043 1902 conjiciunt.
1084 1853 1375 1901 Quinquaginta
1393 1853 1457 1889 de-

338 1916 425 1951 inde
445 1917 598 1951 armatis
612 1915 817 1965 juvenibus
838 1917 1076 1965 praecipiunt,
1099 1922 1151 1958 ut,
1174 1918 1285 1952 donec
1305 1919 1459 1953 incertus

339 1984 482 2015 eventus
508 1991 637 2027 pugnae
669 1985 769 2022 esset,
804 1982 1010 2028 prce-sidium
1042 1992 1081 2015 eo
1120 1981 1196 2015 loco
1218 1979 1460 2027 fortunarum

338 2056 486 2080 marum
506 2057 775 2092 corporumque,
797 2058 873 2092 quse
892 2047 1034 2081 cariora
1051 2044 1218 2093 fortunis
1241 2050 1366 2087 essent,
1385 2058 1457 2082 ser-

340 2113 474 2143 varent.
532 2108 575 2144 St
595 2121 667 2144 rem
688 2110 898 2144 inclinatam
925 2110 1100 2150 viderent,
1121 2114 1230 2156 atque
1257 2111 1294 2144 in
1319 2122 1359 2145 eo
1378 2108 1461 2155 jam

340 2184 424 2214 esse,
447 2177 487 2208 ut
512 2173 593 2208 urbs
612 2178 823 2221 caperetur,-
851 2175 981 2210 scirent
1010 2186 1140 2215 omnes,
1163 2185 1247 2221 quos
1275 2178 1395 2210 euntes
1422 2175 1459 2210 in

337 2237 505 2285 proelium
543 2242 736 2281 cernerent,
774 2243 923 2274 'mortem
957 2240 992 2274 'm
1026 2240 1108 2288 ipsas
1134 2250 1259 2286 pugna
1292 2238 1457 2275 obituros.
