1507 2656
370 212 525 241 LIBER
547 210 717 240 xxxn.
765 211 873 240 (ΕΑΓ.
893 213 941 242 V·
1124 211 1207 259 335

93 314 163 340 nec
182 302 254 346 die,
274 313 343 338 nec
362 306 475 337 nocte
495 299 607 336 finem
638 298 755 336 ullum
784 301 1018 350 erumpendi,
1039 315 1140 340 uunc
1169 305 1208 340 in
1222 307 1263 337 U.
1280 306 1316 337 C.
1331 313 1405 338 553β

96 367 293 409 stationes,
315 377 415 402 nunc
435 365 473 400 in
492 376 606 414 opera
626 363 898 407 Macedonum,
919 365 1111 403 faciebant
1131 384 1138 404 ι
1171 374 1210 405 et
1222 351 1261 380 A‘
1277 349 1311 379 C'
1332 357 1402 382 ¹⁹9’

98 430 301 480 adjuvabat
320 441 384 465 eos
403 433 541 464 natura
569 428 651 477 ipsa
676 427 776 464 loci:
808 441 971 477 namque
999 429 1211 468 Thaumaci

63 514 68 516 ·
95 508 119 532 a
137 494 238 545 Pylis
259 495 417 541 sinuque
435 491 604 528 Maliaco
623 505 690 542 per
707 491 881 528 Lamiam
902 494 1007 530 eunti
1026 494 1112 531 loco
1133 495 1211 533 alto

95 560 157 596 siti
170 565 271 601 sunt,
283 558 371 607 ipsis
385 556 556 593 faucibus
572 557 812 600 inminentes,
824 571 915 607 quas
929 559 1038 595 Coela
1050 567 1208 597 vocant:

0 627 4 634 '
31 632 32 682 j
67 622 376 672 *Thessaliaeque
395 622 607 658 transeunti
633 622 860 672 confragosa
888 623 974 660 loca
991 624 1211 674 inplicatas-

62 708 67 711 ·
95 700 168 738 que
182 686 342 724 flexibus
358 687 509 723 vallium
530 688 624 730 vias,
642 686 705 723 ubi
726 694 879 724 ventum
897 689 942 725 ad
962 689 1060 725 hanc
1080 689 1211 726 urbem

97 759 168 795 est,
189 758 356 802 repente,
378 751 480 787 velut
499 752 611 787 maris
633 752 742 794 vasti,
764 752 1008 788 sic-inmensa
1034 754 1213 802 panditur

65 829 78 848 ·:
95 817 288 868 planities,
305 816 347 853 ut
364 815 556 866 subjectos
578 829 730 866 campos
750 817 952 853 terminare
972 817 1091 854 oculis
1111 819 1213 856 haud

88 880 206 918 *facile
235 893 361 929 queas,
418 879 478 916 Ab
500 893 545 917 eo
566 880 749 916 miraculo
768 880 979 917 Thaumaci
1005 881 1208 932 adpellati:

96 957 167 982 'nec
187 944 387 981 altitudine
407 945 530 981 solum
550 952 634 982 tuta
654 945 755 988 urbs,
774 945 837 982 sed
857 946 970 995 quod,
990 958 1083 983 saxo
1102 947 1213 983 undi-

93 1022 170 1060 que
188 1009 351 1051 absciso,
372 1009 528 1059 rupibus
550 1011 717 1059 inposita
736 1018 804 1046 est.
861 1010 934 1046 Hae
958 1011 1211 1055 difficultates,

97 1080 136 1111 et
155 1073 256 1123 quod
275 1073 375 1109 haud
394 1074 484 1109 satis
508 1074 664 1122 dignum
683 1075 781 1109 tanti
811 1074 951 1109 laboris
981 1075 1214 1124 periculique

95 1139 262 1189 pretium
279 1144 373 1181 erat,
391 1144 434 1174 ut
452 1138 654 1174 absisteret
673 1138 825 1187 incepto
846 1138 1058 1188 Philippus,
1080 1139 1215 1175 effece-

66 1227 69 1229 ψ
87 1209 184 1240 'runt
203 1215 211 1237 ε
242 1203 362 1239 hiems
383 1215 533 1251 quoque
556 1201 639 1252 jam
661 1202 845 1246 instabat,
867 1215 980 1251 quum
1011 1203 1097 1239 inde
1127 1204 1214 1240 abs-

99 1269 224 1311 cessit,
246 1274 285 1303 et
303 1268 341 1303 in
360 1267 628 1303 Macedoniam
648 1268 687 1302 in
707 1267 866 1303 hiberna
886 1269 1013 1317 copias
1034 1268 1195 1304 reduxit.

151 1332 198 1369 V.
229 1332 290 1368 Ibi
312 1333 427 1367 ceteri
453 1332 616 1380 quidem,
637 1332 726 1367 data
754 1338 1058 1381 quantacumque
1087 1334 1212 1382 quiete
1227 1338 1363 1379 Philippi

1227 1391 1312 1411 CUfae
1327 1390 1359 1413 et

100 1396 422 1447 temporis,³simul
441 1398 587 1433 animos
608 1409 842 1446 corporaque
862 1398 1095 1434 remiserant.
1123 1398 1214 1434 Phi·
1229 1426 1370 1456 anxietas

100 1461 245 1512 lippum
263 1467 446 1510 quantum
462 1461 507 1496 ab
529 1461 692 1496 adsiduis
712 1460 905 1496 laboribus
923 1462 1099 1498 itinerum
1120 1475 1215 1512 pug-

99 1537 308 1573 narumque
328 1525 520 1560 laxaverat
538 1537 672 1567 annus,
694 1532 802 1561 tanto
824 1527 942 1573 magis
969 1527 1158 1562 intentum
1177 1527 1217 1562 in

101 1590 317 1625 universum
336 1594 521 1624 >eventum
549 1588 638 1624 belli
667 1601 766 1624 curae
796 1596 955 1637 angunt,
980 1601 1058 1625 nou
1087 1590 1217 1625 hostes

101 1653 225 1688 mo'do
247 1653 458 1693 timentem,
486 1653 550 1700 qui
579 1659 680 1687 terra
709 1653 877 1700 marique
907 1653 1120 1701 urgebaut3
1154 1653 1218 1689 sed

28 1705 29 1721 ³
71 1734 75 1751 .·
102 1729 204 1752 nunc
224 1716 428 1759 sociorum,
448 1727 551 1751 nunc
576 1716 691 1751 etiam
719 1715 959 1764 popularium
989 1717 1150 1759 animos,
1171 1729 1218 1752 ne

28 1770 29 1775 Ἰ
68 1784 143 1816 -et
159 1779 214 1815 illi
233 1780 281 1815 ad
307 1792 412 1829 spem
445 1779 619 1815 amicitiae
649 1778 914 1814 Romanorum
943 1779 1160 1823 deficerent,
1182 1788 1220 1817 ct

103 1844 336 1881 Macedonas
357 1845 458 1894 ipsos
479 1843 616 1893 cupido
632 1843 798 1878 novandi
816 1856 873 1878 rcs
894 1851 1067 1893 caperet:
1092 1845 1219 1894 itaque

106 1915 144 1945 et
163 1909 202 1944 in
222 1909 407 1944 Achaiam
426 1908 570 1957 legatos
592 1908 708 1950 misit,
730 1907 841 1943 simul
863 1909 926 1956 qui
949 1908 1219 1958 jusjurandum

108 1972 180 2020 (ita
209 1973 308 2008 enim
337 1974 574 2022 pepigerant,
595 1973 798 2020 quotannis
821 1971 1018 2021 juraturos
1048 1974 1085 2008 in
1107 1974 1221 2009 verba

106 2036 291 2085 Philippi)
330 2038 549 2085 exigerent,
595 2036 707 2072 simul
743 2037 806 2084 qui
836 2037 1039 2072 redderent
1070 2038 1220 2074 Achaeis

107 2099 394 2142 Orchomenon,
432 2107 471 2136 et
506 2100 699 2141 Heraeam,
738 2106 777 2135 et
812 2099 1072 2149 Triphyliam5
1118 2101 1221 2136 Eleis

107 2163 342 2212 Alipheram,
371 2163 704 2205 contendentibus,
733 2176 939 2212 numquam
979 2176 1060 2199 eam
1092 2164 1221 2200 urbem

91 2226 222 2264 *fuisse
241 2239 287 2262 ex
306 2226 517 2276 Triphylia,
535 2227 600 2262 sed
616 2227 688 2262 sibi
708 2226 842 2262 debere
861 2228 1023 2269 restitui,
1040 2228 1129 2276 quia
1149 2241 1222 2263 una

110 2296 208 2327 esset
226 2303 274 2327 ex
292 2291 351 2333 iis,
365 2304 448 2340 quae
464 2291 510 2327 ad
530 2291 766 2327 condendam
784 2291 1061 2341 Megalopolim
1077 2299 1113 2328 et
1130 2304 1222 2328 con-

111 2353 198 2391 cilio
217 2354 409 2391 Arcadum
437 2355 665 2392 contributae
693 2355 831 2392 forent.
890 2355 941 2392 Et
968 2368 1053 2392 cum
1072 2357 1221 2392 Achaeie
