<?xml version="1.0" encoding="UTF-8"?>
<!DOCTYPE html PUBLIC "-//W3C//DTD XHTML 1.0 Transitional//EN"
    "http://www.w3.org/TR/xhtml1/DTD/xhtml1-transitional.dtd">
<html xmlns="http://www.w3.org/1999/xhtml" xml:lang="en" lang="en">
 <head>
  <title>
</title>
<meta http-equiv="Content-Type" content="text/html;charset=utf-8" />
  <meta name='ocr-system' content='tesseract 3.04.00' />
  <meta name='ocr-capabilities' content='ocr_page ocr_carea ocr_par ocr_line ocrx_word'/>
</head>
<body>
  <div class='ocr_page' id='page_1' title='image "./historiarumquaes03livyuoft/historiarumquaes03livyuoft_0281.png"; bbox 0 0 1507 2656; ppageno 0'>
   <div class='ocr_carea' id='block_1_1' title="bbox 322 177 1164 221">
    <p class='ocr_par' dir='ltr' id='par_1_1' title="bbox 322 177 1164 221">
     <span class='ocr_line' id='line_1_1' title="bbox 322 177 1164 221; baseline -0.008 -5"><span class='ocrx_word' id='word_1_1' title='bbox 322 185 476 216; x_wconf 86' lang='lat' dir='ltr'>LIBER</span> <span class='ocrx_word' id='word_1_2' title='bbox 497 183 618 212; x_wconf 81' lang='lat' dir='ltr'><strong>XXX·</strong></span> <span class='ocrx_word' id='word_1_3' title='bbox 652 181 758 211; x_wconf 81' lang='lat' dir='ltr'>CAP.</span> <span class='ocrx_word' id='word_1_4' title='bbox 779 181 896 210; x_wconf 80' lang='lat' dir='ltr'><strong>XLV.</strong></span> <span class='ocrx_word' id='word_1_5' title='bbox 1086 177 1164 221; x_wconf 87' lang='lat'><em>271</em></span> 
     </span>
    </p>
   </div>
   <div class='ocr_carea' id='block_1_2' title="bbox 56 272 1396 2377">
    <p class='ocr_par' dir='ltr' id='par_1_2' title="bbox 56 272 1367 519">
     <span class='ocr_line' id='line_1_2' title="bbox 56 272 1367 330; baseline -0.008 -11"><span class='ocrx_word' id='word_1_6' title='bbox 56 283 118 319; x_wconf 70' lang='lat' dir='ltr'><em>diu</em></span> <span class='ocrx_word' id='word_1_7' title='bbox 140 282 314 330; x_wconf 81' lang='lat' dir='ltr'><em>quiescere</em></span> <span class='ocrx_word' id='word_1_8' title='bbox 337 282 478 326; x_wconf 84' lang='lat' dir='ltr'><em>potest:</em></span> <span class='ocrx_word' id='word_1_9' title='bbox 507 277 538 312; x_wconf 76' lang='lat' dir='ltr'><em>si</em></span> <span class='ocrx_word' id='word_1_10' title='bbox 554 275 654 325; x_wconf 79' lang='lat' dir='ltr'><em>foris</em></span> <span class='ocrx_word' id='word_1_11' title='bbox 680 275 813 311; x_wconf 75' lang='lat' dir='ltr'><em>hostem</em></span> <span class='ocrx_word' id='word_1_12' title='bbox 842 285 912 310; x_wconf 84' lang='lat' dir='ltr'><em>non</em></span> <span class='ocrx_word' id='word_1_13' title='bbox 934 272 1052 315; x_wconf 78' lang='lat' dir='ltr'><em>habet,</em></span> <span class='ocrx_word' id='word_1_14' title='bbox 1074 272 1170 308; x_wconf 74' lang='lat' dir='ltr'><em>domi</em></span> <span class='ocrx_word' id='word_1_15' title='bbox 1183 278 1225 309; x_wconf 88' lang='lat' dir='ltr'><em>U.</em></span> <span class='ocrx_word' id='word_1_16' title='bbox 1242 277 1278 308; x_wconf 91' lang='lat' dir='ltr'><em>C.</em></span> <span class='ocrx_word' id='word_1_17' title='bbox 1293 282 1367 308; x_wconf 71' lang='lat'><em>3⁵1.</em></span> 
     </span>
     <span class='ocr_line' id='line_1_3' title="bbox 58 321 1366 392; baseline -0.01 -9"><span class='ocrx_word' id='word_1_18' title='bbox 58 347 190 382; x_wconf 76' lang='lat' dir='ltr'><em>invenit</em></span> <span class='ocrx_word' id='word_1_19' title='bbox 203 363 214 382; x_wconf 90' lang='lat'><em>.·</em></span> <span class='ocrx_word' id='word_1_20' title='bbox 243 349 283 381; x_wconf 84' lang='lat' dir='ltr'><em>ut</em></span> <span class='ocrx_word' id='word_1_21' title='bbox 307 342 508 392; x_wconf 69' lang='lat' dir='ltr'><em>prccvalida.</em></span> <span class='ocrx_word' id='word_1_22' title='bbox 527 352 677 388; x_wconf 84' lang='lat' dir='ltr'><em>corpora</em></span> <span class='ocrx_word' id='word_1_23' title='bbox 705 339 748 375; x_wconf 82' lang='lat' dir='ltr'><em>ab</em></span> <span class='ocrx_word' id='word_1_24' title='bbox 767 339 919 375; x_wconf 74' lang='lat' dir='ltr'><em>externis</em></span> <span class='ocrx_word' id='word_1_25' title='bbox 944 339 1074 373; x_wconf 75' lang='lat' dir='ltr'><em>caussis</em></span> <span class='ocrx_word' id='word_1_26' title='bbox 1093 340 1174 372; x_wconf 82' lang='lat' dir='ltr'><em>tuta</em></span> <span class='ocrx_word' id='word_1_27' title='bbox 1185 324 1224 353; x_wconf 75' lang='grc' dir='ltr'><em>Α·</em></span> <span class='ocrx_word' id='word_1_28' title='bbox 1241 321 1278 352; x_wconf 79' lang='lat' dir='ltr'><em>C·</em></span> <span class='ocrx_word' id='word_1_29' title='bbox 1292 328 1366 352; x_wconf 78' lang='lat'><strong>2⁰¹·</strong></span> 
     </span>
     <span class='ocr_line' id='line_1_4' title="bbox 57 402 1174 453; baseline -0.01 -7"><span class='ocrx_word' id='word_1_30' title='bbox 57 411 234 451; x_wconf 73' lang='lat' dir='ltr'><em>videntur,</em></span> <span class='ocrx_word' id='word_1_31' title='bbox 266 409 328 444; x_wconf 81' lang='lat' dir='ltr'><em>sed</em></span> <span class='ocrx_word' id='word_1_32' title='bbox 359 408 428 442; x_wconf 78' lang='lat' dir='ltr'><em>suis</em></span> <span class='ocrx_word' id='word_1_33' title='bbox 460 407 538 453; x_wconf 73' lang='lat' dir='ltr'><em>ipsa</em></span> <span class='ocrx_word' id='word_1_34' title='bbox 571 404 703 441; x_wconf 72' lang='lat' dir='ltr'><em>viribus</em></span> <span class='ocrx_word' id='word_1_35' title='bbox 734 407 940 439; x_wconf 73' lang='lat' dir='ltr'><em>onerantur.</em></span> <span class='ocrx_word' id='word_1_36' title='bbox 1003 402 1174 442; x_wconf 79' lang='lat' dir='ltr'><em>Tantum,</em></span> 
     </span>
     <span class='ocr_line' id='line_1_5' title="bbox 56 465 1176 519; baseline -0.01 -9"><span class='ocrx_word' id='word_1_37' title='bbox 56 475 240 515; x_wconf 75' lang='lat' dir='ltr'><em>nimirum,</em></span> <span class='ocrx_word' id='word_1_38' title='bbox 263 483 304 509; x_wconf 72' lang='lat' dir='ltr'><em>esc</em></span> <span class='ocrx_word' id='word_1_39' title='bbox 328 470 480 519; x_wconf 69' lang='lat' dir='ltr'><em>publicis</em></span> <span class='ocrx_word' id='word_1_40' title='bbox 500 469 604 505; x_wconf 77' lang='lat' dir='ltr'><em>malis</em></span> <span class='ocrx_word' id='word_1_41' title='bbox 626 470 807 509; x_wconf 72' lang='lat' dir='ltr'><em>sentimus,</em></span> <span class='ocrx_word' id='word_1_42' title='bbox 829 471 1004 515; x_wconf 77' lang='lat' dir='ltr'><em>quantum</em></span> <span class='ocrx_word' id='word_1_43' title='bbox 1023 465 1072 500; x_wconf 77' lang='lat' dir='ltr'><em>acl</em></span> <span class='ocrx_word' id='word_1_44' title='bbox 1096 465 1176 511; x_wconf 72' lang='lat' dir='ltr'><em>pri-</em></span> 
     </span>
    </p>

    <p class='ocr_par' dir='ltr' id='par_1_3' title="bbox 57 531 1179 584">
     <span class='ocr_line' id='line_1_6' title="bbox 57 531 1179 584; baseline -0.009 -11"><span class='ocrx_word' id='word_1_45' title='bbox 57 542 160 573; x_wconf 76' lang='lat' dir='ltr'><em>vatas</em></span> <span class='ocrx_word' id='word_1_46' title='bbox 183 548 239 572; x_wconf 77' lang='lat' dir='ltr'><em>res</em></span> <span class='ocrx_word' id='word_1_47' title='bbox 259 536 441 584; x_wconf 75' lang='lat' dir='ltr'><em>pertinet:</em></span> <span class='ocrx_word' id='word_1_48' title='bbox 468 545 531 569; x_wconf 79' lang='lat' dir='ltr'><em>nec</em></span> <span class='ocrx_word' id='word_1_49' title='bbox 556 535 594 569; x_wconf 72' lang='lat' dir='ltr'><em>in</em></span> <span class='ocrx_word' id='word_1_50' title='bbox 623 534 672 569; x_wconf 79' lang='lat' dir='ltr'><em>eis</em></span> <span class='ocrx_word' id='word_1_51' title='bbox 700 533 895 580; x_wconf 74' lang='lat' dir='ltr'><strong><em>quidquam</em></strong></span> <span class='ocrx_word' id='word_1_52' title='bbox 917 531 1048 571; x_wconf 80' lang='lat' dir='ltr'><em>acrius,</em></span> <span class='ocrx_word' id='word_1_53' title='bbox 1070 540 1179 576; x_wconf 86' lang='lat' dir='ltr'><em>quam</em></span> 
     </span>
    </p>

    <p class='ocr_par' dir='ltr' id='par_1_4' title="bbox 57 593 1180 712">
     <span class='ocr_line' id='line_1_7' title="bbox 57 593 1180 649; baseline -0.008 -13"><span class='ocrx_word' id='word_1_54' title='bbox 57 602 216 649; x_wconf 74' lang='lat' dir='ltr'><em>pecunice</em></span> <span class='ocrx_word' id='word_1_55' title='bbox 235 601 420 641; x_wconf 82' lang='lat' dir='ltr'><em>damnum,</em></span> <span class='ocrx_word' id='word_1_56' title='bbox 441 598 617 634; x_wconf 73' lang='lat' dir='ltr'><em>stimulat.</em></span> <span class='ocrx_word' id='word_1_57' title='bbox 656 597 799 644; x_wconf 77' lang='lat' dir='ltr'><em>Itaque,</em></span> <span class='ocrx_word' id='word_1_58' title='bbox 822 607 926 643; x_wconf 80' lang='lat' dir='ltr'><em>quum</em></span> <span class='ocrx_word' id='word_1_59' title='bbox 946 593 1063 642; x_wconf 73' lang='lat' dir='ltr'><em>spolia</em></span> <span class='ocrx_word' id='word_1_60' title='bbox 1077 593 1180 628; x_wconf 66' lang='lat' dir='ltr'><em>victae</em></span> 
     </span>
     <span class='ocr_line' id='line_1_8' title="bbox 59 656 1178 712; baseline -0.008 -12"><span class='ocrx_word' id='word_1_61' title='bbox 59 664 283 712; x_wconf 74' lang='lat' dir='ltr'><em>Karthagini</em></span> <span class='ocrx_word' id='word_1_62' title='bbox 303 662 597 704; x_wconf 77' lang='lat' dir='ltr'><em>detrahebantur,</em></span> <span class='ocrx_word' id='word_1_63' title='bbox 617 673 725 710; x_wconf 79' lang='lat' dir='ltr'><em>quum</em></span> <span class='ocrx_word' id='word_1_64' title='bbox 754 662 924 695; x_wconf 73' lang='lat' dir='ltr'><em>inermem</em></span> <span class='ocrx_word' id='word_1_65' title='bbox 943 656 1025 705; x_wconf 79' lang='lat' dir='ltr'><em>jam</em></span> <span class='ocrx_word' id='word_1_66' title='bbox 1045 669 1086 692; x_wconf 84' lang='lat' dir='ltr'><em>ac</em></span> <span class='ocrx_word' id='word_1_67' title='bbox 1109 668 1178 692; x_wconf 79' lang='lat' dir='ltr'><em>nu-</em></span> 
     </span>
    </p>

    <p class='ocr_par' dir='ltr' id='par_1_5' title="bbox 60 722 1179 772">
     <span class='ocr_line' id='line_1_9' title="bbox 60 722 1179 772; baseline -0.008 -7"><span class='ocrx_word' id='word_1_68' title='bbox 60 730 144 765; x_wconf 74' lang='lat' dir='ltr'><em>dam</em></span> <span class='ocrx_word' id='word_1_69' title='bbox 163 730 309 764; x_wconf 73' lang='lat' dir='ltr'><em>destitui</em></span> <span class='ocrx_word' id='word_1_70' title='bbox 325 730 419 764; x_wconf 75' lang='lat' dir='ltr'><em>inter</em></span> <span class='ocrx_word' id='word_1_71' title='bbox 439 732 492 763; x_wconf 83' lang='lat' dir='ltr'><em>tot</em></span> <span class='ocrx_word' id='word_1_72' title='bbox 509 730 671 762; x_wconf 81' lang='lat' dir='ltr'><em>armatas</em></span> <span class='ocrx_word' id='word_1_73' title='bbox 687 730 808 772; x_wconf 77' lang='lat' dir='ltr'><em>gentes</em></span> <span class='ocrx_word' id='word_1_74' title='bbox 823 722 960 771; x_wconf 80' lang='lat' dir='ltr'><em>Africce</em></span> <span class='ocrx_word' id='word_1_75' title='bbox 978 722 1179 763; x_wconf 78' lang='lat' dir='ltr'><em>cerneretis,</em></span> 
     </span>
    </p>

    <p class='ocr_par' dir='ltr' id='par_1_6' title="bbox 61 784 1182 840">
     <span class='ocr_line' id='line_1_10' title="bbox 61 784 1182 840; baseline -0.008 -11"><span class='ocrx_word' id='word_1_76' title='bbox 61 805 163 829; x_wconf 82' lang='lat' dir='ltr'><em>nemo</em></span> <span class='ocrx_word' id='word_1_77' title='bbox 180 794 378 840; x_wconf 76' lang='lat' dir='ltr'><em>ingenmit:</em></span> <span class='ocrx_word' id='word_1_78' title='bbox 405 804 513 835; x_wconf 80' lang='lat' dir='ltr'><em>nunc,</em></span> <span class='ocrx_word' id='word_1_79' title='bbox 535 792 619 840; x_wconf 75' lang='lat' dir='ltr'><em>qnia</em></span> <span class='ocrx_word' id='word_1_80' title='bbox 641 790 809 826; x_wconf 64' lang='lat' dir='ltr'><em>tributum</em></span> <span class='ocrx_word' id='word_1_81' title='bbox 831 799 873 824; x_wconf 75' lang='lat' dir='ltr'><em>ex</em></span> <span class='ocrx_word' id='word_1_82' title='bbox 895 789 1041 835; x_wconf 72' lang='lat' dir='ltr'><em>privato</em></span> <span class='ocrx_word' id='word_1_83' title='bbox 1059 784 1182 833; x_wconf 83' lang='lat' dir='ltr'><em>confe-</em></span> 
     </span>
    </p>

    <p class='ocr_par' dir='ltr' id='par_1_7' title="bbox 61 850 1182 904">
     <span class='ocr_line' id='line_1_11' title="bbox 61 850 1182 904; baseline -0.008 -11"><span class='ocrx_word' id='word_1_84' title='bbox 61 857 210 892; x_wconf 76' lang='lat' dir='ltr'><em>rendum</em></span> <span class='ocrx_word' id='word_1_85' title='bbox 235 861 299 899; x_wconf 85' lang='lat' dir='ltr'><em>est,</em></span> <span class='ocrx_word' id='word_1_86' title='bbox 328 862 511 904; x_wconf 78' lang='lat' dir='ltr'><em>tamquam</em></span> <span class='ocrx_word' id='word_1_87' title='bbox 537 857 575 891; x_wconf 78' lang='lat' dir='ltr'><em>in</em></span> <span class='ocrx_word' id='word_1_88' title='bbox 600 855 743 903; x_wconf 73' lang='lat' dir='ltr'><em>publico</em></span> <span class='ocrx_word' id='word_1_89' title='bbox 760 853 909 902; x_wconf 79' lang='lat' dir='ltr'><em>funere,</em></span> <span class='ocrx_word' id='word_1_90' title='bbox 937 850 1182 899; x_wconf 54' lang='lat' dir='ltr'><em>complorati&amp;</em></span> 
     </span>
    </p>

    <p class='ocr_par' dir='ltr' id='par_1_8' title="bbox 65 914 1185 968">
     <span class='ocr_line' id='line_1_12' title="bbox 65 914 1185 968; baseline -0.006 -13"><span class='ocrx_word' id='word_1_91' title='bbox 65 919 185 960; x_wconf 78' lang='lat' dir='ltr'><em>Quam</em></span> <span class='ocrx_word' id='word_1_92' title='bbox 216 931 352 963; x_wconf 84' lang='lat' dir='ltr'><em>vereor,</em></span> <span class='ocrx_word' id='word_1_93' title='bbox 386 932 428 955; x_wconf 87' lang='lat' dir='ltr'><em>ne</em></span> <span class='ocrx_word' id='word_1_94' title='bbox 458 931 575 968; x_wconf 78' lang='lat' dir='ltr'><em>prope</em></span> <span class='ocrx_word' id='word_1_95' title='bbox 605 921 700 955; x_wconf 74' lang='lat' dir='ltr'><em>diem</em></span> <span class='ocrx_word' id='word_1_96' title='bbox 730 919 904 958; x_wconf 79' lang='lat' dir='ltr'><em>sentiatis,</em></span> <span class='ocrx_word' id='word_1_97' title='bbox 940 916 1113 952; x_wconf 76' lang='lat' dir='ltr'><em>levissimo</em></span> <span class='ocrx_word' id='word_1_98' title='bbox 1146 914 1185 948; x_wconf 80' lang='lat' dir='ltr'><em>in</em></span> 
     </span>
    </p>

    <p class='ocr_par' dir='ltr' id='par_1_9' title="bbox 63 977 1376 1340">
     <span class='ocr_line' id='line_1_13' title="bbox 64 977 1184 1030; baseline -0.006 -10"><span class='ocrx_word' id='word_1_99' title='bbox 64 985 161 1019; x_wconf 78' lang='lat' dir='ltr'><em>malo</em></span> <span class='ocrx_word' id='word_1_100' title='bbox 174 996 236 1020; x_wconf 86' lang='lat' dir='ltr'><em>vos</em></span> <span class='ocrx_word' id='word_1_101' title='bbox 254 984 358 1020; x_wconf 74' lang='lat' dir='ltr'><em>hodie</em></span> <span class='ocrx_word' id='word_1_102' title='bbox 378 985 581 1026; x_wconf 68' lang='lat' dir='ltr'><em>lacrimasse</em></span> <span class='ocrx_word' id='word_1_103' title='bbox 594 986 607 1019; x_wconf 76' lang='grc' dir='ltr'><em>Ι</em></span> <span class='ocrx_word' id='word_1_104' title='bbox 636 983 732 1019; x_wconf 84' lang='lat' dir='ltr'><em>Haec</em></span> <span class='ocrx_word' id='word_1_105' title='bbox 749 979 948 1018; x_wconf 80' lang='lat' dir='ltr'><em>Hannibal</em></span> <span class='ocrx_word' id='word_1_106' title='bbox 966 979 1066 1030; x_wconf 81' lang='lat' dir='ltr'><em>apud</em></span> <span class='ocrx_word' id='word_1_107' title='bbox 1082 977 1184 1014; x_wconf 80' lang='lat' dir='ltr'><em>Kar-</em></span> 
     </span>
     <span class='ocr_line' id='line_1_14' title="bbox 63 1040 1369 1098; baseline -0.005 -15"><span class='ocrx_word' id='word_1_108' title='bbox 63 1047 335 1096; x_wconf 78' lang='lat' dir='ltr'><em>thaginienses.</em></span> <span class='ocrx_word' id='word_1_109' title='bbox 394 1048 535 1098; x_wconf 80' lang='lat' dir='ltr'>Scipio,</span> <span class='ocrx_word' id='word_1_110' title='bbox 564 1047 750 1083; x_wconf 85' lang='lat' dir='ltr'><em>concione</em></span> <span class='ocrx_word' id='word_1_111' title='bbox 780 1046 977 1087; x_wconf 83' lang='lat' dir='ltr'><em>advocata,</em></span> <span class='ocrx_word' id='word_1_112' title='bbox 1003 1042 1185 1079; x_wconf 79' lang='lat' dir='ltr'><em>Masinis-</em></span> <span class='ocrx_word' id='word_1_113' title='bbox 1198 1040 1369 1071; x_wconf 78' lang='lat' dir='ltr'><em>Masinissa</em></span> 
     </span>
     <span class='ocr_line' id='line_1_15' title="bbox 65 1084 1376 1168; baseline -0.004 -22"><span class='ocrx_word' id='word_1_114' title='bbox 65 1123 160 1154; x_wconf 88' lang='lat' dir='ltr'><em>sam,</em></span> <span class='ocrx_word' id='word_1_115' title='bbox 187 1111 236 1147; x_wconf 84' lang='lat' dir='ltr'><em>ad</em></span> <span class='ocrx_word' id='word_1_116' title='bbox 263 1124 421 1160; x_wconf 85' lang='lat' dir='ltr'><em>regnum</em></span> <span class='ocrx_word' id='word_1_117' title='bbox 450 1118 651 1161; x_wconf 84' lang='lat' dir='ltr'><em>paternum</em></span> <span class='ocrx_word' id='word_1_118' title='bbox 682 1110 788 1146; x_wconf 85' lang='lat' dir='ltr'><em>Cirta</em></span> <span class='ocrx_word' id='word_1_119' title='bbox 816 1108 958 1159; x_wconf 85' lang='lat' dir='ltr'><em>oppido</em></span> <span class='ocrx_word' id='word_1_120' title='bbox 985 1114 1023 1143; x_wconf 88' lang='lat' dir='ltr'><em>et</em></span> <span class='ocrx_word' id='word_1_121' title='bbox 1052 1106 1185 1143; x_wconf 84' lang='lat' dir='ltr'><em>ceteris</em></span> <span class='ocrx_word' id='word_1_122' title='bbox 1199 1084 1376 1168; x_wconf 36' lang='lat' dir='ltr'><em>{agazi-:six</em></span> 
     </span>
     <span class='ocr_line' id='line_1_16' title="bbox 67 1169 1305 1224; baseline -0.005 -14"><span class='ocrx_word' id='word_1_123' title='bbox 67 1174 225 1212; x_wconf 80' lang='lat' dir='ltr'><strong>urbibus</strong></span> <span class='ocrx_word' id='word_1_124' title='bbox 246 1177 434 1224; x_wconf 83' lang='lat' dir='ltr'><em>agrisque,</em></span> <span class='ocrx_word' id='word_1_125' title='bbox 456 1188 539 1224; x_wconf 87' lang='lat' dir='ltr'><em>quae</em></span> <span class='ocrx_word' id='word_1_126' title='bbox 559 1187 606 1211; x_wconf 82' lang='lat' dir='ltr'><em>ex</em></span> <span class='ocrx_word' id='word_1_127' title='bbox 632 1185 752 1223; x_wconf 83' lang='lat' dir='ltr'><em>regno</em></span> <span class='ocrx_word' id='word_1_128' title='bbox 774 1173 957 1222; x_wconf 86' lang='lat' dir='ltr'>Syphacis</span> <span class='ocrx_word' id='word_1_129' title='bbox 986 1171 1026 1207; x_wconf 88' lang='lat' dir='ltr'><em>in</em></span> <span class='ocrx_word' id='word_1_130' title='bbox 1054 1169 1187 1220; x_wconf 89' lang='lat' dir='ltr'><em>populi</em></span> <span class='ocrx_word' id='word_1_131' title='bbox 1200 1177 1305 1201; x_wconf 78' lang='lat' dir='ltr'><em>natus.</em></span> 
     </span>
     <span class='ocr_line' id='line_1_17' title="bbox 69 1234 1186 1289; baseline -0.005 -14"><span class='ocrx_word' id='word_1_132' title='bbox 69 1237 238 1275; x_wconf 83' lang='lat' dir='ltr'><em>Romani</em></span> <span class='ocrx_word' id='word_1_133' title='bbox 257 1244 489 1289; x_wconf 78' lang='lat' dir='ltr'><em>potestatem</em></span> <span class='ocrx_word' id='word_1_134' title='bbox 508 1239 715 1280; x_wconf 78' lang='lat' dir='ltr'><em>venissent,</em></span> <span class='ocrx_word' id='word_1_135' title='bbox 737 1235 894 1286; x_wconf 86' lang='lat' dir='ltr'><em>adjectis</em></span> <span class='ocrx_word' id='word_1_136' title='bbox 915 1234 1082 1271; x_wconf 86' lang='lat' dir='ltr'><em>donavit.</em></span> <span class='ocrx_word' id='word_1_137' title='bbox 1115 1234 1186 1270; x_wconf 89' lang='lat' dir='ltr'><em>Cn.</em></span> 
     </span>
     <span class='ocr_line' id='line_1_18' title="bbox 71 1297 1189 1340; baseline -0.005 -1"><span class='ocrx_word' id='word_1_138' title='bbox 71 1303 274 1339; x_wconf 82' lang='lat' dir='ltr'><em>Octavium</em></span> <span class='ocrx_word' id='word_1_139' title='bbox 295 1303 451 1340; x_wconf 79' lang='lat' dir='ltr'><em>classem</em></span> <span class='ocrx_word' id='word_1_140' title='bbox 481 1304 521 1338; x_wconf 89' lang='lat' dir='ltr'><em>in</em></span> <span class='ocrx_word' id='word_1_141' title='bbox 551 1302 718 1338; x_wconf 83' lang='lat' dir='ltr'><em>Siciliam</em></span> <span class='ocrx_word' id='word_1_142' title='bbox 739 1301 891 1337; x_wconf 87' lang='lat' dir='ltr'><em>ductam</em></span> <span class='ocrx_word' id='word_1_143' title='bbox 920 1300 990 1336; x_wconf 89' lang='lat' dir='ltr'><em>Cn.</em></span> <span class='ocrx_word' id='word_1_144' title='bbox 1007 1297 1189 1335; x_wconf 89' lang='lat' dir='ltr'><em>Cornelio</em></span> 
     </span>
    </p>

    <p class='ocr_par' dir='ltr' id='par_1_10' title="bbox 71 1362 1192 1480">
     <span class='ocr_line' id='line_1_19' title="bbox 71 1362 1192 1416; baseline -0.004 -14"><span class='ocrx_word' id='word_1_145' title='bbox 71 1366 218 1403; x_wconf 68' lang='lat' dir='ltr'><em>consuli</em></span> <span class='ocrx_word' id='word_1_146' title='bbox 254 1367 402 1402; x_wconf 79' lang='lat' dir='ltr'><em>tradere</em></span> <span class='ocrx_word' id='word_1_147' title='bbox 432 1365 572 1416; x_wconf 82' lang='lat' dir='ltr'><em>jussit:</em></span> <span class='ocrx_word' id='word_1_148' title='bbox 622 1365 769 1413; x_wconf 82' lang='lat' dir='ltr'><em>legatos</em></span> <span class='ocrx_word' id='word_1_149' title='bbox 807 1362 1192 1411; x_wconf 84' lang='lat' dir='ltr'><em>Karthaginiensium</em></span> 
     </span>
     <span class='ocr_line' id='line_1_20' title="bbox 71 1426 1192 1480; baseline -0.004 -13"><span class='ocrx_word' id='word_1_150' title='bbox 71 1430 238 1467; x_wconf 83' lang='lat' dir='ltr'>Romam</span> <span class='ocrx_word' id='word_1_151' title='bbox 267 1431 468 1480; x_wconf 84' lang='lat' dir='ltr'><em>proficisci,</em></span> <span class='ocrx_word' id='word_1_152' title='bbox 489 1435 545 1473; x_wconf 84' lang='lat' dir='ltr'><em>ut,</em></span> <span class='ocrx_word' id='word_1_153' title='bbox 567 1442 650 1478; x_wconf 84' lang='lat' dir='ltr'><em>quae</em></span> <span class='ocrx_word' id='word_1_154' title='bbox 680 1428 726 1465; x_wconf 85' lang='lat' dir='ltr'><em>ab</em></span> <span class='ocrx_word' id='word_1_155' title='bbox 748 1440 788 1464; x_wconf 85' lang='lat' dir='ltr'><em>se</em></span> <span class='ocrx_word' id='word_1_156' title='bbox 817 1440 865 1464; x_wconf 79' lang='lat' dir='ltr'><em>ex</em></span> <span class='ocrx_word' id='word_1_157' title='bbox 885 1427 1016 1464; x_wconf 87' lang='lat' dir='ltr'><em>decem</em></span> <span class='ocrx_word' id='word_1_158' title='bbox 1044 1426 1192 1475; x_wconf 85' lang='lat' dir='ltr'><em>legato-</em></span> 
     </span>
    </p>

    <p class='ocr_par' dir='ltr' id='par_1_11' title="bbox 72 1491 1193 1608">
     <span class='ocr_line' id='line_1_21' title="bbox 72 1491 1193 1536; baseline -0.004 -6"><span class='ocrx_word' id='word_1_159' title='bbox 72 1506 157 1530; x_wconf 89' lang='lat' dir='ltr'><em>rum</em></span> <span class='ocrx_word' id='word_1_160' title='bbox 191 1495 380 1530; x_wconf 83' lang='lat' dir='ltr'><em>sententia</em></span> <span class='ocrx_word' id='word_1_161' title='bbox 410 1500 495 1530; x_wconf 85' lang='lat' dir='ltr'><em>acta</em></span> <span class='ocrx_word' id='word_1_162' title='bbox 527 1498 666 1536; x_wconf 83' lang='lat' dir='ltr'><em>essent,</em></span> <span class='ocrx_word' id='word_1_163' title='bbox 702 1505 746 1528; x_wconf 88' lang='lat' dir='ltr'><em>ea</em></span> <span class='ocrx_word' id='word_1_164' title='bbox 778 1491 936 1528; x_wconf 86' lang='lat' dir='ltr'><em>Patrum</em></span> <span class='ocrx_word' id='word_1_165' title='bbox 965 1491 1193 1528; x_wconf 83' lang='lat' dir='ltr'><em>auctoritate</em></span> 
     </span>
     <span class='ocr_line' id='line_1_22' title="bbox 72 1556 749 1608; baseline -0.003 -14"><span class='ocrx_word' id='word_1_166' title='bbox 72 1557 278 1608; x_wconf 82' lang='lat' dir='ltr'>populique</span> <span class='ocrx_word' id='word_1_167' title='bbox 290 1557 402 1608; x_wconf 87' lang='lat' dir='ltr'><em>jussu</em></span> <span class='ocrx_word' id='word_1_168' title='bbox 422 1556 749 1593; x_wconf 83' lang='lat' dir='ltr'><em>confirmarentur.</em></span> 
     </span>
    </p>

    <p class='ocr_par' dir='ltr' id='par_1_12' title="bbox 73 1618 1396 2377">
     <span class='ocr_line' id='line_1_23' title="bbox 127 1618 1389 1670; baseline -0.004 -13"><span class='ocrx_word' id='word_1_169' title='bbox 127 1621 252 1658; x_wconf 90' lang='lat' dir='ltr'>XLV.</span> <span class='ocrx_word' id='word_1_170' title='bbox 272 1621 372 1657; x_wconf 87' lang='lat' dir='ltr'><em>Pace</em></span> <span class='ocrx_word' id='word_1_171' title='bbox 391 1627 493 1657; x_wconf 88' lang='lat' dir='ltr'><em>terra</em></span> <span class='ocrx_word' id='word_1_172' title='bbox 510 1621 679 1669; x_wconf 79' lang='lat' dir='ltr'><em>marique</em></span> <span class='ocrx_word' id='word_1_173' title='bbox 699 1626 822 1670; x_wconf 84' lang='lat' dir='ltr'><em>parta,</em></span> <span class='ocrx_word' id='word_1_174' title='bbox 838 1618 1006 1655; x_wconf 76' lang='lat' dir='ltr'><em>exercitu</em></span> <span class='ocrx_word' id='word_1_175' title='bbox 1021 1619 1061 1654; x_wconf 90' lang='lat' dir='ltr'><em>in</em></span> <span class='ocrx_word' id='word_1_176' title='bbox 1078 1629 1191 1654; x_wconf 90' lang='lat' dir='ltr'><em>naves</em></span> <span class='ocrx_word' id='word_1_177' title='bbox 1205 1628 1310 1668; x_wconf 82' lang='lat' dir='ltr'><em>Scipio</em></span> <span class='ocrx_word' id='word_1_178' title='bbox 1324 1627 1389 1658; x_wconf 76' lang='lat' dir='ltr'><em>Ro-</em></span> 
     </span>
     <span class='ocr_line' id='line_1_24' title="bbox 73 1681 1360 1736; baseline -0.003 -15"><span class='ocrx_word' id='word_1_179' title='bbox 73 1686 258 1736; x_wconf 87' lang='lat' dir='ltr'><em>inposito,</em></span> <span class='ocrx_word' id='word_1_180' title='bbox 278 1686 317 1721; x_wconf 89' lang='lat' dir='ltr'><em>in</em></span> <span class='ocrx_word' id='word_1_181' title='bbox 338 1685 506 1721; x_wconf 88' lang='lat' dir='ltr'><em>Siciliam</em></span> <span class='ocrx_word' id='word_1_182' title='bbox 523 1684 739 1734; x_wconf 79' lang='lat' dir='ltr'><em>Lilybaeum</em></span> <span class='ocrx_word' id='word_1_183' title='bbox 754 1683 904 1733; x_wconf 85' lang='lat' dir='ltr'><em>trajecit</em></span> <span class='ocrx_word' id='word_1_184' title='bbox 920 1698 926 1719; x_wconf 92' lang='lat'>:</span> <span class='ocrx_word' id='word_1_185' title='bbox 950 1683 1036 1719; x_wconf 88' lang='lat' dir='ltr'><em>iude</em></span> <span class='ocrx_word' id='word_1_186' title='bbox 1053 1694 1194 1731; x_wconf 88' lang='lat' dir='ltr'><em>magna</em></span> <span class='ocrx_word' id='word_1_187' title='bbox 1204 1682 1296 1702; x_wconf 87' lang='lat' dir='ltr'><em>mam</em></span> <span class='ocrx_word' id='word_1_188' title='bbox 1312 1681 1360 1701; x_wconf 89' lang='lat' dir='ltr'><em>re-</em></span> 
     </span>
     <span class='ocr_line' id='line_1_25' title="bbox 74 1724 1396 1800; baseline -0.003 -15"><span class='ocrx_word' id='word_1_189' title='bbox 74 1757 184 1800; x_wconf 86' lang='lat' dir='ltr'><em>parte</em></span> <span class='ocrx_word' id='word_1_190' title='bbox 204 1748 366 1785; x_wconf 88' lang='lat' dir='ltr'><em>militum</em></span> <span class='ocrx_word' id='word_1_191' title='bbox 386 1750 425 1785; x_wconf 91' lang='lat' dir='ltr'><em>in</em></span> <span class='ocrx_word' id='word_1_192' title='bbox 445 1748 604 1785; x_wconf 71' lang='lat' dir='ltr'><em>navibus</em></span> <span class='ocrx_word' id='word_1_193' title='bbox 624 1749 753 1791; x_wconf 87' lang='lat' dir='ltr'><em>missa,</em></span> <span class='ocrx_word' id='word_1_194' title='bbox 769 1748 850 1798; x_wconf 77' lang='lat' dir='ltr'><em>ipse</em></span> <span class='ocrx_word' id='word_1_195' title='bbox 869 1760 937 1798; x_wconf 84' lang='lat' dir='ltr'><em>per</em></span> <span class='ocrx_word' id='word_1_196' title='bbox 954 1746 1082 1783; x_wconf 83' lang='lat' dir='ltr'><em>laetam</em></span> <span class='ocrx_word' id='word_1_197' title='bbox 1100 1758 1193 1797; x_wconf 85' lang='lat' dir='ltr'><em>pace</em></span> <span class='ocrx_word' id='word_1_198' title='bbox 1202 1724 1396 1799; x_wconf 40' lang='lat' dir='ltr'><em>ffiffsssshat,</em></span> 
     </span>
     <span class='ocr_line' id='line_1_26' title="bbox 76 1809 1195 1862; baseline -0.004 -13"><span class='ocrx_word' id='word_1_199' title='bbox 76 1825 154 1849; x_wconf 84' lang='lat' dir='ltr'><em>non</em></span> <span class='ocrx_word' id='word_1_200' title='bbox 176 1813 315 1856; x_wconf 87' lang='lat' dir='ltr'><em>minus,</em></span> <span class='ocrx_word' id='word_1_201' title='bbox 336 1825 449 1862; x_wconf 88' lang='lat' dir='ltr'><em>quam</em></span> <span class='ocrx_word' id='word_1_202' title='bbox 468 1812 642 1854; x_wconf 82' lang='lat' dir='ltr'><em>victoria,</em></span> <span class='ocrx_word' id='word_1_203' title='bbox 660 1811 826 1855; x_wconf 86' lang='lat' dir='ltr'><em>ltaliam,</em></span> <span class='ocrx_word' id='word_1_204' title='bbox 846 1811 971 1847; x_wconf 85' lang='lat' dir='ltr'><em>effusis</em></span> <span class='ocrx_word' id='word_1_205' title='bbox 992 1823 1070 1847; x_wconf 89' lang='lat' dir='ltr'><em>non</em></span> <span class='ocrx_word' id='word_1_206' title='bbox 1091 1809 1195 1846; x_wconf 84' lang='lat' dir='ltr'><em>urbi-</em></span> 
     </span>
     <span class='ocr_line' id='line_1_27' title="bbox 75 1874 1198 1923; baseline -0.003 -10"><span class='ocrx_word' id='word_1_207' title='bbox 75 1876 145 1913; x_wconf 86' lang='lat' dir='ltr'><em>bus</em></span> <span class='ocrx_word' id='word_1_208' title='bbox 166 1876 281 1913; x_wconf 91' lang='lat' dir='ltr'><em>modo</em></span> <span class='ocrx_word' id='word_1_209' title='bbox 301 1877 348 1913; x_wconf 83' lang='lat' dir='ltr'><em>ad</em></span> <span class='ocrx_word' id='word_1_210' title='bbox 366 1876 561 1912; x_wconf 89' lang='lat' dir='ltr'><em>habendos</em></span> <span class='ocrx_word' id='word_1_211' title='bbox 576 1876 758 1920; x_wconf 88' lang='lat' dir='ltr'><em>honores,</em></span> <span class='ocrx_word' id='word_1_212' title='bbox 776 1875 840 1912; x_wconf 88' lang='lat' dir='ltr'><em>sed</em></span> <span class='ocrx_word' id='word_1_213' title='bbox 856 1874 1064 1923; x_wconf 76' lang='lat' dir='ltr'><em>agrestium</em></span> <span class='ocrx_word' id='word_1_214' title='bbox 1081 1875 1198 1911; x_wconf 86' lang='lat' dir='ltr'><em>etiam</em></span> 
     </span>
     <span class='ocr_line' id='line_1_28' title="bbox 78 1939 1200 1990; baseline -0.003 -13"><span class='ocrx_word' id='word_1_215' title='bbox 78 1941 192 1977; x_wconf 85' lang='lat' dir='ltr'><em>turba</em></span> <span class='ocrx_word' id='word_1_216' title='bbox 210 1941 409 1977; x_wconf 86' lang='lat' dir='ltr'><em>obsidente</em></span> <span class='ocrx_word' id='word_1_217' title='bbox 428 1942 522 1984; x_wconf 83' lang='lat' dir='ltr'><em>vias,</em></span> <span class='ocrx_word' id='word_1_218' title='bbox 537 1940 706 1977; x_wconf 88' lang='lat' dir='ltr'><em>Romam</em></span> <span class='ocrx_word' id='word_1_219' title='bbox 725 1941 911 1990; x_wconf 81' lang='lat' dir='ltr'><em>pervenit,</em></span> <span class='ocrx_word' id='word_1_220' title='bbox 929 1939 1200 1989; x_wconf 84' lang='lat' dir='ltr'><em>triumphoque</em></span> 
     </span>
     <span class='ocr_line' id='line_1_29' title="bbox 80 2004 1201 2052; baseline -0.002 -11"><span class='ocrx_word' id='word_1_221' title='bbox 80 2007 251 2042; x_wconf 88' lang='lat' dir='ltr'><em>omnium</em></span> <span class='ocrx_word' id='word_1_222' title='bbox 270 2005 479 2042; x_wconf 84' lang='lat' dir='ltr'><em>clarissimo</em></span> <span class='ocrx_word' id='word_1_223' title='bbox 498 2005 630 2042; x_wconf 85' lang='lat' dir='ltr'><em>urbem</em></span> <span class='ocrx_word' id='word_1_224' title='bbox 650 2012 707 2041; x_wconf 87' lang='lat' dir='ltr'><em>est</em></span> <span class='ocrx_word' id='word_1_225' title='bbox 729 2006 914 2041; x_wconf 80' lang='lat' dir='ltr'><em>invectus.</em></span> <span class='ocrx_word' id='word_1_226' title='bbox 957 2004 1120 2052; x_wconf 89' lang='lat' dir='ltr'><em>Argenti</em></span> <span class='ocrx_word' id='word_1_227' title='bbox 1139 2009 1201 2039; x_wconf 87' lang='lat' dir='ltr'><em>tu·-</em></span> 
     </span>
     <span class='ocr_line' id='line_1_30' title="bbox 79 2067 1201 2120; baseline -0.003 -15"><span class='ocrx_word' id='word_1_228' title='bbox 79 2069 125 2105; x_wconf 86' lang='lat' dir='ltr'><em>lit</em></span> <span class='ocrx_word' id='word_1_229' title='bbox 142 2070 182 2105; x_wconf 90' lang='lat' dir='ltr'><em>in</em></span> <span class='ocrx_word' id='word_1_230' title='bbox 203 2070 374 2106; x_wconf 85' lang='lat' dir='ltr'><em>aerarium</em></span> <span class='ocrx_word' id='word_1_231' title='bbox 391 2070 519 2120; x_wconf 90' lang='lat' dir='ltr'><em>pondo</em></span> <span class='ocrx_word' id='word_1_232' title='bbox 540 2077 690 2106; x_wconf 86' lang='lat' dir='ltr'><em>centum</em></span> <span class='ocrx_word' id='word_1_233' title='bbox 712 2069 831 2105; x_wconf 89' lang='lat' dir='ltr'><em>millia</em></span> <span class='ocrx_word' id='word_1_234' title='bbox 848 2069 982 2117; x_wconf 84' lang='lat' dir='ltr'><em>viginti</em></span> <span class='ocrx_word' id='word_1_235' title='bbox 1001 2068 1098 2104; x_wconf 88' lang='lat' dir='ltr'><em>tria:</em></span> <span class='ocrx_word' id='word_1_236' title='bbox 1129 2067 1201 2103; x_wconf 86' lang='lat' dir='ltr'><em>mi-</em></span> 
     </span>
     <span class='ocr_line' id='line_1_31' title="bbox 81 2130 1202 2184; baseline -0.002 -16"><span class='ocrx_word' id='word_1_237' title='bbox 81 2132 211 2169; x_wconf 85' lang='lat' dir='ltr'><em>litibus</em></span> <span class='ocrx_word' id='word_1_238' title='bbox 239 2147 284 2170; x_wconf 85' lang='lat' dir='ltr'><em>ex</em></span> <span class='ocrx_word' id='word_1_239' title='bbox 314 2135 440 2184; x_wconf 85' lang='lat' dir='ltr'><em>praeda</em></span> <span class='ocrx_word' id='word_1_240' title='bbox 470 2135 732 2184; x_wconf 83' lang='lat' dir='ltr'><em>quadragenos</em></span> <span class='ocrx_word' id='word_1_241' title='bbox 767 2134 849 2169; x_wconf 83' lang='lat' dir='ltr'><em>aeris</em></span> <span class='ocrx_word' id='word_1_242' title='bbox 877 2132 1017 2168; x_wconf 77' lang='lat' dir='ltr'><em>divisit.</em></span> <span class='ocrx_word' id='word_1_243' title='bbox 1071 2130 1202 2167; x_wconf 62' lang='lat' dir='ltr'><em>Biorte</em></span> 
     </span>
     <span class='ocr_line' id='line_1_32' title="bbox 83 2196 1203 2248; baseline -0.002 -15"><span class='ocrx_word' id='word_1_244' title='bbox 83 2196 297 2233; x_wconf 82' lang='lat' dir='ltr'><em>subtractus</em></span> <span class='ocrx_word' id='word_1_245' title='bbox 318 2197 535 2248; x_wconf 88' lang='lat' dir='ltr'><em>spectaculo</em></span> <span class='ocrx_word' id='word_1_246' title='bbox 554 2199 675 2247; x_wconf 84' lang='lat' dir='ltr'><em>magis</em></span> <span class='ocrx_word' id='word_1_247' title='bbox 701 2198 914 2240; x_wconf 87' lang='lat' dir='ltr'><em>hominum,</em></span> <span class='ocrx_word' id='word_1_248' title='bbox 935 2209 1048 2246; x_wconf 88' lang='lat' dir='ltr'><em>quam</em></span> <span class='ocrx_word' id='word_1_249' title='bbox 1068 2196 1203 2231; x_wconf 88' lang='lat' dir='ltr'><em>trium-</em></span> 
     </span>
     <span class='ocr_line' id='line_1_33' title="bbox 84 2259 1205 2313; baseline 0 -17"><span class='ocrx_word' id='word_1_250' title='bbox 84 2261 237 2311; x_wconf 84' lang='lat' dir='ltr'><em>phantis</em></span> <span class='ocrx_word' id='word_1_251' title='bbox 267 2261 411 2310; x_wconf 86' lang='lat' dir='ltr'><em>gloriae,</em></span> <span class='ocrx_word' id='word_1_252' title='bbox 432 2262 588 2313; x_wconf 83' lang='lat' dir='ltr'><em>Syphax</em></span> <span class='ocrx_word' id='word_1_253' title='bbox 607 2269 678 2306; x_wconf 87' lang='lat' dir='ltr'><em>est,</em></span> <span class='ocrx_word' id='word_1_254' title='bbox 697 2262 842 2299; x_wconf 91' lang='lat' dir='ltr'><em>Tibure</em></span> <span class='ocrx_word' id='word_1_255' title='bbox 869 2261 973 2297; x_wconf 90' lang='lat' dir='ltr'><em>haud</em></span> <span class='ocrx_word' id='word_1_256' title='bbox 1001 2261 1056 2297; x_wconf 85' lang='lat' dir='ltr'><em>ita</em></span> <span class='ocrx_word' id='word_1_257' title='bbox 1083 2259 1205 2297; x_wconf 86' lang='lat' dir='ltr'><em>multo</em></span> 
     </span>
     <span class='ocr_line' id='line_1_34' title="bbox 85 2325 1205 2377; baseline 0.001 -17"><span class='ocrx_word' id='word_1_258' title='bbox 85 2331 173 2361; x_wconf 82' lang='lat' dir='ltr'><em>ante</em></span> <span class='ocrx_word' id='word_1_259' title='bbox 202 2331 386 2372; x_wconf 89' lang='lat' dir='ltr'><em>mortuus,</em></span> <span class='ocrx_word' id='word_1_260' title='bbox 407 2340 482 2377; x_wconf 91' lang='lat' dir='ltr'><em>quo</em></span> <span class='ocrx_word' id='word_1_261' title='bbox 509 2327 555 2365; x_wconf 90' lang='lat' dir='ltr'><em>ab</em></span> <span class='ocrx_word' id='word_1_262' title='bbox 575 2327 677 2364; x_wconf 91' lang='lat' dir='ltr'><em>Alba</em></span> <span class='ocrx_word' id='word_1_263' title='bbox 706 2327 901 2363; x_wconf 78' lang='lat' dir='ltr'><em>traductus</em></span> <span class='ocrx_word' id='word_1_264' title='bbox 932 2325 1079 2363; x_wconf 85' lang='lat' dir='ltr'><em>fuerat:</em></span> <span class='ocrx_word' id='word_1_265' title='bbox 1113 2337 1205 2362; x_wconf 85' lang='lat' dir='ltr'><em>con-</em></span> 
     </span>
    </p>
   </div>
   <div class='ocr_carea' id='block_1_3' title="bbox 608 2391 692 2428">
    <p class='ocr_par' dir='ltr' id='par_1_13' title="bbox 608 2391 692 2428">
     <span class='ocr_line' id='line_1_35' title="bbox 608 2391 692 2428; baseline 0 0"><span class='ocrx_word' id='word_1_266' title='bbox 608 2391 692 2428; x_wconf 77' lang='lat' dir='ltr'><em>N4</em></span> 
     </span>
    </p>
   </div>
  </div>
 </body>
</html>
