1523 2666
275 193 357 246 146⁷
733 204 780 236 Τ,
804 204 939 233 mvn

75 291 174 366 gg·
187 298 262 367 gg}
277 298 364 333 liam
379 308 515 345 paras3
546 307 618 331 non
637 297 719 344 quia
738 296 940 344 reipublicae
960 297 996 332 id
1014 297 1116 338 utile,
1135 298 1197 333 sed
1216 298 1299 345 quia
1327 298 1391 334 tibi

87 1330 184 1363 Fabio
197 1339 244 1360 re-

87 1375 223 1413 spondet

88 1418 206 1459 Scipio.

274 362 436 408 amplum
462 365 498 395 et
512 361 706 407 gloriosum
733 372 848 396 censes
873 373 967 396 esse:
993 362 1083 396 sicut
1102 373 1224 408 quum,
1241 363 1388 409 provin-

273 426 330 461 cia
357 430 391 460 et
416 427 573 461 exercitu
598 425 737 466 relicto,
764 427 839 460 sine
859 426 946 472 lege,
972 427 1047 460 sine
1071 426 1388 468 senatusconsulto,

271 490 408 525 duabus
443 489 589 524 navibus
616 490 747 536 populi
779 489 937 524 Romani
973 491 1172 536 imperator
1192 488 1390 537 fortunam

267 554 451 602 publicam
471 559 505 589 et
524 551 747 598 majestatem
771 554 926 600 imperii,
948 566 1025 601 quae
1045 559 1118 589 tum
1138 555 1176 589 in
1195 559 1256 590 tuo
1275 556 1394 602 eapite

269 619 584 667 periclitabantur,
620 618 839 653 commisisti.
897 618 978 665 Ego
1008 619 1052 654 P.
1073 619 1291 661 Cornelium,
1313 619 1392 655 Pa-

273 687 344 719 tres
369 683 575 729 conscripti,
601 681 805 728 reipublicae
830 681 1008 729 nobisque,
1035 694 1104 717 non
1130 683 1194 718 sibi
1222 684 1290 730 ipsi
1311 683 1393 731 pri-

271 748 387 782 vatim
407 751 565 782 creatum
581 746 759 781 consulem
774 748 933 781 existimo
947 762 958 782 :
986 748 1227 793 exercitusque
1245 747 1296 781 ad
1313 759 1391 782 cas-

273 811 413 846 todiam
432 810 526 846 urbis
545 815 653 857 atque
672 809 791 845 Italiae
818 811 970 857 scriptos
994 821 1077 852 esse,
1097 822 1168 845 non
1187 822 1272 857 quos
1293 812 1393 857 regio

271 887 371 912 more
385 888 453 924 per
470 876 673 924 superbiam
693 876 862 918 consules,
884 888 952 923 quo
973 879 1152 911 terrarum
1169 876 1292 919 velint,
1314 881 1391 912 tra-

264 938 411 986 jiciant.

328 1003 485 1040 XLIII.
515 1003 644 1042 Quum
660 1003 836 1040 oratione
855 1003 902 1040 ad
919 1010 1068 1053 tempus
1089 1010 1222 1054 parata
1235 1003 1391 1048 Fabius,

274 1074 358 1105 tum
377 1069 605 1104 auctoritate
626 1076 663 1104 et
683 1069 892 1104 inveterata
918 1068 1128 1118 prudentiae
1147 1068 1262 1111 fama,
1284 1081 1392 1117 mag-

274 1145 365 1169 nam
384 1138 530 1182 partem
553 1139 719 1176 senatus,
741 1138 780 1168 et
806 1134 972 1169 seniores
1000 1134 1176 1175 maxime,
1198 1133 1394 1175 movisset,

276 1196 478 1247 pluresque
498 1196 698 1232 consilium
718 1197 831 1239 senis,
850 1209 961 1245 quam
983 1197 1153 1232 animum
1174 1196 1394 1232 adolescen-

278 1261 328 1297 tis
358 1260 540 1303 ferocem,
569 1259 789 1305 laudarent3
824 1261 954 1310 Scipio
985 1261 1039 1296 ita
1071 1260 1219 1296 locutus
1249 1260 1395 1297 fertur:

281 1326 332 1362 Et
351 1327 426 1374 ipse
443 1326 484 1366 Q.
502 1326 630 1361 Fabius
644 1327 825 1373 principio
842 1327 1028 1367 orationis,
1048 1326 1178 1361 Patres
1192 1327 1394 1373 conscripti,

282 1392 584 1433 commemoravit,
616 1391 654 1426 in
686 1392 859 1426 sententia
888 1403 955 1425 sua
979 1402 1080 1438 posse
1108 1390 1396 1426 obtrectationem

279 1459 479 1503 suspectam
498 1466 579 1491 esse.
630 1453 738 1501 Cujus
757 1466 820 1502 ego
838 1456 890 1490 rei
910 1466 980 1490 non
997 1459 1069 1489 tam
1089 1456 1163 1502 ipse
1178 1456 1294 1497 ausim
1314 1459 1396 1490 tan-

282 1524 358 1555 tum
381 1520 499 1554 virum
527 1519 749 1560 insimulare,
771 1531 874 1566 quam
906 1530 947 1552 ea
971 1519 1137 1565 suspicio,
1157 1519 1244 1553 vitio
1264 1520 1398 1554 oratio-

281 1584 349 1626 nis,
371 1595 419 1618 an
442 1584 509 1624 rei,
531 1583 630 1618 liaucl
653 1594 739 1618 sane
759 1587 920 1631 purgata
939 1587 1000 1617 est.
1048 1581 1109 1617 Sic
1128 1583 1222 1617 enim
1250 1581 1399 1618 honores

282 1659 362 1683 suos
381 1651 416 1683 et
433 1646 582 1696 famam
609 1659 730 1683 rerum
745 1652 930 1694 gestarum
959 1647 1087 1682 extulit
1114 1646 1240 1688 verbis,
1260 1647 1309 1681 ad
1338 1659 1397 1682 cx-

283 1713 535 1759 stinguendum
562 1713 705 1747 ini-idice
731 1713 874 1753 crimen,
896 1716 1077 1759 tamquam
1103 1710 1192 1746 milii
1217 1710 1259 1746 ab
1278 1711 1399 1759 infimo

285 1788 422 1826 quoque
441 1777 642 1825 periculum
665 1779 725 1819 sit,
744 1789 788 1812 ne
812 1789 949 1812 mecum
967 1777 1153 1811 cumuletur
1168 1792 1179 1812 .·
1207 1780 1242 1811 et
1265 1787 1336 1811 non
1355 1776 1400 1811 ab

286 1854 341 1884 eo,
372 1843 446 1890 qui,
478 1843 562 1889 quia
593 1853 700 1889 super
729 1847 861 1877 ceteros
890 1841 1055 1882 excellat,
1086 1852 1153 1888 quo
1182 1852 1237 1876 me
1265 1852 1401 1888 quoque

286 1907 356 1942 niti
385 1918 456 1941 non
475 1907 671 1948 dissimulo,
692 1918 748 1941 nze
775 1906 841 1942 sibi
859 1908 995 1953 aequari
1021 1905 1138 1940 nolit:
1164 1906 1214 1940 sic
1231 1916 1345 1940 senem
1364 1916 1401 1952 se

279 1969 514 2018 perfunctum
543 1970 744 2012 honoribus,
766 1975 801 2005 et
830 1981 883 2004 me
911 1968 1009 2016 infra
1039 1973 1175 2004 oetatem
1193 1968 1272 2016 filii
1291 1970 1401 2004 etiam

283 2036 339 2070 sui
365 2036 511 2082 posuit5
543 2039 725 2082 tamquam
755 2047 826 2070 non
846 2035 997 2080 longius,
1021 2045 1126 2081 quam
1148 2037 1321 2080 quantum
1346 2035 1400 2068 vi-

286 2104 331 2135 tae
357 2099 522 2135 humanae
546 2101 705 2146 spatium
729 2104 792 2141 est,
822 2100 1000 2146 cupiditas
1022 2098 1149 2144 gloriae
1174 2098 1400 2140 extendatur,

285 2164 513 2211 maximaque
528 2176 615 2211 pars
629 2162 702 2209 ejus
722 2165 756 2199 in
772 2165 977 2199 memoriani
993 2175 1036 2197 ac
1051 2164 1295 2210 posteritatem
1312 2174 1398 2210 pro-

283 2229 433 2264 mineat.
488 2228 649 2264 Maximo
669 2230 793 2276 cuique
813 2229 849 2263 id
867 2229 1026 2263 accidere
1045 2228 1165 2262 animo
1181 2231 1313 2262 certum¹
1334 2226 1399 2262 ha-

284 2291 359 2334 beo,
380 2296 421 2327 ut
448 2303 484 2327 se
512 2304 580 2327 non
600 2304 678 2328 cuni
703 2292 932 2340 praesentibus
962 2292 1078 2332 moda,
1099 2292 1159 2326 sed
1179 2292 1402 2326 cummunis

284 2357 350 2393 (cci
369 2356 476 2392 claris
500 2358 597 2400 viris,
618 2362 836 2406 comparent.
885 2356 1062 2405 Equidem
1082 2356 1181 2393 haud
1201 2356 1402 2398 dissimulo,
