1507 2656
177 474 527 523 EPITOME
573 475 796 523 LIBRI
836 475 1037 523 XXXI.

45 722 257 801 BELLI
299 724 474 773 adversus>
503 723 719 772 Philippum
762 722 985 759 Macedoniae
1028 734 1161 770 regem,

145 788 238 835 quod
266 789 501 823 intermissum
521 793 611 830 erat,
635 788 779 835 repetiti
808 797 938 822 caussae
956 785 1163 832 referuntur

44 853 108 889 hee.
171 854 342 900 Tempore
368 853 562 888 Initiorum
591 853 662 888 duo
683 850 831 898 juvenes
853 851 1071 893 Acarnanes,
1103 853 1165 898 qui

42 927 113 952 non
141 917 277 951 initiati
305 921 422 959 erant,
443 917 603 952 Athenas
630 920 814 958 venerunt,
842 920 876 950 et
904 917 941 950 in
964 918 1165 952 sacrarium

45 979 182 1016 Cereris
199 991 278 1015 cum
298 980 389 1027 aliis,
395 981 631 1027 popularibus
652 981 724 1015 suis
744 981 995 1015 intrat-erunt.-
1024 979 1065 1015 ob
1085 980 1162 1022 hoc,

42 1048 225 1091 tamquam
253 1042 356 1091 nefas
382 1055 557 1079 summum
584 1044 847 1084 commisissent,
870 1043 914 1077 ab
933 1043 1162 1078 Atheniensi-

41 1107 102 1142 bus
119 1108 199 1142 ccesi
224 1112 319 1142 sunt.
375 1108 596 1149 Acarnanes,
621 1106 792 1143 mortibus
818 1118 961 1142 suorum
982 1108 1160 1149 commoti,

41 1171 90 1206 ad
120 1171 352 1206 vindicandos
385 1171 465 1206 illos
501 1171 675 1207 auxilium
708 1183 731 1205 a
760 1170 934 1218 Philippo
965 1172 1161 1218 petierunt.

44 1235 177 1270 Paucis
194 1234 366 1270 mensibus
390 1239 473 1282 post
496 1247 623 1282 pacem
644 1234 1001 1281 Karthaginiensibus
1020 1236 1159 1277 datam,

41 1299 319 1346 quingentesimo
357 1300 646 1346 quinquagesimo
679 1311 774 1335 anno
812 1299 855 1334 ab
885 1299 969 1334 urbe
1001 1301 1159 1342 condita,

42 1375 149 1410 quum
170 1362 452 1406 Atheniensium,
485 1365 544 1411 qui
574 1364 820 1400 obsidebantur
849 1377 870 1399 a
891 1364 1077 1412 Philippo,
1110 1365 1160 1399 le-

37 1429 119 1474 gati
139 1427 313 1463 auxilium
333 1440 356 1462 a
373 1433 499 1464 senatu
523 1430 706 1476 petissent,
728 1434 763 1464 et
779 1433 922 1464 senatus
950 1430 988 1464 id
1007 1431 1159 1464 censuis-

35 1495 92 1526 set
108 1489 318 1538 ferendum,
337 1491 452 1539 plebe,
475 1494 569 1539 quod
590 1497 642 1528 tot
664 1493 833 1528 bellorum
854 1494 1042 1528 continuus
1061 1493 1160 1528 labor

0 1576 1 1588 ÷
35 1556 156 1602 gravis
183 1559 274 1597 erat,
296 1556 534 1598 dissentiente,
565 1558 678 1592 tenuit
706 1559 900 1592 auctoritas
920 1557 1088 1598 Patrum,
1118 1561 1159 1592 ut

38 1620 140 1654 socia?
160 1620 296 1654 civitati
305 1619 404 1668 ferri
424 1633 524 1669 opem
543 1623 699 1669 popalus
719 1633 854 1669 quoque
863 1620 1015 1667 juberet.
1072 1621 1157 1657 Bel-

41 1683 115 1718 lum
144 1684 182 1719 id
209 1684 254 1719 P.
275 1684 438 1732 Sulpicio
458 1687 591 1721 consuli
619 1687 827 1721 nzamlatum
857 1691 932 1721 est:
961 1688 1035 1733 qui,
1057 1698 1156 1721 exer-

38 1749 111 1783 citu
128 1749 163 1782 in
178 1747 433 1795 ,silacecloniam
453 1749 573 1791 (lucto,
591 1750 805 1797 equestribus
820 1751 954 1798 prediis
970 1763 1049 1785 cum
1066 1750 1157 1785 Phi·

39 1813 137 1860 lippo
160 1825 329 1862 prospere
352 1816 540 1862 pugnavit.
597 1816 757 1863 Abydeni
781 1829 802 1851 a
822 1816 993 1864 Philippo
1019 1816 1155 1859 obsessi,

38 1877 86 1912 ad
122 1878 321 1925 exemplum
362 1878 660 1925 Saguntinorum,
691 1892 769 1916 suos
799 1893 903 1928 seque
940 1881 1156 1916 occiderunt.

37 1940 82 1978 L.
103 1941 230 1996 Furius
245 1947 380 1990 praetor
405 1944 529 1979 Gallos
550 1945 711 1980 Insubres
729 1945 937 1980 rebellantes
956 1951 989 1980 et
1007 1945 1155 1980 Hamil-

36 2016 154 2040 carem
174 2006 338 2049 Poenum,
360 2007 487 2042 bellum
505 2010 539 2043 in
557 2020 598 2043 ea
613 2013 719 2056 parte
736 2010 950 2051 molientem,
969 2011 1043 2044 acie
1058 2011 1155 2044 vicit.

36 2067 228 2105 Hamilcar
251 2083 290 2106 eo
316 2071 406 2106 bello
426 2073 559 2107 occisus
587 2077 649 2113 est,
671 2077 705 2107 ct
734 2074 852 2108 millia
879 2073 1056 2108 hominum
1089 2075 1155 2108 tri-

36 2133 141 2179 ginta
160 2145 229 2169 sex.
269 2135 449 2171 Praeterea
467 2138 707 2185 expeditiones
727 2137 891 2184 Philippi
909 2139 1000 2183 regis
1018 2141 1051 2172 et
1069 2137 1154 2172 Sul-

33 2197 125 2243 picii
143 2198 306 2240 consulis,
328 2202 674 2248 expugnationesque
693 2200 829 2236 urbium
845 2200 887 2235 ab
907 2199 1154 2248 utroquefae-

39 2265 106 2301 tas,
129 2263 293 2297 continet.
350 2263 533 2311 Sulpicius
553 2266 685 2307 consul,
707 2263 960 2311 adjuvantibus
985 2276 1066 2312 rege
1085 2266 1155 2300 At-

41 2326 115 2359 talo
135 2330 170 2361 et
188 2326 350 2370 Rhodiis,
372 2328 500 2365 bellum
517 2330 672 2378 gerebat.
729 2329 980 2378 Triumphauit
1000 2330 1042 2365 cle
1066 2329 1155 2365 Gal·

43 2389 86 2425 lis
104 2389 148 2426 L.
162 2391 287 2428 Furius
301 2397 445 2441 pra-tor.

559 2459 597 2495 N
618 2461 639 2496 5
