1523 2666
239 192 298 234 40
703 189 751 219 T.
775 190 910 220 L1V11

36 280 353 322 13‚C,544,aedem
389 278 510 316 Jovis.
566 277 749 315 Volsiniis
787 280 972 329 sanguine
1009 279 1135 317 lacum
1171 293 1357 320 manasse.
1396 322 1399 325 ,

34 334 78 370 3·
92 334 132 366 C·
148 340 223 366 2⁰⁸·
236 345 389 382 Horum
418 344 680 394 prodigiorum
709 356 843 380 caussa
861 345 961 381 diem
982 358 1100 382 unum
1131 346 1361 397 supplicatio

234 410 321 448 fuit.
377 408 452 446 Per
471 409 549 445 dies
569 408 716 457 aliquot
733 409 870 445 hostiae
890 409 1054 460 majores
1076 411 1156 447 sine
1184 411 1362 447 litatione

234 487 356 518 caesae,
379 474 517 523 diuque
546 485 624 509 non
653 474 844 523 inpetrata
862 486 937 524 pax
966 474 1106 512 Deum.
1164 475 1210 511 In
1237 475 1364 525 capita

236 539 451 581 consulum,
481 536 675 588 republica
702 537 902 582 incolumi,
933 540 1137 576 exitiabilis
1167 540 1364 590 prodigio-

236 617 321 642 rum
358 609 514 640 eventus
553 602 677 639 vertit.
724 601 826 638 Ludi
859 603 1115 653 Apollinares,
1151 603 1364 647 Q.Fulvio,

236 669 311 719 Ap.
326 668 487 704 Claudio
507 666 740 710 consulibus,
766 680 787 703 a
806 667 848 704 P.
864 668 1045 704 Cornelio
1067 668 1171 704 Sulla
1200 675 1365 718 praetore

236 733 340 770 urbis
360 733 524 784 primum
542 731 635 768 facti
655 739 784 767 erant:
818 732 906 769 inde
923 745 1054 769 omnes
1072 733 1248 782 deinceps
1268 745 1366 781 prae-

237 803 340 834 tores
357 796 492 833 urbani
508 796 677 832 fecerant
693 812 700 832 :
734 796 799 832 sed
814 797 852 832 in
870 810 986 833 unum
1003 809 1145 833 annum
1161 796 1365 841 vovebant,

238 862 374 911 dieque
393 862 538 898 incerta
557 860 762 897 faciebant.
809 861 870 897 Eo
887 874 987 898 anno
1008 861 1227 911 pestilentia
1242 863 1365 910 gravis

238 926 373 962 incidit
408 926 448 961 in
485 925 617 961 urbem
648 937 859 974 agrosque:
894 939 977 974 quae
1007 933 1136 962 tamen
1168 927 1288 975 magis
1326 927 1366 962 in

239 989 377 1039 longos
403 989 573 1033 morbos,
601 1003 715 1039 qnam
745 990 783 1025 in
814 990 1053 1039 pernici-ales,
1082 991 1212 1026 evasit.
1268 989 1365 1040 Ejus

238 1054 467 1105 pestilentiae
488 1067 621 1092 caussa
651 1060 689 1090 et
718 1055 973 1104 supplicatum
1002 1068 1067 1104 per
1096 1055 1264 1104 compita
1284 1061 1366 1090 tota

241 1119 334 1156 urbe
350 1125 421 1163 est,
440 1125 478 1155 et
494 1119 536 1155 P.
549 1119 721 1155 Licinius
736 1119 857 1155 Varus
875 1126 1015 1168 praetor
1034 1118 1136 1155 urbis
1152 1119 1274 1167 legem
1291 1118 1366 1155 fer-

241 1196 281 1220 re
301 1184 349 1220 ad
368 1184 551 1234 populum
564 1183 709 1234 jussus,
728 1191 769 1219 ut
783 1184 823 1219 hi
839 1183 917 1220 ludi
935 1185 973 1219 in
991 1190 1216 1234 perpetuum
1232 1184 1272 1219 in
1289 1189 1367 1220 sta-

240 1254 321 1285 tam
341 1248 441 1284 diem
467 1255 707 1285 voverentur.
765 1248 852 1297 Ipse
877 1249 1019 1299 primus
1039 1249 1093 1283 ita
1120 1248 1237 1291 vovit,
1257 1248 1369 1284 fecit—

242 1325 315 1360 que
348 1319 437 1349 ante
466 1313 565 1348 diem
591 1313 747 1348 tertium
772 1312 908 1348 Nonas
938 1311 1166 1351 Quinctiles.
1223 1312 1262 1348 Is
1289 1312 1368 1350 dies

242 1376 378 1412 deinde
398 1377 591 1413 sollemnis
612 1384 794 1413 servatuS.

298 1440 452 1478 XXIV.
482 1441 543 1478 De
570 1442 759 1477 Arretinis
787 1447 825 1477 et
850 1441 952 1477 fama
980 1441 1019 1477 in
1041 1441 1119 1477 dies
1137 1441 1303 1489 gravior,
1331 1448 1369 1478 et

245 1519 336 1542 cura
355 1519 521 1542 crescere
541 1506 730 1543 Patribus.
788 1505 924 1554 Itaque
941 1506 983 1543 C.
997 1505 1170 1543 Hostilio
1187 1507 1372 1557 scriptum

245 1579 318 1614 est,
347 1583 396 1606 ne
415 1571 581 1607 differret
611 1571 762 1607 obsides
793 1570 839 1607 ab
869 1571 1058 1606 Arretinis
1090 1571 1282 1620 accipere:
1316 1578 1368 1615 et,

247 1636 309 1670 eui
327 1634 494 1670 traderet
513 1634 680 1670 Romam
697 1634 951 1677 deducendos,
970 1635 1014 1670 C.
1027 1634 1228 1670 Terentius
1245 1635 1370 1671 Varro

247 1711 333 1734 eum
353 1699 513 1748 imperio
534 1700 668 1734 missus
686 1713 693 1733 :
728 1699 791 1747 qui
808 1704 849 1733 ut
866 1698 1033 1741 advenit,
1051 1697 1242 1748 extemplo
1263 1697 1370 1734 Hos-

247 1761 349 1797 tilius
372 1761 561 1810 legionem
583 1775 710 1805 unam,
733 1775 815 1811 quae
841 1769 929 1798 ante
950 1761 1082 1797 urbem
1103 1767 1226 1798 castra
1251 1762 1373 1799 habe-

246 1825 327 1870 bat,
355 1827 466 1874 signa
495 1827 534 1862 in
565 1826 696 1862 urbem
716 1826 813 1862 ferre
837 1825 968 1875 jussit,
998 1826 1247 1875 praesidiaque
1276 1826 1370 1863 locis

247 1890 393 1926 idoneis
425 1890 625 1940 disposuit,
663 1897 745 1926 tum
782 1891 820 1926 in
850 1890 936 1926 foro
974 1890 1099 1926 citatis
1131 1890 1376 1927 senatoribus

248 1953 398 1991 obsides
426 1955 635 2004 imperavit.
694 1955 823 1994 Quum
849 1965 1001 1990 senatus
1022 1954 1178 1990 biduum
1206 1955 1252 1990 ad
1278 1968 1370 1991 con-

248 2018 489 2054 siderandum
509 2026 654 2068 peteret
670 2027 832 2069 tempus,
850 2026 916 2055 aut
937 2019 1036 2068 ipsos
1059 2018 1251 2068 extemplo
1267 2019 1374 2062 dare,

248 2089 313 2118 aut
334 2094 373 2118 se
400 2090 556 2132 postero
576 2083 636 2118 die
664 2089 884 2118 senatorum
904 2094 1035 2118 omncs
1062 2081 1200 2117 liberos
1229 2090 1374 2119 sumtu-

247 2159 344 2189 rum,
367 2146 507 2183 edixit:
542 2147 628 2183 inde
653 2154 782 2197 portas
805 2147 993 2183 custodire
1008 2145 1107 2197 jussi
1134 2145 1278 2182 tribuni
1301 2148 1374 2183 mi-

246 2210 372 2254 litum,
401 2211 644 2261 praefectique
671 2212 831 2255 socium,
860 2219 898 2248 et
927 2211 1185 2253 centuriones,
1217 2223 1265 2246 ne
1288 2212 1372 2260 quis

246 2280 360 2310 nocte
382 2275 474 2311 urbe
500 2276 633 2313 exiret.
691 2276 736 2312 Id
761 2277 913 2324 segnius
940 2275 1273 2324 negligentiusque
1292 2274 1373 2312 fac-

243 2344 351 2376 tum:
385 2346 531 2392 septem
549 2341 739 2393 principes
760 2347 927 2386 senatus,
949 2341 1169 2393 priusquam
1189 2339 1378 2378 custodiae-
