1507 2656
294 193 446 222 LIBER
471 191 637 219 XXVII.
671 190 992 218 CAP.XXX111.
1139 185 1192 231 53

88 288 252 336 quinque
280 286 396 322 millia
426 298 602 336 passuum
633 284 679 320 ab
710 283 801 319 urbe
830 283 1011 320 Eleorum
1043 283 1191 333 posuit:

84 359 237 399 postero
269 351 313 387 ad
343 349 535 386 castellum
562 349 745 398 (Pyrgiun
776 346 933 392 vocant)
957 348 1084 396 copias
1113 360 1195 383 om-

84 426 149 450 nes
167 415 316 450 eduxit:
351 428 426 462 quo
448 414 651 461 agrestium
674 412 955 448 multitudinem
976 425 1059 447 cum
1081 425 1197 461 peeo-

86 479 187 514 rilms
205 485 305 514 metu
325 476 615 527 populationum
633 476 866 526 compulsam
884 476 1054 511 audierat
1073 490 1080 510 τ
1114 489 1197 512 eam

84 543 316 578 inconditam
337 543 592 590 inermemque
617 540 897 576 multitudinem
924 541 1046 590 primo
1067 541 1197 576 statim

83 612 226 642 terrore
246 606 447 641 adveniens
469 606 590 654 cepit:
624 612 1009 654 compensaveratque
1031 617 1075 640 ea
1100 618 1197 655 prae-

83 670 144 712 da,
166 670 265 719 quod
288 669 506 718 ignomiuiae
527 669 572 705 ad
596 668 694 704 Elim
715 675 910 718 acceptum
932 668 1066 705 fuerat.
1123 668 1195 704 Di-

83 735 222 770 videnti
245 735 407 784 praedam
428 734 672 783 captivosque
696 733 863 779 (fueraut
886 739 1012 769 autem
1033 739 1195 781 quatuor

83 798 202 834 millia
220 798 431 841 hominum,
452 799 597 848 pecoris
619 797 741 833 omnis
762 797 909 845 generis
937 797 983 832 ad
1003 797 1121 833 millia
1140 799 1195 834 vi-

83 862 197 910 ginti)
219 862 378 897 nuncius
407 875 452 897 ex
475 860 705 897 Macedonia
730 860 847 903 venit,
874 860 1045 910 Eropum
1066 874 1196 909 quem·

85 924 185 967 dam,
220 920 407 974 conrupto
441 925 536 961 arcis
572 925 809 974 praesidiique
841 924 1037 974 praefecto,
1068 925 1198 975 Lych-

84 989 215 1027 nidum
244 990 409 1039 cepisse:
446 995 575 1025 tenere
608 995 646 1024 et
674 988 983 1024 Dassaretiorum
1014 990 1199 1038 quosdam

84 1054 202 1097 vicos,
235 1059 272 1089 et
301 1053 502 1090 Dardanos
529 1054 642 1088 etiam
672 1053 835 1089 concire.
893 1052 1047 1089 Omisso
1080 1054 1199 1102 igitur

84 1118 254 1154 Achaico
289 1116 405 1160 bello,
444 1117 583 1152 relictis
613 1122 739 1152 tamen
776 1116 922 1152 duobus
956 1116 1122 1152 millibus
1161 1123 1200 1153 et

85 1181 302 1230 quingentis
330 1180 452 1216 omnis
474 1180 620 1227 generiS
649 1186 881 1216 armatorum
908 1191 990 1215 cum
1011 1180 1198 1230 BIenippo

85 1250 124 1281 et
139 1243 380 1293 Polyphanta
402 1243 558 1279 ducibus
579 1243 624 1278 ad
647 1243 860 1292 praesidium
882 1243 1086 1286 sociorum,
1108 1256 1198 1292 pro-

86 1309 206 1346 fectus
228 1307 274 1344 ab
299 1307 450 1356 Dymis,
471 1319 537 1357 per
555 1307 741 1342 Achaiam
767 1307 1035 1355 Boeotiamque
1062 1313 1099 1342 et
1118 1307 1199 1342 Eu-

86 1373 228 1416 boeam,
249 1373 401 1408 decimis
430 1373 560 1408 castris
587 1371 870 1408 Demetriadem
897 1372 935 1407 in
961 1371 1199 1408 Thessaliam

85 1437 268 1489 pervenit.

140 1501 342 1538 XXXIII.
374 1501 432 1537 Ibi
454 1501 531 1542 alii,
546 1499 726 1549 majorem
749 1499 959 1536 adferentes
980 1499 1199 1544 tumultum,

86 1566 213 1601 nuncii
242 1566 473 1601 obem-runt:
508 1565 724 1606 Dardanos,
755 1565 791 1599 in
813 1565 1080 1599 Macedonium
1107 1564 1200 1600 cffu-

87 1632 163 1670 s'os,
191 1629 404 1664 Orestidem
433 1628 514 1678 jam
546 1635 688 1670 tenere,
720 1641 762 1663 ac
793 1628 1029 1662 descendisse
1058 1629 1095 1662 in
1126 1629 1200 1663 Ar-

87 1697 267 1739 gestaeum
299 1705 496 1741 campum:
529 1692 744 1739 famamque
775 1692 874 1726 inter
893 1691 1074 1727 barbaros
1102 1692 1200 1738 cele-

85 1754 191 1790 brem
229 1768 323 1798 esse,
358 1756 577 1806 Philippum
614 1758 794 1792 occisum.
850 1756 1106 1806 Expeditione
1140 1770 1198 1799 ea,

87 1831 160 1866 qua
180 1831 262 1854 cum
283 1820 571 1870 populatoribus
599 1821 679 1867 agri
708 1821 753 1856 ad
775 1820 974 1868 Sicyonem
1001 1821 1198 1869 pugnavit,

87 1882 126 1917 in
156 1882 329 1918 arborem
359 1884 497 1919 inlatus
528 1886 658 1933 inpetu
690 1884 789 1931 equi,
811 1883 858 1918 ad
890 1884 1119 1919 eminentem
1139 1898 1199 1920 ra-

86 1957 188 1981 mum
215 1959 331 1982 cornu
363 1947 520 1983 alterum
546 1948 660 1996 galeae
691 1948 906 1996 praefregit:
940 1948 975 1982 id
1005 1948 1199 1985 inventum

88 2008 134 2044 ab
148 2008 283 2044 AEtolo
301 2011 477 2058 quodam,
496 2011 755 2060 perlatumque
772 2012 810 2045 in
824 2010 1010 2046 Altoliaui
1028 2011 1073 2046 ad
1090 2012 1199 2047 Scer-

87 2072 273 2116 dilaedum,
296 2075 353 2109 cui
385 2082 517 2110 notum
546 2081 626 2110 crat
656 2076 802 2123 insigne
823 2074 952 2122 galeae,
975 2074 1113 2110 suniam
1142 2077 1199 2111 iu-

86 2135 232 2172 terfecti
253 2139 351 2185 regis
373 2138 551 2186 vulgavit.
582 2139 674 2174 Post
695 2138 971 2187 profectionem
993 2151 1037 2173 ex
1054 2139 1200 2175 Achaia

87 2201 198 2248 regiS,
222 2202 423 2251 Sulpicius,
445 2203 627 2250 nginam
649 2203 766 2238 classe
793 2203 1001 2252 profectu&
1024 2215 1107 2237 cum
1130 2204 1200 2238 At-

88 2263 166 2298 talo
197 2277 277 2300 sese
309 2265 521 2314 conjunxit.
580 2267 709 2302 Achaei
740 2279 824 2302 cum
855 2267 997 2302 AEtolis
1024 2266 1200 2314 Eleisque

90 2327 188 2363 haud
207 2330 339 2380 procul
366 2330 542 2367 Messene
573 2344 791 2381 prosperam
823 2344 987 2381 pugnaui
1015 2330 1200 2367 fecerunt.

607 2395 686 2430 D3

1212 283 1251 312 U.
1267 283 1302 313 C.
1320 290 1393 313 544.

1210 327 1250 357 A.
1264 327 1300 356 C.
1316 332 1391 356 ⁴20⁸.

1210 728 1301 759 Redit
1317 730 1350 760 in

1209 771 1360 820 Macedo-

1211 825 1311 846 niam.
