1523 2666
324 140 410 195 356
783 154 828 184 Τ.
853 154 987 186 mvn

128 238 472 313 1i·(‘:3-⁵⁵4·AE]tolos
491 247 567 280 tum
586 245 695 281 classe
713 244 952 291 adjuverunt:
980 259 1044 283 nec
1062 248 1148 284 duce
1166 249 1357 293 consulari,
1379 260 1456 287 nea

160 305 167 312 ’
210 304 219 314 “
238 291 310 317 ¹⁹8⁸
323 309 479 343 exercitu
498 308 627 344 bellum
643 316 823 357 gesserunt
835 327 848 347 .·
874 313 1049 347 sociorum
1069 313 1235 361 Philippi
1252 316 1444 350 maritima:

321 372 422 408 urbes
440 375 478 408 in
499 378 633 409 terrore
651 387 694 411 ac
725 377 879 411 tumultu
906 382 1035 413 erant:
1062 379 1325 414 mediterranea
1353 380 1442 414 adeo

322 443 403 474 tuta
422 439 465 475 ab
485 440 659 476 Romanis
684 443 795 477 armis
811 441 984 490 fuerunt,
1006 449 1046 479 ut
1067 444 1263 493 Philippus
1280 445 1446 487 AEtolos,

319 505 562 552 nequidquam
590 517 691 552 opem
718 506 963 542 Romanorum
993 510 1224 555 inplorantes,
1245 510 1442 557 depopula-

319 573 434 604 retur.
492 569 599 605 Nunc
632 574 751 605 autem
782 570 946 618 defuncti
978 573 1068 608 bello
1098 575 1237 610 Punico
1268 574 1440 616 Romani,

320 634 417 681 quod
429 645 495 680 per
511 635 686 670 sexdecim
705 647 815 670 annos
832 636 928 671 velut
948 638 1045 672 intra
1064 639 1196 673 viscera
1214 639 1334 674 Italiae
1354 639 1442 673 tole-

318 703 503 740 raverunt,
524 711 596 734 non
617 701 828 747 praesidium
846 701 987 736 AEtolis
1015 702 1227 737 bellantibus
1254 704 1441 745 miserunt,

317 763 380 798 secl
401 764 468 810 ipsi
487 764 592 799 duces
610 764 692 800 belli
710 777 814 800 arma
834 770 929 801 terra
948 768 1112 814 marique
1135 767 1244 802 simul
1267 766 1441 802 Macedo-

315 828 387 862 niae
413 828 625 863 intulerunt.
690 829 830 864 Tertius
852 827 935 874 jam
964 831 1086 865 consul
1113 842 1252 866 summa
1282 831 1317 866 vi
1346 833 1443 878 gerit

316 890 459 926 bellum.
498 891 694 939 Sulpicius,
715 894 753 927 in
772 894 853 940 ipsa
872 893 1090 929 ‚Macedonia
1108 905 1321 941 congressus,
1331 893 1442 942 fudit

305 954 528 1004 fugavitque
552 968 696 1004 regem5
728 962 872 1005 partem
901 958 1204 1006 opulentissimam
1233 960 1334 1005 regni
1367 957 1442 1004 ejus

315 1020 579 1068 depopulatus:
608 1033 700 1057 nunc
721 1022 908 1062 Quinctius
927 1026 1100 1058 tenentem
1128 1023 1288 1058 claustra
1317 1023 1438 1070 Epiri,

314 1089 450 1120 natura
481 1087 561 1128 loci,
595 1088 838 1128 munimentis,
873 1089 1096 1135 exercituque
1117 1086 1277 1135 fretum,
1312 1089 1439 1123 castris

315 1151 441 1185 exuit:
462 1150 668 1198 fugientem
700 1152 737 1186 in
776 1151 995 1187 Thessaliam
1021 1157 1238 1200 persecutus,
1266 1153 1440 1200 praesidz'a

314 1216 416 1261 regia
433 1216 614 1263 sociasque
632 1213 705 1260 ejus
723 1215 825 1251 urbes
840 1227 954 1263 prope
976 1217 1014 1250 in
1043 1221 1230 1264 conspectu
1257 1217 1351 1263 regis
1381 1217 1438 1263 ip-

312 1280 385 1314 sius
409 1281 639 1326 expugnavit,
698 1281 754 1315 Ne
770 1282 841 1316 sint
857 1293 956 1323 vera,
979 1293 1056 1328 quoe
1074 1281 1306 1316 Athenienses
1332 1282 1445 1317 modo

313 1343 426 1390 legati
452 1345 496 1379 de
525 1345 752 1388 crudelitate,
774 1346 946 1388 avaritia,
969 1346 1115 1381 libidine
1132 1348 1226 1393 regis
1245 1347 1410 1381 dixerunt
1424 1361 1437 1382 .-

310 1407 406 1442 nihil
424 1409 473 1443 ad
502 1420 566 1444 nos
581 1410 802 1456 pertineant,
824 1422 901 1457 quae
919 1411 957 1445 in
979 1414 1076 1445 terra
1094 1411 1221 1446 Attica
1238 1410 1372 1445 scelera
1398 1410 1437 1445 in

311 1482 457 1519 superos
482 1471 686 1520 inferosque
715 1474 815 1509 Deos
842 1478 925 1509 sunt
953 1474 1134 1509 admissa:
1162 1474 1276 1509 multo
1304 1474 1435 1515 minus,

312 1546 391 1583 quae
412 1536 519 1572 Ciani
536 1537 778 1585 Abydenique,
801 1539 862 1585 qui
877 1538 1006 1585 procul
1024 1549 1047 1572 a
1065 1537 1163 1573 nobis
1181 1537 1319 1578 absunt,
1338 1538 1437 1584 passi

311 1604 394 1635 sunt
406 1616 418 1635 :
448 1605 651 1636 nostrorum
669 1603 738 1648 ipsi
755 1602 958 1643 vulnerum,
974 1603 1005 1636 si
1025 1602 1146 1642 vultis,
1165 1600 1414 1636 obliviscamur
1420 1616 1434 1644 ,-

310 1664 423 1700 caedes
441 1665 726 1713 direptionesque
745 1666 914 1701 bonorum
936 1666 1104 1701 Messena>
1124 1667 1161 1700 in
1186 1666 1307 1701 media
1326 1665 1436 1700 Pelo-

306 1740 466 1776 ponneso
491 1728 621 1776 factas
636 1746 648 1773 ‚·
691 1734 727 1765 et
763 1717 936 1777 hospitem
975 1729 1185 1778 Cyparissiae
1226 1729 1432 1764 Garitenem

310 1797 436 1828 contra
446 1791 509 1837 jus
524 1805 626 1829 omne
645 1806 687 1829 ac
695 1793 764 1842 fas
779 1796 871 1830 inter
885 1795 1010 1842 epulas
1021 1807 1137 1842 prope
1155 1795 1250 1841 ipsas
1265 1794 1433 1831 occisum:

309 1861 345 1891 et
376 1858 533 1892 Aratum
558 1863 699 1905 patrem
720 1859 916 1907 filiumque
946 1860 1142 1906 Sicyonios,
1175 1870 1283 1906 qzium
1313 1869 1434 1893 senem

309 1921 491 1969 infelicem
507 1928 694 1970 parentem
713 1925 823 1959 etiam
842 1924 1029 1970 adpellare
1046 1924 1174 1958 solitus
1198 1927 1298 1964 esset,
1319 1923 1431 1957 inter-

297 1985 420 2034 sectos
430 2003 443 2030 ,·
460 1987 538 2035 filii
558 1989 666 2023 etiam
685 2000 831 2024 uxorem
859 1987 1014 2023 libidinis
1043 1999 1166 2023 caussa
1196 1987 1231 2021 in
1257 1986 1431 2022 Macedo-

307 2052 408 2086 niam
436 2056 657 2099 asportatam
677 2068 688 2088 .·
727 2057 844 2088 cetera
877 2057 1005 2099 stupra
1034 2052 1215 2098 virginum
1242 2055 1434 2086 matrona-

306 2126 457 2162 rumque
485 2115 652 2150 oblivz'oni
680 2116 832 2152 dentur:
869 2128 912 2151 ne
941 2117 1013 2151 sint
1041 2127 1121 2151 cum
1154 2114 1328 2162 Philippo
1361 2126 1429 2157 res,

307 2177 407 2223 cujus
426 2180 650 2215 crudelitatis
670 2184 765 2215 metu
796 2180 1018 2216 obmutuistis
1047 2191 1186 2215 omnes:
1223 2180 1324 2226 (nam
1353 2190 1431 2225 quae

307 2242 385 2277 alia
405 2243 547 2278 tacendi
565 2244 748 2279 advocatis
774 2245 811 2279 in
842 2245 1030 2280 concilium
1060 2255 1184 2279 caussa
1212 2246 1263 2277 est
1280 2241 1317 2288 ,9)
1348 2253 1431 2278 cum.

306 2308 500 2355 Antigono,
521 2309 706 2346 iustissimo
725 2320 768 2346 ac
786 2307 984 2355 justissimo
1003 2320 1097 2357 rege,
1119 2313 1154 2344 et
1173 2308 1217 2345 de
1234 2306 1333 2344 nobis
1351 2317 1428 2355 om}
