<?xml version="1.0" encoding="UTF-8"?>
<!DOCTYPE html PUBLIC "-//W3C//DTD XHTML 1.0 Transitional//EN"
    "http://www.w3.org/TR/xhtml1/DTD/xhtml1-transitional.dtd">
<html xmlns="http://www.w3.org/1999/xhtml" xml:lang="en" lang="en">
 <head>
  <title>
</title>
<meta http-equiv="Content-Type" content="text/html;charset=utf-8" />
  <meta name='ocr-system' content='tesseract 3.04.00' />
  <meta name='ocr-capabilities' content='ocr_page ocr_carea ocr_par ocr_line ocrx_word'/>
</head>
<body>
  <div class='ocr_page' id='page_1' title='image "./historiarumquaes03livyuoft_0554.png"; bbox 0 0 1523 2666; ppageno 0'>
   <div class='ocr_carea' id='block_1_1' title="bbox 281 202 938 249">
    <p class='ocr_par' dir='ltr' id='par_1_1' title="bbox 281 202 938 249">
     <span class='ocr_line' id='line_1_1' title="bbox 281 202 938 249; baseline -0.008 -12"><span class='ocrx_word' id='word_1_1' title='bbox 281 205 365 249; x_wconf 89' lang='lat'>542</span> <span class='ocrx_word' id='word_1_2' title='bbox 737 202 783 232; x_wconf 79' lang='lat' dir='ltr'>T.</span> <span class='ocrx_word' id='word_1_3' title='bbox 805 202 938 233; x_wconf 77' lang='lat' dir='ltr'>mvn</span> 
     </span>
    </p>
   </div>
   <div class='ocr_carea' id='block_1_2' title="bbox 72 291 1399 2334">
    <p class='ocr_par' dir='ltr' id='par_1_2' title="bbox 72 291 1399 2334">
     <span class='ocr_line' id='line_1_2' title="bbox 83 291 1390 344; baseline 0.002 -16"><span class='ocrx_word' id='word_1_4' title='bbox 83 296 262 330; x_wconf 80' lang='lat' dir='ltr'><strong>U.C.550.</strong></span> <span class='ocrx_word' id='word_1_5' title='bbox 281 293 403 336; x_wconf 89' lang='lat' dir='ltr'>todes,</span> <span class='ocrx_word' id='word_1_6' title='bbox 431 303 547 341; x_wconf 91' lang='lat' dir='ltr'>quum</span> <span class='ocrx_word' id='word_1_7' title='bbox 578 302 637 327; x_wconf 91' lang='lat' dir='ltr'>res</span> <span class='ocrx_word' id='word_1_8' title='bbox 670 291 710 327; x_wconf 88' lang='lat' dir='ltr'>in</span> <span class='ocrx_word' id='word_1_9' title='bbox 742 291 860 328; x_wconf 89' lang='lat' dir='ltr'>oculis</span> <span class='ocrx_word' id='word_1_10' title='bbox 890 297 1096 341; x_wconf 85' lang='lat' dir='ltr'>gereretur,</span> <span class='ocrx_word' id='word_1_11' title='bbox 1125 304 1242 344; x_wconf 87' lang='lat' dir='ltr'>pavor</span> <span class='ocrx_word' id='word_1_12' title='bbox 1265 293 1390 344; x_wconf 88' lang='lat' dir='ltr'>primo</span> 
     </span>
     <span class='ocr_line' id='line_1_3' title="bbox 85 341 1389 408; baseline -0.001 -13"><span class='ocrx_word' id='word_1_13' title='bbox 85 341 173 374; x_wconf 56' lang='lat' dir='ltr'>A’c&#39;</span> <span class='ocrx_word' id='word_1_14' title='bbox 186 349 256 376; x_wconf 81' lang='lat'>192.</span> <span class='ocrx_word' id='word_1_15' title='bbox 281 359 403 408; x_wconf 86' lang='lat' dir='ltr'>cepit:</span> <span class='ocrx_word' id='word_1_16' title='bbox 434 356 582 400; x_wconf 87' lang='lat' dir='ltr'>deinde,</span> <span class='ocrx_word' id='word_1_17' title='bbox 599 363 800 406; x_wconf 87' lang='lat' dir='ltr'><strong>postquam</strong></span> <span class='ocrx_word' id='word_1_18' title='bbox 819 356 923 393; x_wconf 86' lang='lat' dir='ltr'>abire</span> <span class='ocrx_word' id='word_1_19' title='bbox 938 356 1159 394; x_wconf 85' lang='lat' dir='ltr'>AEtolorum</span> <span class='ocrx_word' id='word_1_20' title='bbox 1178 370 1314 407; x_wconf 84' lang='lat' dir='ltr'>agmen</span> <span class='ocrx_word' id='word_1_21' title='bbox 1331 359 1389 394; x_wconf 87' lang='lat' dir='ltr'>vi·</span> 
     </span>
     <span class='ocr_line' id='line_1_4' title="bbox 280 421 1391 474; baseline 0 -14"><span class='ocrx_word' id='word_1_22' title='bbox 280 424 382 465; x_wconf 89' lang='lat' dir='ltr'>dere,</span> <span class='ocrx_word' id='word_1_23' title='bbox 418 428 648 458; x_wconf 85' lang='lat' dir='ltr'>concurrunt</span> <span class='ocrx_word' id='word_1_24' title='bbox 684 422 732 458; x_wconf 89' lang='lat' dir='ltr'>ad</span> <span class='ocrx_word' id='word_1_25' title='bbox 759 421 933 459; x_wconf 87' lang='lat' dir='ltr'>relictum</span> <span class='ocrx_word' id='word_1_26' title='bbox 962 423 1115 472; x_wconf 81' lang='lat' dir='ltr'><strong>tyranni</strong></span> <span class='ocrx_word' id='word_1_27' title='bbox 1144 436 1303 474; x_wconf 82' lang='lat' dir='ltr'>corpus:</span> <span class='ocrx_word' id='word_1_28' title='bbox 1352 430 1391 460; x_wconf 84' lang='lat' dir='ltr'>et</span> 
     </span>
     <span class='ocr_line' id='line_1_5' title="bbox 280 486 1390 538; baseline 0 -14"><span class='ocrx_word' id='word_1_29' title='bbox 280 494 537 538; x_wconf 87' lang='lat' dir='ltr'>spectatorum</span> <span class='ocrx_word' id='word_1_30' title='bbox 552 487 666 523; x_wconf 88' lang='lat' dir='ltr'>turba</span> <span class='ocrx_word' id='word_1_31' title='bbox 688 499 734 523; x_wconf 84' lang='lat' dir='ltr'>ex</span> <span class='ocrx_word' id='word_1_32' title='bbox 755 486 973 523; x_wconf 81' lang='lat' dir='ltr'>custodibus</span> <span class='ocrx_word' id='word_1_33' title='bbox 998 488 1086 524; x_wconf 80' lang='lat' dir='ltr'>vitae</span> <span class='ocrx_word' id='word_1_34' title='bbox 1105 488 1313 537; x_wconf 87' lang='lat' dir='ltr'>mortisque</span> <span class='ocrx_word' id='word_1_35' title='bbox 1331 487 1390 524; x_wconf 89' lang='lat' dir='ltr'>ul·</span> 
     </span>
     <span class='ocr_line' id='line_1_6' title="bbox 279 551 1392 603; baseline 0.001 -15"><span class='ocrx_word' id='word_1_36' title='bbox 279 552 425 589; x_wconf 92' lang='lat' dir='ltr'>toribus</span> <span class='ocrx_word' id='word_1_37' title='bbox 446 559 503 588; x_wconf 89' lang='lat' dir='ltr'>est</span> <span class='ocrx_word' id='word_1_38' title='bbox 521 552 634 588; x_wconf 85' lang='lat' dir='ltr'>facta.</span> <span class='ocrx_word' id='word_1_39' title='bbox 676 551 760 587; x_wconf 86' lang='lat' dir='ltr'>Nec</span> <span class='ocrx_word' id='word_1_40' title='bbox 779 552 959 587; x_wconf 81' lang='lat' dir='ltr'>movisset</span> <span class='ocrx_word' id='word_1_41' title='bbox 983 564 1022 588; x_wconf 74' lang='lat' dir='ltr'>se</span> <span class='ocrx_word' id='word_1_42' title='bbox 1042 553 1253 603; x_wconf 87' lang='lat' dir='ltr'>quisquam,</span> <span class='ocrx_word' id='word_1_43' title='bbox 1274 553 1305 588; x_wconf 84' lang='lat' dir='ltr'>si</span> <span class='ocrx_word' id='word_1_44' title='bbox 1325 565 1392 589; x_wconf 85' lang='lat' dir='ltr'>ex·</span> 
     </span>
     <span class='ocr_line' id='line_1_7' title="bbox 278 615 1388 665; baseline 0 -13"><span class='ocrx_word' id='word_1_45' title='bbox 278 616 437 665; x_wconf 87' lang='lat' dir='ltr'>templo,</span> <span class='ocrx_word' id='word_1_46' title='bbox 450 615 584 665; x_wconf 88' lang='lat' dir='ltr'>positis</span> <span class='ocrx_word' id='word_1_47' title='bbox 600 615 728 658; x_wconf 85' lang='lat' dir='ltr'>armis,</span> <span class='ocrx_word' id='word_1_48' title='bbox 744 621 879 651; x_wconf 87' lang='lat' dir='ltr'>vocata</span> <span class='ocrx_word' id='word_1_49' title='bbox 892 615 932 650; x_wconf 90' lang='lat' dir='ltr'>in</span> <span class='ocrx_word' id='word_1_50' title='bbox 945 616 1169 653; x_wconf 89' lang='lat' dir='ltr'>concionem</span> <span class='ocrx_word' id='word_1_51' title='bbox 1184 615 1388 652; x_wconf 85' lang='lat' dir='ltr'>multitudo</span> 
     </span>
     <span class='ocr_line' id='line_1_8' title="bbox 278 679 1391 730; baseline 0 -14"><span class='ocrx_word' id='word_1_52' title='bbox 278 679 426 722; x_wconf 81' lang='lat' dir='ltr'>fuisset,</span> <span class='ocrx_word' id='word_1_53' title='bbox 444 686 482 715; x_wconf 90' lang='lat' dir='ltr'>et</span> <span class='ocrx_word' id='word_1_54' title='bbox 497 679 621 715; x_wconf 86' lang='lat' dir='ltr'>oratio</span> <span class='ocrx_word' id='word_1_55' title='bbox 633 679 765 715; x_wconf 88' lang='lat' dir='ltr'>habita</span> <span class='ocrx_word' id='word_1_56' title='bbox 778 680 938 730; x_wconf 86' lang='lat' dir='ltr'>tempori</span> <span class='ocrx_word' id='word_1_57' title='bbox 955 681 1197 724; x_wconf 88' lang='lat' dir='ltr'>conveniens,</span> <span class='ocrx_word' id='word_1_58' title='bbox 1213 680 1391 729; x_wconf 86' lang='lat' dir='ltr'>frequen-</span> 
     </span>
     <span class='ocr_line' id='line_1_9' title="bbox 277 743 1392 794; baseline 0.001 -15"><span class='ocrx_word' id='word_1_59' title='bbox 277 749 333 779; x_wconf 87' lang='lat' dir='ltr'>tes</span> <span class='ocrx_word' id='word_1_60' title='bbox 360 743 447 779; x_wconf 83' lang='lat' dir='ltr'>inde</span> <span class='ocrx_word' id='word_1_61' title='bbox 469 744 607 779; x_wconf 84' lang='lat' dir='ltr'>retenti</span> <span class='ocrx_word' id='word_1_62' title='bbox 632 744 672 778; x_wconf 90' lang='lat' dir='ltr'>in</span> <span class='ocrx_word' id='word_1_63' title='bbox 701 744 813 779; x_wconf 87' lang='lat' dir='ltr'>armis</span> <span class='ocrx_word' id='word_1_64' title='bbox 833 743 957 780; x_wconf 88' lang='lat' dir='ltr'>AEtoli</span> <span class='ocrx_word' id='word_1_65' title='bbox 987 745 1068 780; x_wconf 88' lang='lat' dir='ltr'>sine</span> <span class='ocrx_word' id='word_1_66' title='bbox 1097 743 1236 794; x_wconf 87' lang='lat' dir='ltr'>injuria</span> <span class='ocrx_word' id='word_1_67' title='bbox 1263 743 1392 794; x_wconf 66' lang='lat' dir='ltr'>cujus-⁶</span> 
     </span>
     <span class='ocr_line' id='line_1_10' title="bbox 277 808 1388 858; baseline -0.002 -13"><span class='ocrx_word' id='word_1_68' title='bbox 277 821 413 858; x_wconf 81' lang='lat' dir='ltr'>quam:</span> <span class='ocrx_word' id='word_1_69' title='bbox 446 809 524 851; x_wconf 90' lang='lat' dir='ltr'>sed,</span> <span class='ocrx_word' id='word_1_70' title='bbox 557 814 598 845; x_wconf 88' lang='lat' dir='ltr'>ut</span> <span class='ocrx_word' id='word_1_71' title='bbox 631 810 801 858; x_wconf 88' lang='lat' dir='ltr'>oportuit</span> <span class='ocrx_word' id='word_1_72' title='bbox 834 809 872 844; x_wconf 90' lang='lat' dir='ltr'>in</span> <span class='ocrx_word' id='word_1_73' title='bbox 901 808 1060 845; x_wconf 88' lang='lat' dir='ltr'>consilio</span> <span class='ocrx_word' id='word_1_74' title='bbox 1085 808 1216 844; x_wconf 85' lang='lat' dir='ltr'>fraude</span> <span class='ocrx_word' id='word_1_75' title='bbox 1246 813 1388 857; x_wconf 84' lang='lat' dir='ltr'>coepto,</span> 
     </span>
     <span class='ocr_line' id='line_1_11' title="bbox 277 870 1389 922; baseline -0.002 -14"><span class='ocrx_word' id='word_1_76' title='bbox 277 874 407 908; x_wconf 85' lang='lat' dir='ltr'>omnia</span> <span class='ocrx_word' id='word_1_77' title='bbox 435 873 475 908; x_wconf 92' lang='lat' dir='ltr'>in</span> <span class='ocrx_word' id='word_1_78' title='bbox 508 872 771 908; x_wconf 86' lang='lat' dir='ltr'>maturandam</span> <span class='ocrx_word' id='word_1_79' title='bbox 794 873 1000 922; x_wconf 88' lang='lat' dir='ltr'>perniciem</span> <span class='ocrx_word' id='word_1_80' title='bbox 1029 884 1173 914; x_wconf 89' lang='lat' dir='ltr'>eorum,</span> <span class='ocrx_word' id='word_1_81' title='bbox 1195 870 1259 920; x_wconf 83' lang='lat' dir='ltr'>qui</span> <span class='ocrx_word' id='word_1_82' title='bbox 1287 870 1389 907; x_wconf 88' lang='lat' dir='ltr'>fece-</span> 
     </span>
     <span class='ocr_line' id='line_1_12' title="bbox 277 935 1391 984; baseline 0 -14"><span class='ocrx_word' id='word_1_83' title='bbox 277 943 378 978; x_wconf 77' lang='lat' dir='ltr'>rant,</span> <span class='ocrx_word' id='word_1_84' title='bbox 400 942 487 971; x_wconf 87' lang='lat' dir='ltr'>sunt</span> <span class='ocrx_word' id='word_1_85' title='bbox 504 942 600 973; x_wconf 87' lang='lat' dir='ltr'>acta.</span> <span class='ocrx_word' id='word_1_86' title='bbox 636 935 725 972; x_wconf 86' lang='lat' dir='ltr'>Dux</span> <span class='ocrx_word' id='word_1_87' title='bbox 746 937 851 984; x_wconf 85' lang='lat' dir='ltr'>regia</span> <span class='ocrx_word' id='word_1_88' title='bbox 870 935 1035 971; x_wconf 88' lang='lat' dir='ltr'>inclusus</span> <span class='ocrx_word' id='word_1_89' title='bbox 1056 935 1154 970; x_wconf 83' lang='lat' dir='ltr'>diem</span> <span class='ocrx_word' id='word_1_90' title='bbox 1175 946 1218 970; x_wconf 88' lang='lat' dir='ltr'>ac</span> <span class='ocrx_word' id='word_1_91' title='bbox 1238 940 1391 970; x_wconf 87' lang='lat' dir='ltr'>noctem</span> 
     </span>
     <span class='ocr_line' id='line_1_13' title="bbox 276 997 1388 1048; baseline 0 -14"><span class='ocrx_word' id='word_1_92' title='bbox 276 999 316 1034; x_wconf 87' lang='lat' dir='ltr'>in</span> <span class='ocrx_word' id='word_1_93' title='bbox 346 999 557 1035; x_wconf 84' lang='lat' dir='ltr'>scrutandis</span> <span class='ocrx_word' id='word_1_94' title='bbox 587 999 773 1035; x_wconf 83' lang='lat' dir='ltr'>thesauris</span> <span class='ocrx_word' id='word_1_95' title='bbox 804 999 956 1048; x_wconf 84' lang='lat' dir='ltr'>tyranni</span> <span class='ocrx_word' id='word_1_96' title='bbox 986 998 1217 1035; x_wconf 84' lang='lat' dir='ltr'>consumsit:</span> <span class='ocrx_word' id='word_1_97' title='bbox 1249 997 1388 1041; x_wconf 85' lang='lat' dir='ltr'>AEtoli,</span> 
     </span>
     <span class='ocr_line' id='line_1_14' title="bbox 275 1062 1389 1113; baseline 0 -15"><span class='ocrx_word' id='word_1_98' title='bbox 275 1062 378 1099; x_wconf 82' lang='lat' dir='ltr'>velut</span> <span class='ocrx_word' id='word_1_99' title='bbox 399 1070 509 1113; x_wconf 85' lang='lat' dir='ltr'>capta</span> <span class='ocrx_word' id='word_1_100' title='bbox 531 1063 637 1107; x_wconf 83' lang='lat' dir='ltr'>urbe,</span> <span class='ocrx_word' id='word_1_101' title='bbox 660 1076 772 1112; x_wconf 86' lang='lat' dir='ltr'>quam</span> <span class='ocrx_word' id='word_1_102' title='bbox 800 1063 979 1099; x_wconf 83' lang='lat' dir='ltr'>liberasse</span> <span class='ocrx_word' id='word_1_103' title='bbox 999 1063 1116 1099; x_wconf 89' lang='lat' dir='ltr'>videri</span> <span class='ocrx_word' id='word_1_104' title='bbox 1134 1062 1328 1105; x_wconf 84' lang='lat' dir='ltr'>volebant,</span> <span class='ocrx_word' id='word_1_105' title='bbox 1348 1062 1389 1099; x_wconf 88' lang='lat' dir='ltr'>in</span> 
     </span>
     <span class='ocr_line' id='line_1_15' title="bbox 274 1127 1386 1177; baseline 0 -15"><span class='ocrx_word' id='word_1_106' title='bbox 274 1127 440 1177; x_wconf 78' lang='lat' dir='ltr'>praedam</span> <span class='ocrx_word' id='word_1_107' title='bbox 458 1128 567 1164; x_wconf 81' lang='lat' dir='ltr'>versi.</span> <span class='ocrx_word' id='word_1_108' title='bbox 624 1128 743 1163; x_wconf 88' lang='lat' dir='ltr'>Simul</span> <span class='ocrx_word' id='word_1_109' title='bbox 764 1128 968 1176; x_wconf 83' lang='lat' dir='ltr'>indignitas</span> <span class='ocrx_word' id='word_1_110' title='bbox 995 1127 1063 1170; x_wconf 88' lang='lat' dir='ltr'>rei,</span> <span class='ocrx_word' id='word_1_111' title='bbox 1085 1127 1196 1162; x_wconf 85' lang='lat' dir='ltr'>simul</span> <span class='ocrx_word' id='word_1_112' title='bbox 1216 1132 1386 1163; x_wconf 91' lang='lat' dir='ltr'>contem-</span> 
     </span>
     <span class='ocr_line' id='line_1_16' title="bbox 275 1191 1387 1235; baseline -0.001 -7"><span class='ocrx_word' id='word_1_113' title='bbox 275 1198 351 1235; x_wconf 86' lang='lat' dir='ltr'>tus,</span> <span class='ocrx_word' id='word_1_114' title='bbox 373 1193 518 1229; x_wconf 89' lang='lat' dir='ltr'>animos</span> <span class='ocrx_word' id='word_1_115' title='bbox 547 1193 844 1229; x_wconf 62' lang='lat' dir='ltr'>Lacedaemoniis</span> <span class='ocrx_word' id='word_1_116' title='bbox 871 1193 919 1228; x_wconf 89' lang='lat' dir='ltr'>ad</span> <span class='ocrx_word' id='word_1_117' title='bbox 942 1192 1155 1228; x_wconf 64' lang='lat' dir='ltr'>coeundum</span> <span class='ocrx_word' id='word_1_118' title='bbox 1180 1191 1289 1227; x_wconf 84' lang='lat' dir='ltr'>fecit:</span> <span class='ocrx_word' id='word_1_119' title='bbox 1322 1191 1387 1228; x_wconf 88' lang='lat' dir='ltr'>alii</span> 
     </span>
     <span class='ocr_line' id='line_1_17' title="bbox 276 1256 1387 1305; baseline -0.001 -13"><span class='ocrx_word' id='word_1_120' title='bbox 276 1257 413 1300; x_wconf 82' lang='lat' dir='ltr'>(licere,</span> <span class='ocrx_word' id='word_1_121' title='bbox 448 1257 703 1294; x_wconf 84' lang='lat' dir='ltr'>exturbandos</span> <span class='ocrx_word' id='word_1_122' title='bbox 736 1256 906 1300; x_wconf 74' lang='lat' dir='ltr'>AEt010S,</span> <span class='ocrx_word' id='word_1_123' title='bbox 942 1263 980 1292; x_wconf 91' lang='lat' dir='ltr'>et</span> <span class='ocrx_word' id='word_1_124' title='bbox 1011 1256 1240 1300; x_wconf 86' lang='lat' dir='ltr'>libertatem,</span> <span class='ocrx_word' id='word_1_125' title='bbox 1270 1268 1387 1305; x_wconf 88' lang='lat' dir='ltr'>quum</span> 
     </span>
     <span class='ocr_line' id='line_1_18' title="bbox 273 1320 1385 1373; baseline -0.001 -16"><span class='ocrx_word' id='word_1_126' title='bbox 273 1322 421 1357; x_wconf 86' lang='lat' dir='ltr'>restitui</span> <span class='ocrx_word' id='word_1_127' title='bbox 440 1322 642 1364; x_wconf 85' lang='lat' dir='ltr'>videretur,</span> <span class='ocrx_word' id='word_1_128' title='bbox 669 1322 918 1373; x_wconf 85' lang='lat' dir='ltr'>interceptam</span> <span class='ocrx_word' id='word_1_129' title='bbox 946 1321 1211 1372; x_wconf 86' lang='lat' dir='ltr'>repetendam:</span> <span class='ocrx_word' id='word_1_130' title='bbox 1244 1320 1322 1364; x_wconf 89' lang='lat' dir='ltr'>alii,</span> <span class='ocrx_word' id='word_1_131' title='bbox 1342 1326 1385 1356; x_wconf 92' lang='lat' dir='ltr'>ut</span> 
     </span>
     <span class='ocr_line' id='line_1_19' title="bbox 82 1386 1385 1438; baseline 0 -18"><span class='ocrx_word' id='word_1_132' title='bbox 82 1390 229 1438; x_wconf 61' lang='lat' dir='ltr'>Lacedae-</span> <span class='ocrx_word' id='word_1_133' title='bbox 277 1393 389 1435; x_wconf 89' lang='lat' dir='ltr'>caput</span> <span class='ocrx_word' id='word_1_134' title='bbox 405 1386 558 1434; x_wconf 84' lang='lat' dir='ltr'>agendae</span> <span class='ocrx_word' id='word_1_135' title='bbox 579 1386 631 1420; x_wconf 88' lang='lat' dir='ltr'>rei</span> <span class='ocrx_word' id='word_1_136' title='bbox 648 1392 758 1428; x_wconf 86' lang='lat' dir='ltr'>esset,</span> <span class='ocrx_word' id='word_1_137' title='bbox 779 1388 873 1436; x_wconf 85' lang='lat' dir='ltr'>regii</span> <span class='ocrx_word' id='word_1_138' title='bbox 892 1387 1040 1436; x_wconf 89' lang='lat' dir='ltr'>generis</span> <span class='ocrx_word' id='word_1_139' title='bbox 1060 1388 1223 1435; x_wconf 87' lang='lat' dir='ltr'>aliquem</span> <span class='ocrx_word' id='word_1_140' title='bbox 1241 1386 1282 1421; x_wconf 87' lang='lat' dir='ltr'>in</span> <span class='ocrx_word' id='word_1_141' title='bbox 1300 1397 1385 1435; x_wconf 87' lang='lat' dir='ltr'>spe-</span> 
     </span>
     <span class='ocr_line' id='line_1_20' title="bbox 79 1442 1385 1507; baseline 0.002 -23"><span class='ocrx_word' id='word_1_142' title='bbox 79 1442 263 1507; x_wconf 47' lang='grc' dir='ltr'>(ῈᾟἾέἶ</span> <span class='ocrx_word' id='word_1_143' title='bbox 277 1450 371 1484; x_wconf 88' lang='lat' dir='ltr'>ciem</span> <span class='ocrx_word' id='word_1_144' title='bbox 388 1449 670 1485; x_wconf 85' lang='lat' dir='ltr'>adsumendum.</span> <span class='ocrx_word' id='word_1_145' title='bbox 712 1449 927 1487; x_wconf 88' lang='lat' dir='ltr'>Laconicus</span> <span class='ocrx_word' id='word_1_146' title='bbox 949 1451 1029 1501; x_wconf 88' lang='lat' dir='ltr'>ejus</span> <span class='ocrx_word' id='word_1_147' title='bbox 1050 1451 1176 1501; x_wconf 89' lang='lat' dir='ltr'>stirpis</span> <span class='ocrx_word' id='word_1_148' title='bbox 1193 1456 1274 1486; x_wconf 86' lang='lat' dir='ltr'>erat</span> <span class='ocrx_word' id='word_1_149' title='bbox 1291 1463 1385 1501; x_wconf 87' lang='lat' dir='ltr'>puer</span> 
     </span>
     <span class='ocr_line' id='line_1_21' title="bbox 82 1513 1384 1564; baseline 0.003 -17"><span class='ocrx_word' id='word_1_150' title='bbox 82 1518 140 1548; x_wconf 73' lang='lat' dir='ltr'>los.</span> <span class='ocrx_word' id='word_1_151' title='bbox 275 1514 491 1556; x_wconf 84' lang='lat' dir='ltr'>admodum,</span> <span class='ocrx_word' id='word_1_152' title='bbox 527 1513 705 1550; x_wconf 84' lang='lat' dir='ltr'>educatus</span> <span class='ocrx_word' id='word_1_153' title='bbox 741 1526 825 1550; x_wconf 87' lang='lat' dir='ltr'>cnm</span> <span class='ocrx_word' id='word_1_154' title='bbox 859 1514 985 1551; x_wconf 85' lang='lat' dir='ltr'>liberis</span> <span class='ocrx_word' id='word_1_155' title='bbox 1015 1516 1190 1564; x_wconf 86' lang='lat' dir='ltr'>tyranni:</span> <span class='ocrx_word' id='word_1_156' title='bbox 1224 1527 1308 1551; x_wconf 89' lang='lat' dir='ltr'>eum</span> <span class='ocrx_word' id='word_1_157' title='bbox 1345 1515 1384 1550; x_wconf 91' lang='lat' dir='ltr'>in</span> 
     </span>
     <span class='ocr_line' id='line_1_22' title="bbox 274 1577 1382 1629; baseline 0.003 -17"><span class='ocrx_word' id='word_1_158' title='bbox 274 1577 412 1626; x_wconf 65' lang='lat' dir='ltr'>equun’l</span> <span class='ocrx_word' id='word_1_159' title='bbox 438 1578 640 1628; x_wconf 87' lang='lat' dir='ltr'>inponunt,</span> <span class='ocrx_word' id='word_1_160' title='bbox 662 1583 713 1620; x_wconf 85' lang='lat' dir='ltr'>et,</span> <span class='ocrx_word' id='word_1_161' title='bbox 740 1579 852 1614; x_wconf 85' lang='lat' dir='ltr'>armis</span> <span class='ocrx_word' id='word_1_162' title='bbox 883 1579 1062 1629; x_wconf 85' lang='lat' dir='ltr'>adreptis,</span> <span class='ocrx_word' id='word_1_163' title='bbox 1084 1578 1238 1615; x_wconf 86' lang='lat' dir='ltr'>AEtolos</span> <span class='ocrx_word' id='word_1_164' title='bbox 1265 1590 1382 1628; x_wconf 83' lang='lat' dir='ltr'>vagos</span> 
     </span>
     <span class='ocr_line' id='line_1_23' title="bbox 271 1641 1382 1692; baseline 0.002 -15"><span class='ocrx_word' id='word_1_165' title='bbox 271 1654 338 1691; x_wconf 88' lang='lat' dir='ltr'>per</span> <span class='ocrx_word' id='word_1_166' title='bbox 373 1641 504 1678; x_wconf 89' lang='lat' dir='ltr'>urbem</span> <span class='ocrx_word' id='word_1_167' title='bbox 543 1641 703 1678; x_wconf 76' lang='lat' dir='ltr'>caedunt.</span> <span class='ocrx_word' id='word_1_168' title='bbox 772 1641 872 1679; x_wconf 86' lang='lat' dir='ltr'>Tum</span> <span class='ocrx_word' id='word_1_169' title='bbox 904 1645 1048 1692; x_wconf 72' lang='lat' dir='ltr'>regiam</span> <span class='ocrx_word' id='word_1_170' title='bbox 1076 1644 1279 1680; x_wconf 84' lang='lat' dir='ltr'>invadunt:</span> <span class='ocrx_word' id='word_1_171' title='bbox 1328 1643 1382 1679; x_wconf 85' lang='lat' dir='ltr'>ibi</span> 
     </span>
     <span class='ocr_line' id='line_1_24' title="bbox 271 1705 1381 1756; baseline 0.002 -14"><span class='ocrx_word' id='word_1_172' title='bbox 271 1705 547 1742; x_wconf 83' lang='lat' dir='ltr'>Alexamenum</span> <span class='ocrx_word' id='word_1_173' title='bbox 581 1719 666 1741; x_wconf 88' lang='lat' dir='ltr'>cum</span> <span class='ocrx_word' id='word_1_174' title='bbox 706 1708 834 1756; x_wconf 86' lang='lat' dir='ltr'>paucis</span> <span class='ocrx_word' id='word_1_175' title='bbox 867 1708 1105 1744; x_wconf 82' lang='lat' dir='ltr'>resistentem</span> <span class='ocrx_word' id='word_1_176' title='bbox 1138 1708 1381 1744; x_wconf 87' lang='lat' dir='ltr'>obtruncant.</span> 
     </span>
     <span class='ocr_line' id='line_1_25' title="bbox 270 1769 1380 1822; baseline 0.004 -17"><span class='ocrx_word' id='word_1_177' title='bbox 270 1769 395 1805; x_wconf 73' lang='lat' dir='ltr'>AEtoli</span> <span class='ocrx_word' id='word_1_178' title='bbox 433 1770 533 1806; x_wconf 90' lang='lat' dir='ltr'>circa</span> <span class='ocrx_word' id='word_1_179' title='bbox 566 1769 811 1807; x_wconf 84' lang='lat' dir='ltr'>Chalcioecon</span> <span class='ocrx_word' id='word_1_180' title='bbox 860 1771 1061 1819; x_wconf 80' lang='lat' dir='ltr'>(Minervae</span> <span class='ocrx_word' id='word_1_181' title='bbox 1098 1778 1154 1808; x_wconf 90' lang='lat' dir='ltr'>est</span> <span class='ocrx_word' id='word_1_182' title='bbox 1198 1772 1380 1822; x_wconf 88' lang='lat' dir='ltr'>templum</span> 
     </span>
     <span class='ocr_line' id='line_1_26' title="bbox 271 1835 1382 1886; baseline 0.005 -18"><span class='ocrx_word' id='word_1_183' title='bbox 271 1836 427 1880; x_wconf 81' lang='lat' dir='ltr'>aerenm)</span> <span class='ocrx_word' id='word_1_184' title='bbox 451 1836 671 1882; x_wconf 78' lang='lat' dir='ltr'>congregati</span> <span class='ocrx_word' id='word_1_185' title='bbox 698 1836 903 1872; x_wconf 83' lang='lat' dir='ltr'>caeduntur.</span> <span class='ocrx_word' id='word_1_186' title='bbox 961 1836 1091 1879; x_wconf 88' lang='lat' dir='ltr'>Pauci,</span> <span class='ocrx_word' id='word_1_187' title='bbox 1113 1838 1225 1872; x_wconf 90' lang='lat' dir='ltr'>armis</span> <span class='ocrx_word' id='word_1_188' title='bbox 1255 1835 1382 1886; x_wconf 86' lang='lat' dir='ltr'>abjec-</span> 
     </span>
     <span class='ocr_line' id='line_1_27' title="bbox 269 1898 1378 1950; baseline 0.005 -18"><span class='ocrx_word' id='word_1_189' title='bbox 269 1898 333 1940; x_wconf 78' lang='lat' dir='ltr'>tis,</span> <span class='ocrx_word' id='word_1_190' title='bbox 350 1910 435 1947; x_wconf 85' lang='lat' dir='ltr'>pars</span> <span class='ocrx_word' id='word_1_191' title='bbox 452 1898 634 1946; x_wconf 83' lang='lat' dir='ltr'>Tegeam,</span> <span class='ocrx_word' id='word_1_192' title='bbox 655 1912 739 1948; x_wconf 88' lang='lat' dir='ltr'>pars</span> <span class='ocrx_word' id='word_1_193' title='bbox 756 1899 1032 1950; x_wconf 85' lang='lat' dir='ltr'>Megalopolim</span> <span class='ocrx_word' id='word_1_194' title='bbox 1047 1901 1287 1950; x_wconf 85' lang='lat' dir='ltr'>perfugiunt:</span> <span class='ocrx_word' id='word_1_195' title='bbox 1309 1901 1378 1943; x_wconf 90' lang='lat' dir='ltr'>ibi,</span> 
     </span>
     <span class='ocr_line' id='line_1_28' title="bbox 269 1961 1368 2010; baseline 0.004 -14"><span class='ocrx_word' id='word_1_196' title='bbox 269 1961 530 2010; x_wconf 88' lang='lat' dir='ltr'>comprehensi</span> <span class='ocrx_word' id='word_1_197' title='bbox 552 1975 574 1997; x_wconf 90' lang='lat' dir='ltr'>a</span> <span class='ocrx_word' id='word_1_198' title='bbox 589 1963 886 2010; x_wconf 73' lang='lat' dir='ltr'>magistratibus,</span> <span class='ocrx_word' id='word_1_199' title='bbox 908 1963 976 1999; x_wconf 91' lang='lat' dir='ltr'>sub</span> <span class='ocrx_word' id='word_1_200' title='bbox 998 1976 1139 2000; x_wconf 87' lang='lat' dir='ltr'>corona</span> <span class='ocrx_word' id='word_1_201' title='bbox 1158 1965 1368 2001; x_wconf 84' lang='lat' dir='ltr'>venierunt.</span> 
     </span>
     <span class='ocr_line' id='line_1_29' title="bbox 74 2024 1377 2078; baseline 0.004 -19"><span class='ocrx_word' id='word_1_202' title='bbox 74 2029 234 2068; x_wconf 80' lang='lat' dir='ltr'>Philopoe·</span> <span class='ocrx_word' id='word_1_203' title='bbox 323 2024 540 2062; x_wconf 85' lang='lat' dir='ltr'>XXXVII.</span> <span class='ocrx_word' id='word_1_204' title='bbox 563 2026 843 2076; x_wconf 86' lang='lat' dir='ltr'>Philopoemen,</span> <span class='ocrx_word' id='word_1_205' title='bbox 858 2028 986 2064; x_wconf 87' lang='lat' dir='ltr'>audita</span> <span class='ocrx_word' id='word_1_206' title='bbox 999 2028 1097 2063; x_wconf 88' lang='lat' dir='ltr'>caede</span> <span class='ocrx_word' id='word_1_207' title='bbox 1109 2029 1274 2077; x_wconf 86' lang='lat' dir='ltr'>tyranni,</span> <span class='ocrx_word' id='word_1_208' title='bbox 1288 2041 1377 2078; x_wconf 88' lang='lat' dir='ltr'>pro-</span> 
     </span>
     <span class='ocr_line' id='line_1_30' title="bbox 74 2074 1399 2146; baseline 0.003 -22"><span class='ocrx_word' id='word_1_209' title='bbox 74 2074 234 2146; x_wconf 47' lang='grc' dir='ltr'>Ξὶἒςξῖἶ</span> <span class='ocrx_word' id='word_1_210' title='bbox 267 2089 388 2126; x_wconf 81' lang='lat' dir='ltr'>fectus</span> <span class='ocrx_word' id='word_1_211' title='bbox 409 2089 737 2134; x_wconf 75' lang='lat' dir='ltr'>Lacedaemonem,</span> <span class='ocrx_word' id='word_1_212' title='bbox 755 2105 870 2140; x_wconf 84' lang='lat' dir='ltr'>quum</span> <span class='ocrx_word' id='word_1_213' title='bbox 886 2093 1015 2128; x_wconf 85' lang='lat' dir='ltr'>omnia</span> <span class='ocrx_word' id='word_1_214' title='bbox 1034 2092 1186 2128; x_wconf 88' lang='lat' dir='ltr'>turbata</span> <span class='ocrx_word' id='word_1_215' title='bbox 1201 2099 1304 2128; x_wconf 89' lang='lat' dir='ltr'>metu</span> <span class='ocrx_word' id='word_1_216' title='bbox 1317 2093 1376 2128; x_wconf 86' lang='lat' dir='ltr'>in-</span> <span class='ocrx_word' id='word_1_217' title='bbox 1396 2111 1399 2117; x_wconf 52' lang='lat' dir='ltr'><em>s</em></span> 
     </span>
     <span class='ocr_line' id='line_1_31' title="bbox 73 2154 1372 2206; baseline 0.004 -18"><span class='ocrx_word' id='word_1_218' title='bbox 73 2160 178 2189; x_wconf 83' lang='lat' dir='ltr'>cietati</span> <span class='ocrx_word' id='word_1_219' title='bbox 200 2161 240 2188; x_wconf 87' lang='lat' dir='ltr'>A·</span> <span class='ocrx_word' id='word_1_220' title='bbox 268 2154 454 2198; x_wconf 68' lang='lat' dir='ltr'>venisset,</span> <span class='ocrx_word' id='word_1_221' title='bbox 488 2155 653 2190; x_wconf 80' lang='lat' dir='ltr'>evocatis</span> <span class='ocrx_word' id='word_1_222' title='bbox 683 2156 931 2206; x_wconf 82' lang='lat' dir='ltr'>principibus,</span> <span class='ocrx_word' id='word_1_223' title='bbox 961 2163 999 2193; x_wconf 90' lang='lat' dir='ltr'>et</span> <span class='ocrx_word' id='word_1_224' title='bbox 1023 2157 1196 2193; x_wconf 90' lang='lat' dir='ltr'>oratione</span> <span class='ocrx_word' id='word_1_225' title='bbox 1228 2156 1372 2200; x_wconf 89' lang='lat' dir='ltr'>habita,</span> 
     </span>
     <span class='ocr_line' id='line_1_32' title="bbox 72 2203 1375 2287; baseline 0.005 -37"><span class='ocrx_word' id='word_1_226' title='bbox 72 2203 239 2287; x_wconf 34' lang='lat' dir='ltr'>{3555ng</span> <span class='ocrx_word' id='word_1_227' title='bbox 267 2217 386 2266; x_wconf 86' lang='lat' dir='ltr'>qualis</span> <span class='ocrx_word' id='word_1_228' title='bbox 415 2217 591 2253; x_wconf 85' lang='lat' dir='ltr'>habenda</span> <span class='ocrx_word' id='word_1_229' title='bbox 620 2218 667 2254; x_wconf 89' lang='lat' dir='ltr'>ab</span> <span class='ocrx_word' id='word_1_230' title='bbox 691 2218 925 2256; x_wconf 79' lang='lat' dir='ltr'>Alexameno</span> <span class='ocrx_word' id='word_1_231' title='bbox 950 2220 1087 2264; x_wconf 90' lang='lat' dir='ltr'>fuerat,</span> <span class='ocrx_word' id='word_1_232' title='bbox 1117 2221 1291 2256; x_wconf 83' lang='lat' dir='ltr'>societati</span> <span class='ocrx_word' id='word_1_233' title='bbox 1318 2221 1375 2256; x_wconf 77' lang='lat' dir='ltr'>A-</span> 
     </span>
     <span class='ocr_line' id='line_1_33' title="bbox 265 2280 1373 2334; baseline 0.004 -18"><span class='ocrx_word' id='word_1_234' title='bbox 265 2280 457 2316; x_wconf 86' lang='lat' dir='ltr'>chaeorum</span> <span class='ocrx_word' id='word_1_235' title='bbox 489 2280 801 2319; x_wconf 75' lang='lat' dir='ltr'>Lacedaemonios</span> <span class='ocrx_word' id='word_1_236' title='bbox 835 2282 1028 2334; x_wconf 85' lang='lat' dir='ltr'>adjunxit:</span> <span class='ocrx_word' id='word_1_237' title='bbox 1061 2296 1107 2319; x_wconf 88' lang='lat' dir='ltr'>eo</span> <span class='ocrx_word' id='word_1_238' title='bbox 1137 2284 1250 2320; x_wconf 86' lang='lat' dir='ltr'>etiam</span> <span class='ocrx_word' id='word_1_239' title='bbox 1277 2283 1373 2320; x_wconf 80' lang='lat' dir='ltr'>faci-</span> 
     </span>
    </p>
   </div>
   <div class='ocr_carea' id='block_1_3' title="bbox 265 2343 1374 2401">
    <p class='ocr_par' dir='ltr' id='par_1_3' title="bbox 265 2343 1374 2401">
     <span class='ocr_line' id='line_1_34' title="bbox 265 2343 1374 2401; baseline 0.004 -19"><span class='ocrx_word' id='word_1_240' title='bbox 265 2343 352 2389; x_wconf 82' lang='lat' dir='ltr'>lius,</span> <span class='ocrx_word' id='word_1_241' title='bbox 373 2345 474 2396; x_wconf 91' lang='lat' dir='ltr'>quod</span> <span class='ocrx_word' id='word_1_242' title='bbox 492 2345 591 2385; x_wconf 82' lang='lat' dir='ltr'>forte</span> <span class='ocrx_word' id='word_1_243' title='bbox 612 2346 657 2384; x_wconf 84' lang='lat' dir='ltr'>ad</span> <span class='ocrx_word' id='word_1_244' title='bbox 676 2347 775 2386; x_wconf 88' lang='lat' dir='ltr'>idem</span> <span class='ocrx_word' id='word_1_245' title='bbox 791 2355 938 2401; x_wconf 88' lang='lat' dir='ltr'>tempus</span> <span class='ocrx_word' id='word_1_246' title='bbox 957 2349 1006 2387; x_wconf 87' lang='lat' dir='ltr'>A.</span> <span class='ocrx_word' id='word_1_247' title='bbox 1019 2348 1159 2387; x_wconf 78' lang='lat' dir='ltr'>Atilius</span> <span class='ocrx_word' id='word_1_248' title='bbox 1179 2361 1264 2386; x_wconf 91' lang='lat' dir='ltr'>cum</span> <span class='ocrx_word' id='word_1_249' title='bbox 1280 2361 1374 2400; x_wconf 88' lang='lat' dir='ltr'>qua-</span> 
     </span>
    </p>
   </div>
   <div class='ocr_carea' id='block_1_4' title="bbox 1474 0 1513 1108">
    <p class='ocr_par' dir='ltr' id='par_1_4' title="bbox 1474 0 1513 1108">
     <span class='ocr_line' id='line_1_35' title="bbox 1474 0 1513 1108; baseline 0 0"><span class='ocrx_word' id='word_1_250' title='bbox 1474 0 1513 1108; x_wconf 95' lang='lat' dir='ltr'> </span> 
     </span>
    </p>
   </div>
   <div class='ocr_carea' id='block_1_5' title="bbox 1508 1489 1523 2147">
    <p class='ocr_par' dir='ltr' id='par_1_5' title="bbox 1508 1489 1523 2147">
     <span class='ocr_line' id='line_1_36' title="bbox 1508 1489 1523 2147; baseline 0 0"><span class='ocrx_word' id='word_1_251' title='bbox 1508 1489 1523 2147; x_wconf 95' lang='lat' dir='ltr'> </span> 
     </span>
    </p>
   </div>
  </div>
 </body>
</html>
