1523 2666
40 319 82 349 U.
99 319 134 348 C.
151 326 209 350 555

41 364 81 392 Α.
95 363 131 392 C.
152 369 208 398 197

46 564 200 600 'Quinctio

42 623 189 653 preroga-

43 654 115 687 turn
133 658 193 687 im—

44 702 180 739 perium.

233 211 318 267 366
694 224 738 251 T.
764 222 897 253 L1v11

217 313 474 351 .orationibus
493 315 748 364 pervicerunt,
770 321 811 351 ut
832 315 1005 352 consules
1029 315 1069 352 in
1092 322 1244 352 senatus
1265 328 1353 353 auc-

216 380 393 415 ‘toritate
419 379 502 414 fore
525 378 694 415 dicerent
719 391 772 422 se,
801 380 831 414 si
867 380 966 416 idem
1000 379 1145 416 tribuni
1174 379 1356 417 facerent.

238 444 552 480 Permittentibus
603 445 771 493 utrisque
814 443 973 481 liberam
1017 444 1354 488 consultationem,

238 507 370 544 Patres
388 507 606 544 consulibus
631 508 817 544 ambobus
845 509 997 547 ltaliam
1028 510 1269 561 provinciam
1289 509 1355 545 de-

240 580 450 608 creverunt.
506 571 553 607 T.
573 572 759 610 Quinctio
779 581 1036 622 prorogarunt
1052 574 1267 624 imperium,
1289 573 1356 609 do-

239 649 308 674 nec
325 648 519 672 successor
538 636 572 671 ei
588 636 763 671 venisset.
822 636 1054 674 Consulibus
1070 637 1169 673 binae
1187 636 1356 686 legiones

240 701 412 743 ‹lecretae,
434 706 471 736 et
492 706 531 735 ut
552 700 692 736 bellum
717 714 800 737 cum
823 701 943 737 Gallis
966 702 1185 753 Cisalpinis,
1207 702 1271 750 qui
1291 701 1356 737 de-

240 765 418 801 fecissent
437 777 460 800 a
479 764 624 814 populo
650 764 847 808 Romano,
869 772 1056 814 gererent.
1112 764 1298 804 Quinctio
1318 765 1358 800 in

237 829 506 866 Macedoniam
521 829 824 879 supplementum
839 831 1047 874 decretum,
1062 830 1231 880 peditum
1246 829 1358 879 quin-

240 907 312 943 que
332 893 450 929 millia
469 902 507 929 et
527 895 688 929 trecenti
709 895 870 943 equites,
899 901 935 930 et
955 893 1358 931 sociorumnavalium

241 962 314 996 tria
333 960 461 997 millia.
518 960 686 997 Praeesse
719 962 831 1005 idem,
866 962 929 1011 qui
960 965 1135 1012 praeerat,
1169 960 1280 996 classi
1309 959 1358 996 L.

240 1028 443 1066 Quinctius
461 1026 697 1064 Flamininus
711 1027 855 1077 jussus.
899 1027 1132 1064 Praetoribus
1152 1027 1192 1062 in
1213 1025 1357 1076 Hispa-

238 1094 319 1129 nias
341 1099 484 1128 octona
510 1092 629 1129 millia
656 1093 826 1143 peditum
852 1092 998 1128 socifim
1020 1104 1063 1128 ac
1082 1091 1214 1127 Latini
1233 1090 1358 1127 nomi·-

238 1158 296 1193 nis
318 1158 421 1201 data,
442 1164 481 1193 et
500 1157 767 1207 quadringenti
791 1158 952 1206 equites,
973 1163 1016 1193 ut
1041 1157 1278 1192 dimitterent
1296 1167 1359 1191 ve-

238 1229 355 1259 terem
377 1235 423 1260 ex
443 1221 642 1273 Hispaniis
664 1223 823 1258 militem
841 1238 847 1257 :
882 1228 920 1258 et
939 1219 1269 1271 terini11a1·ejussi,
1283 1232 1359 1270 qua

241 1288 397 1324 ulterior
413 1288 613 1324 citeriorve
632 1287 828 1337 provincia
845 1292 1069 1322 servaretur.
1117 1285 1358 1321 Macedoniae

240 1352 389 1401 legatos
416 1352 461 1389 P.
483 1351 693 1402 Sulpicium
721 1357 759 1387 et
785 1350 828 1387 P.
848 1350 1022 1393 Villium,
1043 1349 1107 1400 qui
1127 1347 1300 1385 eonsules
1320 1348 1361 1385 in

238 1429 287 1453 ea
305 1417 503 1467 provincia
521 1415 688 1459 fuerant,
711 1414 943 1465 adjecerunt.

297 1481 457 1517 XXIX.
488 1480 714 1529 Priusquam
736 1479 909 1515 consules
930 1484 1187 1528 praetoresque
1213 1478 1252 1513 in
1271 1483 1361 1528 pro-

245 1546 387 1582 vincias
408 1544 754 1596 proficiscerentur,
775 1543 951 1593 prodigia
970 1542 1166 1592 procurari
1191 1540 1359 1591 placuit:

245 1611 347 1660 quod
383 1610 480 1646 aedes
513 1609 677 1645 Vulcani
709 1608 982 1656 Summanique
1010 1606 1161 1650 Romae,
1193 1611 1240 1641 et·
1261 1602 1364 1654 quod

246 1672 428 1724 fregellis
455 1687 583 1711 murus
620 1680 657 1710 et
689 1680 802 1723 porta
829 1674 872 1709 de
903 1672 1002 1708 coelo
1027 1678 1133 1708 tacta
1162 1675 1292 1706 erant:
1325 1675 1364 1705 et

245 1740 460 1779 Frusinone
483 1741 583 1776 inter
602 1746 754 1775 noctem
781 1738 847 1774 lux
867 1743 974 1773 orta:
1007 1743 1045 1772 et
1071 1734 1215 1772 Asculo
1243 1746 1364 1783 agnus

245 1806 374 1856 biceps
396 1819 480 1842 cum
507 1805 676 1855 quinque
697 1803 855 1854 pedibus
876 1809 1007 1839 natus:
1041 1807 1079 1838 et
1104 1800 1266 1836 Formiis
1287 1799 1365 1835 duo

243 1871 339 1922 lupi,
360 1871 541 1921 oppidum
563 1869 737 1917 ingressi,
771 1867 905 1904 obvios
934 1865 1080 1916 aliquot
1103 1864 1363 1901 laniaverant:

245 1936 381 1972 Romae
401 1948 479 1971 non
497 1935 536 1970 in
552 1934 682 1970 urbem
704 1932 841 1975 solum,
859 1931 924 1967 sed
939 1932 978 1967 in
997 1929 1229 1980 Capitolium
1247 1939 1365 1978 pene-

242 2006 413 2037 traverat
432 1999 554 2049 lupus.
613 1999 655 2034 C.
677 1997 822 2033 Acilius
852 1995 1027 2032 tribunus
1053 1994 1174 2045 plebis
1200 1992 1303 2036 tulit,
1324 1998 1368 2028 ut

248 2066 414 2115 quinque
435 2064 595 2100 coloniae
616 2063 652 2098 in
675 2075 781 2098 oram
808 2061 1036 2097 maritimam
1062 2058 1337 2095 deducerentur
1355 2069 1363 2091 ε

248 2131 329 2166 duae
357 2129 404 2166 ad
433 2129 533 2164 ostia
561 2127 759 2164 fluminum
793 2125 975 2161 Vulturni
1008 2122 1256 2170 Liternique:
1289 2132 1365 2156 una

225 2240 228 2244 ι
248 2194 455 2232 Puteolos:
490 2205 565 2229 una
585 2192 630 2228 ad
652 2198 817 2228 castrum
839 2190 997 2227 Salerni.
1056 2188 1128 2224 His
1146 2187 1366 2223 Buxentum

249 2258 459 2309 adjectum:
494 2264 656 2294 trecenae
676 2256 829 2293 familiae
858 2257 896 2291 in
924 2253 1091 2304 singulas
1112 2251 1281 2289 colonias
1301 2249 1369 2300 ju·-

247 2323 437 2359 ‘nt—bantur
470 2323 589 2358 mitti:
623 2321 810 2358 triumviri
845 2319 1073 2355 deducendis
1106 2317 1167 2359 iis,
1203 2315 1265 2365 qui
1299 2324 1367 2364 per

246 2389 451 2424 triein‘iium
487 2388 752 2436 magistratum
779 2385 979 2427 haberent„
1001 2383 1131 2424 creati,
1163 2380 1218 2416 M.
1243 2379 1366 2416 Servi-
