1507 2656
351 108 505 137 LIBER
532 107 724 135 xxxlll.
758 107 864 135 ΕΑΓ.
889 108 1002 136 XXI.
1146 107 1228 151 403

115 201 202 237 dum
224 202 426 243 missurum,
447 198 655 249 respondit,
678 199 787 245 iisque
814 199 1084 240 mandaturum,
1108 203 1147 234 ztt
1174 210 1230 234 re-
1245 200 1333 232 U.C.
1353 208 1426 232 555.

113 271 285 302 novarent
304 269 444 302 vetusta
453 263 557 310 jara,
575 275 655 299 cum
670 275 711 298 ea
731 265 886 305 civitate,
903 275 969 298 saa
987 261 1233 311 majorumque
1246 245 1282 274 Α·
1298 244 1334 274 C·
1353 250 1425 279 ²⁹⁷⁶

111 343 280 368 suorum:
309 335 343 366 et
363 333 522 366 vetarent
547 339 603 364 eos
631 329 823 364 adventum
849 328 1096 376 pertimescere
1124 329 1229 375 regis,

111 395 202 431 nihil
235 395 288 430 his
319 399 385 430 aut
413 394 515 429 sociis
544 404 665 428 eorum
703 404 803 428 noxae
827 390 1002 440 futurum
1027 390 1232 438 frondic-e:

109 471 207 501 nam,
230 459 476 495 Romanorum
495 458 695 493 amicitiam
714 469 750 492 se
767 469 838 492 non
863 457 1098 497 violaturum,
1120 468 1229 503 arga-

109 527 228 559 mento
246 528 282 559 et
298 535 401 559 suam
419 527 593 559 recentem
618 523 668 558 ad
693 535 750 558 eos
780 523 991 569 legationem
1010 532 1092 563 esse,
1114 525 1149 556 et
1175 532 1228 555 se-

108 592 212 624 natus
231 587 424 636 honorifica
444 589 479 623 z'n
498 600 533 623 se
552 589 691 623 decreta
708 598 953 634 responsaque.
1010 585 1108 620 Tum
1128 584 1229 620 forte

106 650 220 700 legati
242 652 431 688 redierant
451 651 497 687 ab
519 651 660 694 Roma,
677 650 837 686 comiter
856 649 975 686 auditi
995 649 1226 696 dimissique,

109 721 151 751 ut
170 722 318 765 tempus
347 715 581 766 postulabat,
604 715 749 751 incerto
779 714 900 750 adhuc
930 713 1106 749 adversus
1136 712 1228 747 Phi-

105 780 250 830 lippum
271 788 406 817 eventu
426 781 528 817 belli.
576 781 704 820 Quum
722 780 804 815 haec
823 778 937 828 legati
958 779 1056 826 regis
1076 778 1115 813 in
1136 790 1227 814 con-

108 845 218 880 cione
239 845 476 882 Rhodiorum
498 851 668 894 agerent,
686 845 846 881 nuncius
864 843 980 886 venit,
998 842 1228 879 debellatum

107 909 155 944 ad
175 909 481 959 Cynoscephalas
503 923 595 946 csse.
653 910 742 945 Hoc
761 909 902 945 nuncio
923 915 1095 957 accepto,
1116 906 1227 943 Rho-

107 972 191 1015 diis,
222 973 350 1009 demto
380 980 484 1009 metu
513 987 535 1009 a
561 973 740 1022 Philippo
770 973 888 1015 omni,
916 978 996 1007 erat
1026 971 1228 1008 consilium

106 1036 258 1073 obviam
275 1037 387 1073 eundi
408 1037 526 1073 classe
541 1038 750 1074 Antiocho.
790 1036 900 1072 Illam
920 1036 1076 1071 alteram
1098 1049 1227 1072 curam

103 1113 184 1138 non
212 1102 435 1145 omiserunt,
468 1102 616 1138 tuendae
646 1101 832 1138 libertatis
863 1101 1073 1137 civitatium
1104 1101 1227 1136 socia-

104 1177 188 1201 rum
216 1164 430 1209 Ptolemaei,
452 1157 587 1214 quibus
608 1165 750 1201 bellum
769 1165 816 1201 ab
837 1165 1033 1201 Antiocho
1063 1164 1225 1200 inmine-

103 1227 196 1265 bat:
229 1241 317 1265 nam
348 1229 441 1266 alias
471 1230 620 1266 auxiliis
643 1229 841 1280 juverunt,
869 1229 960 1265 alias
991 1228 1226 1278 providendo

104 1305 148 1329 ac
167 1295 438 1342 praemonendo
458 1302 617 1330 conatus
637 1295 757 1330 hostis
774 1310 782 1330 :
811 1306 1018 1342 caussaque
1038 1292 1223 1329 libertatis

103 1355 258 1393 fuerunt
289 1358 460 1402 Cauniis,
490 1358 674 1407 Myndiis,
706 1357 1122 1400 Halicarnassensibus,
1155 1357 1224 1394 Sa-

102 1421 274 1469 miisque.
330 1421 421 1457 Non
450 1435 573 1472 operae
594 1429 651 1458 est
670 1422 857 1472 persequi,
879 1428 920 1457 ut
950 1434 1108 1470 quaeque
1138 1428 1225 1458 acta

101 1484 139 1519 in
159 1484 217 1519 his
238 1484 330 1520 locis
352 1487 442 1528 sint,
464 1499 579 1533 quum
607 1486 654 1521 ad
682 1498 739 1529 ea,
761 1499 843 1534 quae
874 1486 1025 1535 proprie
1054 1484 1223 1521 Romani

99 1546 188 1583 belli
209 1555 310 1591 sunt,
332 1549 394 1585 vix
415 1548 622 1587 subficiam.

154 1612 271 1648 XXI.
301 1612 448 1649 Eodem
474 1621 646 1662 tempore
669 1620 706 1650 et
725 1613 877 1649 Attalus
898 1626 979 1656 rex,
1002 1626 1101 1662 {eger
1119 1613 1221 1649 The-
1236 1618 1331 1649 Attali
1355 1629 1440 1661 moga

99 1676 158 1712 bis
178 1676 406 1725 Pergamum
427 1677 616 1720 advectus,
638 1679 799 1714 moritur
821 1678 940 1714 altero
964 1684 1001 1713 et
1021 1686 1221 1727 septuage-
1234 1669 1264 1691 et
1281 1663 1402 1694 laudes.

101 1741 197 1777 simo
224 1753 351 1787 anno3
396 1755 510 1790 quum
547 1748 712 1791 quatuor
745 1750 783 1779 et
821 1744 1072 1792 quadraginta
1102 1755 1222 1778 annos

102 1812 307 1852 regnasset.
355 1804 459 1842 Huic
478 1807 574 1849 viro,
595 1814 731 1856 praeter
751 1807 915 1849 divitias,
937 1806 1031 1842 nihil
1052 1807 1221 1856 adspem

98 1869 206 1916 regni
235 1868 390 1905 fortuna
418 1870 595 1907 dederat:
634 1871 691 1906 his
723 1871 833 1907 simul
862 1872 1081 1921 prudenter,
1113 1870 1225 1907 simul

98 1932 297 1981 magnifice
323 1934 480 1977 utendo,
502 1935 641 1978 effecit,
663 1937 824 1985 primuni
854 1942 895 1971 ut
919 1936 1005 1978 sibi,
1026 1935 1161 1971 deinde
1182 1941 1223 1970 ut

99 1995 181 2032 aliis
212 2010 290 2033 non
324 1998 499 2046 indignus
530 2001 719 2035 videretur
749 2013 879 2049 regno.
938 2000 1058 2035 'Victis
1088 1999 1222 2035 deinde

98 2059 235 2109 proelio
266 2074 342 2096 uno
371 2061 506 2105 Gallis,
535 2076 617 2111 quae
648 2070 727 2099 tum
759 2077 850 2112 gens
883 2065 1023 2099 recenti
1059 2063 1222 2098 adventu

100 2123 306 2159 terribilior
325 2125 427 2161 Asiae
456 2132 550 2169 crat,
573 2127 717 2175 regium
749 2127 907 2162 adscivit
937 2139 1090 2170 nomen,
1112 2125 1218 2176 cujus

100 2188 354 2236 magnitudini
373 2201 520 2239 semper
539 2191 707 2226 animum
728 2192 901 2239 aequavit.
959 2190 1114 2226 Summa
1133 2189 1218 2241 jus-

99 2252 185 2287 titia
204 2264 290 2289 suos
312 2253 432 2290 rexit:
457 2255 606 2291 unicam
629 2255 738 2292 fidem
760 2256 872 2292 sociis
894 2255 1092 2306 praestitit:
1124 2267 1217 2290 uxo-
