1507 2656
318 188 471 216 LissEn
496 186 675 215 xxxvx.
708 186 815 214 CAP.
838 187 935 216 ΧΠ.
1090 185 1172 231 573

64 276 112 313 tis
143 288 223 313 esse
253 277 547 326 quingentorum
578 276 777 312 hominum
811 277 1048 326 praesidium:
1092 291 1174 314 eam

57 340 298 392 juventutem
315 349 461 385 nactus,
479 342 656 377 trecentis
677 340 872 384 Medione,
887 342 1056 378 ducentis
1069 341 1175 392 Thy-

65 406 110 441 rii
140 407 177 442 in
207 407 381 457 praesidio
407 406 556 456 positiS,
579 404 615 440 id
644 405 795 454 agebat,
818 412 860 441 ut
884 418 953 456 pro
980 406 1175 442 obsidibus

64 469 182 506 futuri
201 471 372 506 venirent
393 471 428 506 in
451 477 679 520 potestatem
700 471 810 520 regis,

118 534 214 571 XII.
244 534 316 570 Per
353 535 503 571 eosdem
541 534 619 570 dies
657 533 773 583 legati
817 535 916 583 regis
956 533 1177 570 Medionem

64 605 268 634 venerunt:
302 599 437 648 quibus
464 599 616 641 auditis,
638 612 751 648 quum
782 599 821 635 in
851 599 1050 642 concione,
1072 599 1178 648 quid-

66 675 154 699 nam
174 664 478 713 respondendum
500 665 577 712 regi
600 670 712 706 esset,
734 663 1035 709 consultax·etur;
1063 670 1101 699 et
1116 663 1180 699 alii

69 727 294 763 manendum
331 729 368 764 in
397 728 573 764 Romana
598 729 794 771 societate,
827 727 890 763 alii
918 740 997 763 non
1027 727 1179 777 adsper-

67 792 231 828 nandam
259 793 463 829 amicitiam
494 794 592 841 rngis
620 798 840 837 censerent3
873 792 995 828 media
1019 793 1098 828 visa
1124 796 1182 828 est

72 856 173 906 Clyti
194 859 396 901 sententia,
418 870 537 906 eoque
559 864 714 907 accepta
734 863 803 899 est,
822 863 862 892 ut
882 857 927 892 ad
947 869 1072 905 regem
1093 857 1181 892 mit-

70 927 194 957 terent
220 922 380 972 legatos,
401 928 649 973 peterentque
671 921 717 961 ab
738 934 798 964 eo,
819 928 861 957 ut
880 921 1097 957 Medionios
1119 935 1181 957 su·

70 999 138 1037 per
161 993 270 1023 tanta
299 1000 338 1023 re
365 986 579 1023 consultare
603 987 640 1022 in
670 986 833 1022 concilio
854 987 1095 1022 Acarnanum
1115 999 1182 1036 pa-

70 1058 225 1087 teretur.
282 1051 327 1087 In
360 1065 441 1087 eam
475 1051 708 1099 legationem
734 1049 1012 1094 Mnesilochus,
1048 1057 1085 1086 et
1120 1051 1185 1099 qui

70 1113 150 1165 ejus
170 1115 347 1152 factionis
369 1124 490 1159 erant,
512 1117 556 1152 de
577 1116 762 1151 industria
781 1115 959 1165 conjecti,
980 1116 1075 1151 clam
1093 1117 1182 1152 mis-

73 1180 138 1223 sis,
159 1181 223 1230 qui
252 1193 379 1229 regem
406 1181 605 1217 admovere
631 1180 759 1230 copias
778 1179 974 1229 juberent,
995 1181 1065 1230 ipsi
1086 1188 1184 1217 tere·

74 1245 168 1282 bant
204 1253 376 1297 tempus:
414 1248 542 1296 itaque
577 1245 729 1281 vixdum
763 1245 808 1280 iis
840 1245 998 1294 egressis
1035 1245 1184 1295 legatis,

73 1311 287 1347 Antiochus
319 1312 356 1346 in
386 1311 538 1353 finibus,
560 1322 648 1346 mox
676 1310 722 1346 ad
749 1316 878 1360 portas
899 1316 993 1353 erat,
1012 1316 1049 1346 et
1069 1311 1185 1361 trepi-

74 1374 266 1418 dantibus,
301 1375 364 1424 qui
390 1381 561 1424 expertes
595 1374 822 1425 proditionis
856 1373 1020 1418 fuerant,
1047 1375 1187 1411 tumul-

77 1445 259 1489 tuoseque
278 1439 521 1489 juventutem
542 1439 586 1475 ad
615 1452 720 1475 arma
745 1438 983 1482 vocantibus,
1005 1439 1052 1474 ab
1074 1439 1188 1489 Clyto

77 1511 115 1539 et
139 1504 383 1541 Mnesilocho
410 1505 448 1540 in
473 1503 604 1540 urbem
633 1511 689 1540 est
719 1504 913 1540 inductus:
946 1510 997 1547 et,
1019 1503 1100 1540 aliis
1122 1517 1189 1540 sua

77 1567 274 1604 voluntate
297 1567 563 1611 adfluentibus,
585 1575 687 1603 metu
715 1568 837 1603 coacti
865 1568 992 1610 etiam,
1023 1568 1084 1616 qui
1113 1568 1188 1603 dis-

79 1632 308 1677 sentiebant,
347 1633 394 1670 ad
426 1645 553 1682 regem
586 1639 868 1669 convenerunt:
918 1645 1012 1681 quos
1042 1632 1189 1683 placida

79 1698 251 1734 oratione
279 1698 431 1734 territos
462 1711 577 1747 quum
608 1697 878 1748 permulsisset,
900 1697 946 1733 ad
975 1710 1081 1747 spem
1108 1697 1188 1733 vul-

79 1768 176 1811 gatae
210 1761 419 1799 clementiae
453 1762 600 1811 aliquot
630 1762 760 1813 populi
790 1763 1014 1798 Acarnaniae
1041 1762 1189 1798 defece-

80 1833 179 1864 runt.
236 1827 421 1876 Thyrium
448 1839 470 1863 a
497 1827 679 1863 Medione
698 1826 890 1876 profectus
912 1834 980 1870 est,
1002 1826 1189 1876 Mnesilo-

81 1890 153 1927 cho
177 1891 309 1927 eodem
340 1898 375 1927 et
407 1890 541 1940 legatis
572 1891 786 1941 praemissis.
845 1891 1022 1927 Ceterum
1043 1891 1192 1927 detecta

77 1955 260 1992 Medione
278 1955 380 1992 fraus
401 1956 603 1998 cautiores,
625 1968 702 1991 non
718 1956 942 1998 timidiores,
959 1956 1189 2005 Thyrienses

77 2020 183 2064 fecit,
216 2021 305 2057 dato
343 2021 376 2057 ei
411 2021 510 2056 haud
536 2020 716 2071 perplexo
747 2033 944 2070 responso,
975 2020 1118 2056 nullam
1152 2032 1191 2056 se

78 2096 216 2120 novam
237 2085 471 2127 societatem,
493 2084 565 2120 nisi
593 2097 638 2120 ex
668 2085 896 2120 auctoritate
926 2084 1191 2120 Romanorum

80 2149 366 2198 imperatorum,
383 2154 619 2199 accepturos,
641 2149 836 2199 portisque
857 2148 1007 2192 clausis,
1025 2156 1191 2184 armatos

78 2213 118 2249 in
139 2213 253 2248 muris
274 2212 553 2262 disposuerunt.
610 2212 663 2249 Et
688 2220 971 2263 peropportune
991 2213 1038 2249 ad
1057 2213 1194 2249 confir-

81 2277 239 2313 mandos
270 2278 510 2314 Acarnanum
536 2278 682 2313 animos
709 2277 780 2314 Cn.
802 2278 983 2314 Octavius
1013 2278 1144 2314 missus
1176 2291 1197 2313 a

83 2341 282 2387 Quinctio,
304 2355 418 2392 quum
446 2343 661 2393 praesidium
689 2348 727 2378 et
759 2354 897 2393 paucas
924 2354 1038 2379 naves
1069 2341 1116 2378 ab
1150 2343 1197 2378 A.

1187 285 1276 316 U.C.
1295 293 1369 319 561.

1186 330 1225 360 A.
1242 330 1278 360 C.
1299 337 1371 364 191.
