1507 2656
367 213 525 243 LIBER
548 211 695 242 XXXI·
727 211 834 242 cAP.
857 213 1004 244 XXXI.
1153 209 1237 258 307

121 303 293 349 graviora
317 303 426 338 etiam
445 300 696 348 acerbioraque
717 311 787 343 eos,
808 300 933 348 quibus
955 301 1104 337 nocendi
1123 300 1237 349 majo·
1251 310 1292 341 U.
1305 310 1341 340 C.
1359 315 1433 340 552.

121 378 196 402 rem
200 366 422 415 facultatem
441 365 576 401 habuit.
634 365 732 401 Nam
751 366 845 414 quod
863 366 912 402 ad
930 377 979 402 ea*
991 367 1144 409 adtinet,
1161 355 1287 415 quceA·
1305 355 1342 385 C·
1358 359 1434 386 ⁹⁰⁰*

124 431 223 466 nobis
241 429 365 476 objecit
374 446 387 474 ,-
416 430 485 465 nisi
507 430 629 477 gloria
655 430 764 477 digna
781 434 876 473 sunt,
886 428 1017 479 fateor
1034 442 1077 466 ea
1096 429 1239 479 defendi

122 506 195 530 non
217 507 326 543 posse.
384 495 574 543 Rhegium,
602 501 638 532 et
666 496 843 544 Capuam,
864 501 901 533 et
921 497 1120 545 Syracusas
1142 497 1240 534 nobis

124 560 258 607 objecit.
315 562 493 610 Rhegium
513 563 647 611 Pyrrhi
667 563 756 599 bello
777 564 869 611 legio
887 576 910 599 a
931 563 1042 606 nobis,
1065 562 1239 610 Rheginis

123 626 219 671 ipsis,
250 631 291 661 ut
322 628 558 670 mitteremus,
593 628 790 670 orantibus,
822 629 860 664 in
883 628 1091 676 prcesidium
1115 628 1237 670 missa,

120 687 253 732 urbem,
285 691 334 726 ad
362 704 469 739 quani
499 691 763 740 defendendam
787 693 894 728 missa
923 696 1015 735 erat,
1038 703 1104 740 per
1128 691 1241 727 scelus

116 755 287 799 possedit.
347 756 662 805 Comprobavimus
689 770 772 805 ergo
805 758 845 793 id
861 757 1049 806 facinus?
1076 769 1124 793 an
1149 756 1242 792 bello

115 821 295 864 persecuti
322 822 531 857 sceleratam
559 823 746 870 legionem,
774 824 812 858 in
836 827 1053 870 potestatem
1079 826 1242 858 nostram

120 883 305 919 redactam
326 889 424 932 tergo
439 891 474 921 et
493 887 682 923 cervicibus
700 899 822 935 poenas
839 888 942 923 sociis
958 887 1117 935 pendere
1131 897 1242 934 quum

120 946 358 989 coiigissemus,
381 950 516 986 urbem,
538 964 656 990 affluo,
677 965 812 991 ,maquo
832 954 953 982 omnin
973 964 1050 982 mma
1078 952 1244 985 rffhprmte

121 1006 322 1054 legibusque
341 1007 514 1054 Rheginis
531 1009 755 1043 reddidimus
769 1009 789 1042 ,9
818 1007 1056 1054 Syracusanis
1074 1007 1245 1055 obpressis

121 1071 165 1106 ab
183 1073 335 1106 externis
355 1074 529 1118 tyrannis,
551 1084 619 1119 quo
647 1074 828 1120 indignius
853 1077 952 1114 esset,
975 1084 1082 1120 quum
1103 1073 1243 1109 tulisse-

119 1148 198 1171 mus
213 1148 327 1184 opem,
349 1141 384 1172 et
398 1136 563 1185 fatigati
585 1148 698 1185 prope
713 1149 780 1185 per
801 1138 993 1173 triennium
1014 1142 1110 1172 terra
1128 1138 1244 1174 mari-

119 1212 188 1249 que
214 1201 297 1236 urbe
322 1203 559 1237 munitissima
586 1203 825 1249 obpugnanda
850 1214 1012 1244 essemus,
1034 1214 1142 1249 quum
1160 1200 1244 1248 jam

119 1266 189 1314 ipsi
221 1266 442 1313 Syracusani
470 1268 600 1302 servire
635 1268 812 1315 tyrannis,
841 1279 950 1315 quam
984 1268 1065 1314 capi
1097 1278 1121 1301 a
1148 1266 1247 1303 nobis

120 1331 284 1374 mallent,
306 1336 451 1380 captam
471 1333 596 1367 iisdem
616 1334 725 1368 armis
750 1337 785 1367 et
811 1333 1000 1367 liberatam
1023 1331 1143 1367 urbem
1160 1331 1246 1367 red-

121 1395 287 1432 didimus.
345 1396 471 1444 Neque
507 1397 645 1446 inficias
679 1398 783 1439 imus,
824 1396 991 1431 Siciliam
1020 1396 1246 1443 provinciam

120 1463 280 1495 nostram
302 1471 385 1502 esse,
407 1465 442 1496 et
467 1462 644 1504 civitates,
666 1473 744 1509 quae
771 1462 810 1495 in
833 1465 938 1508 parte
959 1459 1244 1506 Karthaginien-

119 1524 211 1559 sium
225 1523 397 1572 fuerunt,
419 1531 454 1561 et
475 1538 547 1561 uno
568 1528 688 1561 animo
712 1538 793 1561 cum
811 1526 886 1561 illis
905 1526 1072 1560 adversus
1090 1536 1153 1560 nos
1172 1524 1244 1560 bel-

121 1588 196 1625 lum
222 1595 418 1636 gesserunt,
445 1592 703 1638 stipendiarias
731 1591 831 1625 nobis
860 1602 905 1625 ac
933 1590 1124 1636 vectigales
1149 1600 1248 1626 esse:

121 1654 207 1701 quin
229 1659 369 1698 contra,
391 1656 456 1691 hoc
478 1661 512 1691 et
530 1668 592 1692 vos
614 1660 649 1692 et
671 1666 792 1690 omnes
814 1658 938 1701 gentes
958 1655 1047 1690 scire
1064 1655 1243 1699 volumus,

117 1730 186 1766 pro
211 1721 337 1754 merito
357 1721 481 1768 cuique
507 1733 592 1768 erga
616 1733 678 1756 nos
695 1719 893 1769 fortunam
914 1731 995 1755 esse.
1054 1719 1112 1754 An
1134 1718 1243 1754 Cam-

117 1795 297 1831 panorum
322 1796 445 1831 poenoe,
467 1786 511 1820 de
536 1798 607 1833 qua
635 1797 747 1833 neque
775 1785 843 1833 ipsi
870 1784 1009 1831 quidem
1038 1784 1137 1830 queri
1156 1794 1243 1830 pos-

120 1852 215 1891 sunt,
237 1861 299 1884 nos
321 1851 525 1897 p‹eniteat.9
555 1851 607 1885 Hi
629 1850 798 1891 homines,
820 1860 928 1898 quum
952 1860 1021 1895 pro
1040 1849 1085 1883 iis
1110 1847 1242 1883 bellum

122 1913 288 1949 adversus
320 1914 501 1950 Sanmites
531 1927 596 1963 per
624 1918 736 1950 annos
763 1925 875 1962 prope
902 1912 1133 1960 septuaginta
1160 1923 1242 1947 cum

121 1979 262 2025 magnis
285 1980 414 2014 nostris
436 1980 595 2015 cladibus
620 1981 857 2027 gessissemus,
887 1981 980 2026 ipsos
994 1977 1135 2025 foedere
1158 1978 1240 2024 pri-

121 2055 233 2086 mum,
254 2044 379 2079 deinde
402 2045 585 2087 connubio,
607 2050 714 2093 utque
732 2046 815 2080 inde
838 2043 1119 2091 cognationibus,
1137 2046 1239 2090 post-

123 2119 219 2144 remo
239 2109 381 2144 civitate
400 2109 497 2145 nobis
516 2109 828 2156 conjunxissemus.
851 2114 1009 2157 tempore
1033 2113 1153 2144 nostro
1173 2108 1240 2143 ad-

123 2182 221 2206 verso
238 2173 347 2218 primi
366 2174 521 2209 onmium
544 2174 663 2209 Italioe
684 2175 916 2222 populorum,
935 2173 1102 2220 praesidio
1120 2176 1241 2207 nostro

115 2234 219 2283 foede
255 2235 456 2284 interfecto,
487 2239 536 2273 ad
562 2238 803 2274 Hannibalem
841 2236 1069 2286 defecerunt:
1097 2237 1238 2277 deinde,

124 2299 304 2346 indignati
323 2312 359 2336 se
389 2300 539 2337 obsideri
571 2314 594 2337 a
623 2302 733 2344 nobis,
763 2300 1004 2337 Hannibalem
1030 2301 1079 2336 ad
1103 2299 1237 2348 obpug'-

121 2363 279 2399 nandum
301 2364 451 2401 Romam
471 2367 656 2404 miserunt.
713 2366 857 2403 Horum
875 2367 905 2403 si
924 2378 1036 2415 neque
1049 2365 1130 2402 urbs
1143 2367 1236 2414 ipsa,
