1507 2656
342 196 492 224 LIBER
516 195 636 223 XXX.
669 194 775 222 CAP.
800 195 918 223 XXV.
1104 196 1179 237 >245

73 286 137 321 nia
155 286 194 322 in
215 291 418 336 conspectu
445 285 695 333 Karthaginis
723 289 852 320 erant:
885 284 1013 332 itaque
1033 296 1078 327 ex
1097 290 1181 320 tota
1195 296 1236 325 υ,
1249 294 1285 325 C.
1305 302 1379 327 54⁹.

73 349 166 386 urbe
186 351 224 386 in
243 349 367 386 forum
387 361 611 386 concursum
628 355 696 385 est.
736 347 987 395 Magistratus
1008 354 1181 384 senatum
1194 340 1234 368 A·
1250 338 1286 368 C·
1305 345 1381 370 ²⁰³·

74 426 223 457 vocare,
244 413 403 463 populus
425 414 462 449 in
484 413 595 449 curiae
616 411 803 448 vestibulo
823 411 995 454 fremere,
1012 424 1059 447 ne
1074 417 1182 448 tanta

74 489 121 514 ex
139 478 257 514 oculis
273 478 521 527 manibusque
537 478 773 513 amitteretur
789 476 924 525 praeda.
954 476 1083 515 Quum
1100 477 1183 525 qui-

74 541 160 578 dam
192 543 295 592 pacis
329 543 472 592 petitae,
507 541 571 577 alii
605 541 840 577 induciarum
877 541 1054 588 (necdum
1084 541 1185 577 enim

74 605 150 642 dies
172 607 332 653 exierat)
355 607 466 643 fidem
486 606 740 656 obponerent‚
756 606 944 656 permixto
963 618 1060 656 pene
1076 619 1185 642 sena-

73 676 134 706 tus
172 671 378 722 populique
408 671 585 714 concilio,
622 683 849 707 consensum
886 676 957 713 cst,
993 677 1035 706 ut
1067 670 1185 706 classe

73 735 350 785 quinquaginta
367 737 519 773 navium
537 733 757 771 Hasdrubal
772 734 1013 782 AEgiinurum
1033 734 1183 784 trajice·
1198 739 1303 770 Naves
1316 750 1395 770 one-

1199 785 1285 813 rariae
1297 794 1313 813 a
1327 784 1403 813 Car-

1199 827 1406 865 thaginiensi-

74 875 188 900 naves
210 865 430 915 conligeret.
486 866 659 902 Desertae
679 865 770 913 fuga
789 871 1005 907 nautarum,
1023 865 1185 914 primum
1200 869 1259 900 bus
1276 878 1387 909 captae.

72 805 154 836 ret:
186 800 273 836 inde
302 814 369 851 per
394 801 509 837 litora
542 807 748 851 portusque
780 799 965 848 dispersas
989 798 1183 835 Romanas

75 928 122 964 ab
142 928 360 978 AEgimuro,
388 932 474 967 dein
495 930 541 967 ab
561 931 682 980 Aquis
703 930 885 966 onerariae
906 929 1187 978 Karthaginem

72 993 261 1043 puppibus
281 999 412 1030 tractae
433 1000 533 1031 sunt.

129 1057 261 1094 XXV.
290 1057 476 1095 Nondum
503 1064 737 1094 reverterant
756 1057 949 1111 abgRoma
968 1057 1099 1107 legati,
1120 1070 1186 1094 ne·
1202 1070 1306 1109 Legati
1324 1070 1387 1100 Ro-

73 1134 146 1170 que
178 1122 381 1167 sciebatur,
417 1137 500 1173 quae,
533 1130 684 1159 senatus
715 1123 883 1159 Romani
912 1123 957 1158 de
987 1122 1088 1159 bello
1122 1130 1188 1159 aut
1200 1115 1404 1187 &salt-ipsosne

74 1198 167 1237 pace
197 1189 386 1224 sententia
412 1194 533 1234 esset3
566 1189 727 1225 necdum
754 1189 989 1224 induciarum
1009 1188 1086 1224 dies
1108 1189 1188 1224 exi·
1312 1180 1318 1187 ⁶

76 1257 176 1288 erat:
209 1265 255 1288 eo
275 1253 529 1303 indigniorem
554 1253 733 1304 injuriam
759 1259 862 1290 ratus
893 1255 1035 1304 Scipio,
1058 1254 1104 1290 ab
1127 1255 1188 1297 iis,

75 1315 140 1363 qui
165 1316 363 1365 petiissent
388 1330 520 1367 pacem
551 1324 588 1354 et
622 1318 806 1361 inducias,
839 1324 876 1354 et
906 1331 1009 1368 spem
1030 1319 1132 1369 pacis
1154 1327 1192 1354 et

77 1379 190 1416 fidem
216 1381 452 1418 induciarum
477 1382 658 1418 violatam
689 1395 784 1426 esse,
805 1382 950 1431 legatos
980 1382 1190 1431 Karthagi-

77 1458 179 1489 nem,
209 1446 256 1483 L,
273 1447 462 1491 Eaebium,
482 1448 530 1485 L.
548 1449 736 1496 Sergium,
756 1448 803 1484 L.
820 1448 980 1485 Fabium
1000 1448 1190 1498 extemplo

75 1511 201 1547 misit:
235 1512 313 1560 qui,
335 1525 448 1560 quum
478 1512 732 1548 multitudinis
755 1525 940 1549 concursu
967 1526 1084 1562 prope
1109 1514 1191 1549 vio-

74 1573 142 1610 lati
162 1582 299 1618 essent,
317 1589 387 1612 nec
406 1576 569 1612 reditum
590 1576 772 1612 tutiorem
794 1582 992 1612 cernerent
1005 1577 1190 1620 futurum,

75 1638 267 1687 petierunt
294 1652 314 1675 a
341 1639 642 1688 magistratibus,
670 1652 830 1688 quorum
861 1640 1004 1676 auxilio
1026 1641 1080 1676 vis
1101 1654 1190 1690 pro-

73 1702 197 1738 hibita
217 1709 311 1746 erat,
333 1710 375 1738 ut
394 1715 507 1739 naves
525 1704 733 1745 mitterent,
755 1716 837 1752 quae
855 1715 894 1739 se
915 1716 1189 1753 prosequeren-

77 1773 149 1803 tur.
205 1767 318 1803 Datae
346 1767 516 1803 triremes
538 1767 632 1809 duae,
654 1780 770 1816 quum
800 1768 846 1803 ad
875 1768 1091 1816 Bagradam
1120 1769 1191 1804 flu-

75 1843 162 1866 men
195 1831 466 1880 pervenissent,
488 1830 586 1866 unde
617 1837 741 1866 castra
768 1830 947 1867 Romana
976 1833 1190 1882 conspicie-

77 1894 229 1938 bantur,
268 1895 549 1944 Karthaginem
581 1895 736 1932 rediere.
796 1895 934 1931 Classis
965 1895 1109 1932 Punica
1143 1897 1189 1932 ad

76 1957 228 1994 Uticam
249 1960 453 1995 stationem
468 1958 655 1995 habebatx
689 1971 735 1995 ex
756 1972 800 1995 ea
818 1966 894 1995 tres
917 1960 1187 2008 quadriremes,

75 2035 140 2058 seu
160 2022 256 2059 clam
283 2024 397 2059 misso
419 2037 439 2059 a
460 2023 701 2072 Karthagine
728 2024 885 2066 nuncio,
908 2025 961 2060 uti
982 2023 1100 2066 fieret,
1123 2038 1189 2060 seu

76 2088 331 2131 Hasdrubale,
352 2089 416 2137 qui
441 2087 550 2123 classi
578 2093 752 2137 praeerat,
775 2088 854 2122 sine
886 2087 1037 2136 publica
1059 2089 1188 2124 fraude

78 2165 169 2189 auso
188 2152 348 2194 facinus,
370 2153 678 2201 quinqueremem
703 2150 921 2187 Romanam
948 2159 1188 2201 superantem

77 2217 381 2269 promontorium
412 2230 458 2252 ex
486 2217 563 2252 alto
588 2222 743 2266 repente
771 2216 956 2264 adgressae
981 2226 1086 2252 sunt:
1124 2217 1188 2252 sed

77 2294 198 2330 neque
224 2287 348 2318 rostro
374 2281 485 2318 ferire
512 2281 704 2318 celeritate
736 2281 1056 2317 subterlabentem
1078 2288 1185 2330 pote·

76 2351 176 2390 rant,
198 2359 318 2397 neque
347 2348 532 2385 transilire
562 2349 696 2384 armati
718 2360 764 2385 ex
783 2346 1048 2385 humilioribus
1069 2348 1107 2383 in
1129 2347 1183 2384 al-

584 2412 628 2450 M
649 2413 671 2449 2
