1507 2656
328 132 484 163 LIBER
507 129 651 159 xxxl.
684 127 792 157 CAP.
814 128 946 158 xxll.
1112 125 1192 171 295

83 228 221 267 bebat:
253 241 338 266 cum
364 227 499 277 quibus
530 223 819 275 circumspicere
847 229 886 259 et
911 223 1018 259 obire
1044 223 1091 259 ad
1110 236 1191 259 om·
1208 237 1387 271 U.C.552·

82 306 148 331 nes
178 294 345 330 hostium
375 290 521 328 subitos
548 295 707 325 conatus
726 294 868 338 posset.
924 287 1054 323 Primo
1075 287 1190 331 Galli,
1205 283 1244 313 A·
1261 281 1297 312 C·
1312 290 1387 314 200·

83 359 188 395 omni
207 356 448 395 multitudine
473 355 513 391 in
542 366 659 391 unum
688 353 815 390 locum
839 352 1001 394 connisi,
1032 352 1192 388 obruere

81 429 194 472 atque
213 422 385 458 obterere
411 432 492 457 sese
512 420 681 456 dextram
707 417 820 462 alam,
841 431 923 467 quae
954 417 1076 468 prima
1095 423 1190 461 erat,

81 492 278 538 sperarunt
297 498 427 536 posse:
451 485 517 522 ubi
531 485 570 521 id
585 497 718 535 parum
733 482 977 534 procedebat,
994 483 1192 519 circumire

80 564 103 587 a
134 550 337 596 cornibus;
378 556 416 587 et
448 550 626 600 amplecti
659 549 827 586 hostium
857 549 977 585 aciem
1005 548 1125 597 (quod
1153 548 1193 584 in

80 614 323 657 multitudine
343 615 517 651 adversus
538 626 679 664 paucos
699 613 812 650 facile
829 613 1045 657 videbatur)
1064 613 1194 649 conati

81 683 180 715 sunt.
210 677 256 714 Id
275 678 341 715 nbi
359 679 454 715 vidit
472 683 627 728 praetor,
647 683 687 714 ut
707 684 745 713 et
763 679 845 727 ipse
865 677 1041 714 dilataret
1057 678 1192 721 aciem,

82 743 171 780 duas
189 743 361 793 legiones
390 758 438 781 ex
465 743 641 780 subsidiis
665 743 798 780 dextra
816 743 986 792 laevaque
1005 742 1087 786 alae,
1109 755 1194 792 quae

80 808 120 845 in
146 809 268 858 prima
297 810 378 846 acie
406 808 616 859 pugnabat,
645 808 868 851 circumdat,
890 808 1082 857 aedemque
1104 807 1193 844 Deo

80 872 169 909 Jovi
189 874 306 916 vovit,
328 874 358 909 si
376 886 421 910 eo
441 873 501 910 die
519 874 655 910 hostes
665 873 841 911 fudisset.
884 873 931 910 L.
948 872 1103 909 Valerio
1121 872 1194 908 irn-

79 942 203 987 perat,
223 943 266 973 ut
284 943 392 987 parte
415 939 572 975 duarum
597 938 793 987 legionum
812 938 972 987 equites,
993 937 1112 973 altera
1131 949 1193 973 so-

79 1001 226 1037 ciorum
252 1002 464 1050 equitatum
493 1003 533 1037 in
562 1015 705 1038 cornua
735 1003 903 1038 hostium
934 1003 1097 1045 emittat,
1124 1014 1196 1038 nec

80 1064 278 1102 circumire
298 1078 362 1101 eos
384 1066 504 1102 aciem
533 1066 723 1115 patiatur:
757 1066 868 1102 simul
888 1072 926 1102 et
951 1067 1045 1116 ipse,
1069 1072 1109 1102 ut
1127 1079 1195 1103 ex-

79 1136 276 1167 tenuatam
308 1130 471 1167 mediam
501 1131 669 1167 deductis
701 1131 879 1167 cornibus
912 1132 1032 1168 aciem
1060 1130 1194 1167 Gallo-

81 1207 164 1232 rum
180 1195 285 1238 vidit,
303 1195 410 1244 signa
430 1195 569 1232 inferre
587 1195 778 1233 confertos
799 1196 951 1239 milites,
967 1203 1004 1232 et
1023 1209 1195 1246 perrum-

79 1271 171 1310 pere
189 1259 339 1296 ordines
353 1258 479 1310 jubet.
535 1259 588 1296 Et
607 1273 749 1297 cornua
765 1260 811 1296 ab
832 1260 1037 1310 equitibus,
1059 1266 1096 1297 et
1114 1273 1195 1297 me-

82 1323 136 1359 dii
168 1337 190 1359 a
218 1324 345 1373 pedite
374 1324 495 1374 pulsi:
529 1338 572 1361 ac
604 1332 773 1375 repente,
809 1338 923 1374 quum
954 1326 1059 1361 omni
1088 1331 1197 1376 parte

82 1388 184 1425 caede
198 1389 346 1437 ingenti
365 1395 636 1432 sternerentur,
658 1389 759 1425 Galli
779 1397 886 1438 terga
901 1396 1066 1433 vertunt,
1083 1390 1195 1439 fuga-

82 1465 155 1502 que
192 1453 309 1489 effusa
341 1460 518 1503 repetunt
555 1461 703 1490 castra:
752 1454 940 1504 fugientes
975 1462 1194 1504 persecutus

82 1529 210 1566 eques,
238 1529 328 1553 mox
355 1524 393 1552 et
422 1517 592 1565 legiones
622 1519 801 1553 insecutae
822 1519 859 1554 in
881 1525 1003 1554 castra
1024 1519 1195 1568 inpetum

81 1580 265 1618 fecerunt.
321 1580 452 1617 Minus
476 1593 541 1617 sex
570 1581 689 1618 millia
718 1582 917 1618 hominum
944 1583 1031 1618 inde
1052 1583 1193 1632 effuge-

81 1652 192 1682 runt:
226 1657 323 1682 caesa
341 1652 408 1682 aut
426 1653 537 1695 capta
557 1659 671 1696 supra
687 1648 851 1696 quinque
873 1654 909 1683 et
929 1648 1088 1696 triginta
1108 1648 1194 1684 mil-

81 1710 133 1746 lia
169 1723 254 1746 cum
291 1710 408 1758 signis
445 1710 671 1747 militaribus
710 1713 966 1761 septuaginta,
1003 1713 1192 1763 carpentis

83 1775 254 1818 Gallicis,
271 1774 391 1811 multa
415 1775 540 1826 praeda
561 1777 742 1819 oneratis,
764 1777 846 1827 plus
867 1777 1051 1813 ducentis.
1108 1777 1192 1814 Ha-

82 1841 214 1877 milcar
232 1841 308 1877 dux
327 1840 468 1876 Poenus
489 1853 535 1876 eo
554 1840 690 1890 proelio
711 1842 859 1884 cecidit,
878 1848 915 1878 et
936 1849 1008 1878 tres
1032 1842 1192 1892 impera-

81 1912 181 1942 tores
206 1906 351 1942 nobiles
381 1906 591 1943 Gallorum.
648 1907 862 1944 Placentini
883 1909 1022 1958 captivi
1049 1908 1096 1945 ad
1115 1908 1191 1945 duo

81 1969 200 2006 millia
217 1969 423 2006 liberorum
443 1971 610 2020 capitum
631 1972 765 2008 redditi
786 1971 945 2008 colonis.

134 2034 273 2071 XXII.
301 2034 447 2084 BIagna
469 2036 627 2072 victoria
646 2035 807 2085 laetaque
823 2037 958 2074 Rom'ae
978 2037 1073 2073 fuit:
1106 2037 1191 2073 lite-

82 2099 132 2134 ris
153 2097 301 2141 adlatis,
323 2099 550 2149 supplicatio
572 2101 611 2135 in
631 2100 796 2136 triduum
815 2101 964 2137 decreta
983 2107 1053 2138 est.
1108 2101 1191 2137 Ro-

82 2173 280 2197 manorum
297 2163 560 2212 sociorumque
580 2164 627 2200 ad
647 2164 722 2199 duo
738 2163 856 2200 millia
875 2177 920 2200 eo
941 2165 1076 2215 proelio
1092 2166 1190 2202 ceci-

82 2224 236 2262 derunt:
268 2225 420 2276 plurimi
448 2226 587 2263 dextrae
615 2226 696 2271 alae,
718 2229 757 2263 in
777 2241 887 2277 quam
908 2229 1030 2278 primo
1060 2229 1191 2279 inpetu

82 2288 136 2324 vis
155 2288 286 2338 ingens
303 2290 471 2328 hostium
490 2291 608 2327 inlata
633 2300 703 2329 est.
750 2292 992 2341 Quamquam
1009 2305 1076 2343 per
1094 2306 1189 2345 prae-

625 2355 660 2391 0
682 2357 703 2392 ³1
