1523 2666
299 241 1410 267 m

476 427 541 481 T.
581 426 793 480 LIVII
843 428 1261 484 PATAVINI

659 577 693 617 L
703 577 722 614 1
732 577 764 615 B
773 576 854 615 ER
890 577 1088 617 XXVIII.

120 860 207 890 [C.
229 868 298 891 545.
418 849 544 887 UUM
574 849 737 886 transitu
767 848 1034 892 Hasdrubalis,
1067 855 1251 898 quantum
1276 849 1314 886 in
1344 849 1424 887 Ita-

118 906 156 982 ?
173 904 207 932 C.
228 910 299 938 ²⁰7·
438 915 526 950 liam
547 913 800 950 declinaverat
829 913 932 956 belli,
950 920 1098 949 tantum
1128 913 1260 950 levatae
1282 913 1425 964 Hispa-

117 954 272 1034 pzissigffi'
313 980 384 1014 niae
406 979 643 1021 viderentur-3
677 983 848 1012 renatum
879 976 931 1011 ibi
962 977 1088 1012 subito
1108 990 1176 1027 par
1202 978 1319 1026 priori
1344 977 1427 1014 bel-

312 1043 388 1078 lum
428 1049 495 1079 est.
554 1041 761 1090 Hispanias
800 1053 844 1076 ea
875 1047 1101 1089 tempestate
1139 1042 1192 1077 sic
1228 1041 1424 1077 habebant

314 1106 478 1143 Romani
505 1105 702 1153 Poenique.
760 1103 993 1146 Hasdrubal,
1023 1104 1205 1152 Gisgonis
1237 1104 1349 1147 filius,
1378 1105 1425 1140 ad

312 1183 497 1207 oceanum
543 1170 693 1219 penitus
742 1168 943 1216 Gadesque
982 1175 1233 1204 concesserat.
1290 1169 1425 1205 Nostri

314 1237 425 1272 maris
456 1249 522 1271 ora
542 1235 740 1282 omnisque
769 1234 886 1269 ferme
916 1233 1117 1282 Hispania,
1140 1247 1212 1282 qua
1242 1234 1280 1269 in
1301 1236 1425 1270 orien-

315 1307 388 1335 tem
435 1300 567 1347 vergit,
608 1298 795 1347 Scipionis
833 1310 876 1333 ac
913 1296 1099 1332 Romanae
1138 1297 1292 1333 ditionis
1331 1305 1423 1335 erat.

314 1363 447 1398 Novus
482 1363 688 1411 imperator
718 1360 877 1402 Hanno,
909 1363 948 1396 in
981 1360 1107 1396 locum
1136 1360 1292 1396 Barcini
1322 1360 1425 1397 Has-

313 1426 478 1462 drubalis
509 1438 609 1460 novo
627 1437 711 1459 curn
733 1424 899 1459 exercitu
930 1436 975 1459 ex
994 1423 1126 1459 Africa
1155 1432 1426 1472 transgressuS,

312 1490 548 1539 Magonique
562 1488 734 1539 junctuS,
756 1501 871 1537 quum
900 1488 937 1523 in
960 1487 1178 1530 Celtiberia,
1201 1501 1283 1537 quae
1303 1489 1427 1525 media

313 1558 413 1593 iuter
441 1557 515 1593 duo
543 1556 662 1591 maria
687 1561 757 1598 est,
788 1553 893 1590 brevi
922 1566 1102 1601 magnum
1129 1553 1327 1589 hominum
1356 1566 1427 1589 nu-

314 1634 459 1657 merum
479 1626 683 1664 armasset,
718 1619 846 1668 Scipio
866 1618 1043 1654 adversus
1063 1630 1148 1653 eum
1175 1617 1232 1653 M.
1254 1617 1425 1654 Silanum

315 1698 400 1720 cum
427 1685 555 1720 decem
585 1683 687 1718 haud
712 1682 794 1732 plus
828 1681 994 1717 millibus
1028 1680 1204 1723 militum,
1235 1681 1427 1730 equitibus

121 1749 218 1821 {ilarii
236 1749 274 1779 de
315 1749 545 1798 quingentis,
569 1748 682 1783 misit.
741 1746 904 1789 Silanus,
926 1746 1074 1794 quantis
1104 1745 1278 1781 maximis
1298 1746 1427 1796 potuit

146 1803 226 1822 oenls

121 1836 289 1875 Hispanis-

120 1888 182 1927 que
198 1880 264 1908 vic·
315 1884 352 1913 et
372 1877 556 1924 angustiae
587 1874 743 1910 saltibus
775 1874 929 1915 crebris,
951 1880 992 1908 ut
1018 1872 1195 1921 pleraque
1225 1872 1424 1923 Hispaniae

120 1928 207 1952 iona.

314 1813 527 1855 itineribus,
548 1810 810 1861 (inpediebant
830 1816 957 1845 autem
972 1816 1009 1844 et
1028 1810 1248 1859 asperitates
1265 1810 1427 1853 viarum,

314 1949 415 1983 sunt,
437 1940 607 1985 inclusae)
630 1945 756 1974 tamen
777 1950 854 1973 non
885 1937 1007 1972 solum
1027 1937 1199 1979 nunciOS,
1225 1936 1288 1973 sed
1309 1938 1429 1974 etiam„

312 2005 453 2042 faniam
474 2004 653 2041 adventus
674 2003 730 2038 sui
750 2014 991 2052 praegressus,
1013 2000 1171 2036 ducibus
1192 2000 1358 2036 indidem
1378 2014 1426 2040 ex

314 2068 523 2104 Celtiberia
540 2066 760 2115 transfugis,
783 2066 827 2101 ad
854 2066 1002 2102 hostem
1033 2065 1213 2114 pervenit.
1270 2064 1427 2102 Eisdem

314 2132 533 2169 auctoribus
571 2138 805 2181 compertum
843 2137 912 2171 est,
951 2142 1065 2177 quum
1110 2128 1239 2164 decem
1276 2129 1434 2166 circiter

312 2197 432 2234 millia
461 2197 507 2232 ab
538 2197 648 2231 hoste
683 2195 872 2237 abessent,
903 2194 993 2229 bina
1026 2199 1149 2229 castra
1176 2194 1276 2229 circa
1306 2194 1432 2238 viam,

305 2274 387 2310 qna
407 2262 517 2303 irent,
540 2272 639 2295 esse:
672 2259 764 2294 laeva
785 2258 1010 2299 Celtiberos,
1038 2269 1178 2292 novum
1199 2258 1431 2303 exercitum„

308 2337 426 2375 supra
444 2337 580 2360 noveni
609 2323 727 2359 millia
745 2323 956 2364 hominum,
977 2322 1109 2358 dextra
1128 2321 1273 2357 Punica
1292 2328 1421 2359 tenere

313 2395 458 2428 castra:
491 2389 571 2429 haze
587 2387 830 2432 stationibus,
851 2386 1003 2441 vigiliis,
1025 2386 1128 2425 omni
1141 2384 1249 2438 justa
1267 2385 1424 2427 militari
