1507 2656
343 220 497 252 LIBER
523 216 666 248 XXXI·
699 216 807 245 CAP.
832 214 977 245 XLIV.
1129 214 1211 258 321

95 311 204 365 justo
240 310 376 364 proelio
409 314 514 347 erat:
548 305 612 343 ubi
646 315 772 342 rursus
805 303 1007 354 procedere
1039 301 1209 340 Dardani
1226 304 1316 336 U.C.
1335 311 1408 336 552.

98 377 319 427 coepissent,
336 374 461 423 equite
482 378 519 409 et
536 370 609 407 levi
626 375 816 406 armatura
836 368 945 417 regii,
964 366 1109 403 nullum
1126 365 1210 404 talis
1225 350 1264 380 A·
1279 348 1316 380 θ’
1334 355 1408 380 ‘²⁰⁰’

102 440 232 478 auxilii
251 451 368 490 genus
388 437 571 474 habentes
600 434 817 477 Dardanos,
847 439 1026 469 oneratos
1047 431 1213 468 inmobi-

99 504 198 542 libus
235 505 361 546 armis,
400 500 612 538 vexabant:
657 506 695 536 et
732 498 817 535 loca
849 499 932 549 ipsa
967 496 1211 548 adjuvabant.

100 568 229 604 Occisi
247 567 424 618 perpauci
444 572 546 608 sunt,
565 564 689 616 plures
709 563 911 606 vulnerati,
929 568 1061 612 captus
1083 573 1210 605 neum,

98 632 188 681 quia
213 644 290 668 non
320 630 508 668 excedunt
536 637 678 665 temere
706 627 902 664 ordinibus
923 627 1014 670 suis,
1035 626 1100 662 sed
1120 638 1213 662 con·

100 696 225 733 sertim
255 703 295 732 et
324 701 509 746 puguant,
531 701 569 730 et
587 693 739 730 cedunt.
797 692 858 729 Ita
877 692 1015 728 damna
1033 690 1213 728 Romano

101 769 256 811 accepta
284 760 399 803 bello,
419 760 563 796 duabus
594 771 659 809 per
685 764 920 809 opportunas
953 757 1213 807 expeditiones

101 826 274 862 coercitis
313 824 503 874 gentibuS‚
548 824 766 860 restituerat
806 822 1020 872 Philippus,
1059 822 1213 871 incepto

101 890 208 930 forti,
241 901 318 924 non
353 901 533 938 prospero
557 887 678 923 solum
707 893 856 923 eventu.
913 885 1059 922 Minuit
1080 884 1214 922 deinde

101 954 132 988 ei
168 952 267 987 forte
297 952 426 988 oblata
459 964 516 988 res
547 951 715 987 hostiurn
746 949 967 987 AEtolorum
1002 961 1214 986 numerum.

101 1018 242 1066 Scopas
274 1017 446 1066 princeps
474 1017 615 1064 gentis,
637 1016 683 1051 ab
705 1014 938 1051 Alexandria
964 1027 1104 1064 magno
1128 1027 1214 1051 cum

99 1081 264 1131 pondere
293 1083 373 1117 auri
404 1081 450 1117 ab
481 1093 568 1130 rege
599 1080 808 1116 Ptolemaeo
835 1080 984 1122 missus,
1006 1091 1072 1116 sex
1095 1078 1214 1115 millia

99 1147 267 1196 peditum
302 1153 339 1182 et
376 1146 519 1195 equites
551 1144 723 1181 mercede
760 1145 969 1181 conductos
1000 1143 1212 1194 AEgyptum
1228 1150 1412 1181 AEtoiorum

99 1212 247 1247 avexit:
282 1224 350 1247 nec
377 1224 422 1247 ex
441 1210 644 1261 juveutute
664 1209 886 1246 AEtolorum
907 1221 1134 1259 quemquam
1153 1221 1212 1246 re·
1222 1194 1427 1278 ji'geyngtffisniln

102 1274 285 1321 liquisset,
307 1276 344 1310 ni
375 1275 635 1318 Damocritus,
659 1287 761 1311 nunc
787 1273 891 1317 belli,
912 1274 1012 1323 quod
1037 1274 1210 1318 instaret,
1225 1288 1346 1313 avecta.

102 1351 202 1374 nune
231 1339 366 1374 futurae
397 1338 611 1374 solitudinis
642 1338 865 1382 admoneus,
889 1338 1093 1385 (incertum
1123 1351 1213 1375 cura

101 1404 238 1452 gentis,
259 1416 306 1438 au
329 1410 369 1439 ut
390 1404 649 1439 adversaretur
677 1403 824 1452 Scopae,
851 1415 983 1453 parum
1003 1402 1112 1439 donis
1131 1402 1212 1440 cul-

101 1469 176 1512 tus)
214 1476 357 1517 partem
385 1467 583 1517 juniorum
616 1466 839 1515 castigando
868 1466 970 1503 domi
998 1468 1211 1507 continuis-

99 1541 167 1569 set.
225 1532 320 1568 Haec
341 1545 384 1568 ea
406 1540 536 1568 aestate
557 1532 603 1569 ab
624 1532 811 1569 Romanis
831 1531 1086 1583 Philippoque
1105 1539 1213 1583 gesta

100 1604 218 1634 crant.

152 1662 297 1699 XLIV.
329 1663 468 1699 Classis
487 1677 509 1699 a
525 1664 692 1714 Corcyra
709 1663 875 1714 ejusdem
898 1663 1086 1715 principio
1100 1669 1208 1700 aesta-
1225 1666 1286 1697 Res
1302 1666 1380 1697 mari

101 1727 147 1762 tis
169 1740 251 1762 cum
273 1727 318 1763 L.
335 1728 499 1777 Apustio
520 1728 645 1777 legato
666 1729 851 1779 profecta,
870 1728 999 1765 Malea
1019 1734 1208 1779 superata,
1222 1717 1329 1750 3⁰⁸¹ae

100 1792 198 1827 circa
234 1792 432 1842 Scyllaeum
463 1794 542 1842 agri
579 1794 818 1830 Hermionici
848 1792 982 1830 Attalo
1011 1794 1092 1842 regi
1118 1807 1211 1831 con-

92 1854 227 1906 juncta
261 1866 329 1893 est.
389 1858 487 1894 Tum
517 1871 606 1894 vero
637 1858 930 1895 Atheniensium
965 1858 1112 1902 civitas,
1151 1859 1211 1895 cui

96 1921 185 1957 odio
216 1922 253 1957 in
289 1922 504 1973 Philippum
540 1936 606 1973 per
641 1930 782 1960 metum
809 1922 890 1972 jam
927 1923 990 1959 diu
1015 1923 1211 1961 moderata

97 1993 191 2029 erat,
212 1987 249 2022 id
269 2000 382 2024 omne
401 1989 440 2024 in
460 1988 589 2025 auxilii
614 1989 810 2038 praesentis
831 2000 935 2037 spem
957 1988 1106 2025 effudit:
1139 2001 1208 2025 nec

99 2063 275 2099 umquam
303 2052 354 2088 ibi
378 2051 514 2089 desunt
536 2053 675 2102 linguae
702 2059 860 2103 promtae
882 2052 927 2089 ad
947 2052 1096 2103 plebem
1117 2065 1208 2090 con-

98 2115 308 2152 citandam:
347 2118 447 2166 quod
485 2130 618 2167 genus,
650 2129 765 2167 quum
802 2117 842 2152 in
875 2117 1050 2153 omnibus
1081 2117 1208 2154 liberis

97 2179 329 2225 civitatibus,
351 2188 431 2217 tum
451 2182 640 2232 praecipue
660 2181 839 2225 Athenis,
860 2180 924 2217 ubi
948 2182 1072 2217 oratio
1092 2181 1210 2232 pluri-

96 2255 199 2279 mum
226 2244 357 2293 pollet,
392 2245 523 2282 favore
553 2245 805 2282 multitudinis
836 2245 961 2282 alitur.
1018 2245 1208 2295 Rogatio-

96 2318 182 2342 nem
203 2308 393 2359 extemplo
413 2309 597 2353 tulerunt,
618 2309 822 2360 plebesque
842 2310 964 2354 scivit,
986 2315 1026 2347 ut
1045 2311 1210 2360 Philippi
1221 2284 1417 2358 35:312?ss-

94 2374 234 2415 statuoe,
256 2373 427 2420 imagines
445 2385 577 2419 omnes,
597 2375 812 2424 nominaque
832 2387 969 2420 earum,
992 2377 1076 2412 item
1096 2374 1209 2423 majo·
1222 2380 1281 2448 pm
1297 2372 1327 2401 ³¹¹
1346 2372 1420 2403 Phi-

621 2439 652 2475 P
672 2440 693 2475 5
1237 2427 1362 2458 ippum.
