1523 2666
115 255 206 285 U.C.
221 260 293 286 561.

116 298 295 331 A.C.191.

120 713 284 744 Exercitus

117 757 246 786 luxuria

117 809 272 830 conrum-

117 844 212 881 pitur.

306 166 390 210 572
764 167 809 195 T.
836 167 968 196 mvn

306 257 456 301 hiemis,
478 255 619 294 oblitus
640 262 799 306 quantas
828 256 939 293 simul
970 257 1061 293 duas
1093 270 1149 294 res
1182 259 1421 309 suscepisset,

307 322 449 359 bellum
475 321 694 358 Romanum
729 329 767 357 et
796 322 984 358 Graeciam
1015 321 1264 367 liberandam,
1286 324 1427 359 omissa

309 387 479 423 omnium
500 399 622 422 rerum
645 399 749 429 cura,
770 387 809 421 in
833 387 1016 422 conviviis
1045 393 1082 422 et
1108 388 1237 423 vinum
1268 400 1428 436 sequen-

307 451 410 488 tibus
432 451 706 502 voluptatibus,
729 464 772 487 ac
793 451 941 494 deinde,
963 464 1010 487 ex
1035 451 1265 500 fatigatione
1291 452 1428 501 magis,

309 528 422 565 quam
443 517 621 553 satietate
647 530 790 560 earum,
812 518 851 552 in
882 530 1017 554 somno
1044 519 1224 555 traduxit.
1281 518 1428 555 Eadem

309 593 441 617 omnes
474 581 674 630 praefectos
701 583 826 630 regios
861 583 944 630 (qui
975 582 1129 630 ubique,
1156 584 1203 619 ad
1232 583 1431 622 Boeotiam

309 645 488 688 maxime,
523 646 718 695 praepositi
750 645 919 681 hibernis
954 647 1080 693 erant)
1119 647 1220 696 cepit
1250 647 1427 683 luxuria:

311 709 349 745 in
370 710 541 746 eamdem
561 718 599 746 et
618 710 757 746 milites
778 711 884 747 effusi
908 717 1020 747 sunt:
1055 724 1123 747 nec
1144 711 1342 760 quisquam
1363 723 1428 747 eo-

311 786 394 810 rum
414 780 480 810 aut
499 788 604 811 arma
623 775 760 818 induit,
778 783 842 811 aut
864 776 1083 818 stationem,
1098 782 1164 812 aut
1181 776 1328 825 vigilias
1349 788 1428 812 ser—

312 839 436 884 vavit,
470 846 535 875 aut
552 839 771 888 quidquam,
789 840 889 889 quod
911 839 1084 876 militaris
1101 841 1241 890 operis,
1262 846 1327 876 aut
1346 853 1432 876 mu-

313 903 412 939 neris
430 909 543 946 esset,
561 903 668 940 fecit⁴
722 903 855 953 Itaque
879 904 1069 954 principio
1090 905 1201 947 veris,
1231 917 1347 953 quum
1366 916 1433 954 per

311 966 522 1003 Phocidem
544 967 809 1011 Chaeroneam,
831 981 907 1016 quo
928 968 1130 1004 convenire
1151 980 1303 1003 onmem
1323 968 1434 1006 undi-

314 1044 386 1081 que
407 1033 614 1068 exercitum
634 1032 816 1082 jusserat,
838 1034 1027 1078 venisset3
1059 1032 1171 1069 facile
1198 1032 1435 1069 animadver-

313 1098 376 1140 tit,
396 1096 518 1133 nihilo
545 1099 732 1134 severiore
755 1098 954 1148 disciplina
975 1098 1127 1141 milites,
1150 1110 1262 1146 quam
1283 1097 1431 1140 ducem,

313 1161 547 1198 hibernasse.
604 1161 865 1198 Alexandrum
890 1162 975 1198 inde
999 1163 1203 1198 Acarnana
1223 1167 1260 1196 et
1278 1160 1434 1210 Menip-

315 1239 405 1276 pum
443 1225 698 1263 Macedonem
737 1228 906 1262 Stratum
944 1226 1102 1263 AEtoliae
1137 1226 1265 1275 copias
1299 1225 1433 1261 ducere

308 1290 449 1341 jussit:
484 1292 576 1341 ipse,
598 1291 759 1341 Delphis
781 1291 967 1327 sacrificio
990 1290 1162 1341 Apollini
1186 1290 1304 1333 facto,
1324 1289 1435 1326 Nau-

316 1362 470 1406 pactum
501 1357 708 1406 processit:
742 1356 903 1392 consilio
930 1357 1144 1406 principum
1178 1353 1335 1392 AEtoliae
1365 1354 1435 1390 ha-

316 1420 414 1464 bito,
448 1421 521 1464 via,
551 1434 634 1470 quae
667 1427 803 1472 praetcr
830 1421 1063 1470 Calydonem
1091 1429 1127 1456 et
1153 1420 1438 1470 Lysimachiam

316 1485 391 1521 fert
411 1486 456 1521 ad
479 1485 660 1528 Stratum,
683 1486 773 1528 suis,
796 1486 859 1534 qui
888 1498 955 1535 per
987 1484 1194 1521 Maliacum
1222 1484 1345 1520 sinum
1372 1496 1434 1520 ve·

123 1542 305 1591 Antiochus
319 1549 489 1593 niebant,
512 1549 693 1586 obcurrit.
752 1549 811 1585 Ibi
831 1549 1093 1585 Mnesilochus
1123 1549 1295 1598 princeps
1316 1548 1436 1583 Acar-

121 1587 299 1616 Acarnani-

125 1639 180 1660 am
196 1630 282 1670 petit.

321 1626 475 1656 nanum,
499 1613 625 1649 multis
648 1620 769 1649 emtus
790 1614 915 1656 donis,
936 1626 1015 1649 non
1043 1614 1121 1664 ipse
1141 1612 1261 1648 solum
1284 1618 1437 1660 gentem

321 1680 400 1727 regi
421 1679 665 1722 conciliabat,
687 1679 751 1714 sed
772 1678 927 1727 Clytum
948 1679 1061 1714 etiam
1082 1684 1298 1728 praetorem,
1322 1688 1437 1726 penes

319 1755 430 1792 quem
451 1750 530 1778 tum
551 1755 697 1778 summa
718 1749 886 1792 potestas
903 1749 997 1785 erat,
1018 1743 1056 1778 in
1079 1754 1184 1778 suam
1205 1740 1436 1777 sententiam

319 1806 539 1842 adduxerat.
598 1806 635 1842 Is
671 1819 786 1855 quum
816 1806 1044 1849 Leucadios,
1080 1806 1181 1855 quod
1210 1804 1437 1841 Acarnaniae

318 1878 432 1921 caput
453 1878 522 1913 est,
544 1884 620 1906 non
647 1870 759 1907 facile
782 1871 829 1907 ad
852 1871 1106 1907 defectionem
1126 1883 1237 1920 posse
1264 1874 1435 1906 cerneret

320 1934 463 1985 inpelli,
495 1942 649 1984 propter
679 1942 821 1970 metum
856 1933 1041 1970 Romanae
1069 1933 1212 1976 classis,
1240 1946 1323 1982 quae
1351 1944 1436 1969 cum

321 1999 458 2043 Atilio,
480 2012 609 2048 quaeve
636 2000 736 2035 circa
765 1999 1049 2050 Cephalleniam
1081 2005 1176 2042 erat,
1198 2006 1278 2034 arte
1299 2010 1362 2033 eos
1383 2003 1442 2033 est

323 2065 545 2113 adgressus:
578 2077 666 2100 nam
696 2077 812 2113 quum
844 2065 884 2100 in
911 2063 1074 2100 concilio
1101 2063 1272 2106 dixisset,
1299 2063 1441 2099 tuenda

323 2130 599 2166 mediterranea
618 2130 844 2165 Acarnaniae
866 2141 960 2171 esse,
982 2136 1021 2164 et
1040 2127 1231 2170 omnibus,
1253 2128 1316 2176 qui
1337 2140 1441 2163 arma

322 2194 478 2236 ferrent,
501 2194 713 2230 exeundum
734 2194 780 2229 ad
800 2193 1022 2230 Medionem
1044 2199 1083 2228 et
1101 2192 1302 2242 Thyrium,
1324 2204 1370 2227 ne
1391 2191 1438 2228 ab

323 2258 519 2294 Antiocho
539 2264 605 2294 aut
624 2258 766 2294 AEtolis
789 2264 1085 2308 occuparentur;
1119 2256 1237 2300 fuere,
1256 2256 1319 2304 qui
1339 2255 1439 2291 dice-

323 2329 421 2365 rent,
443 2321 538 2359 nihil
558 2323 725 2360 adtinere
746 2335 877 2359 omues
899 2322 1133 2359 tumultuose
1150 2320 1357 2366 concitari;
1382 2332 1440 2357 sa-
