1507 2656
319 139 472 168 LIBER
497 137 688 166 xxxm-
722 136 829 165 CAP.
853 136 962 164 XIX.
1115 135 1195 176 401

75 231 154 263 tum
182 228 253 265 diei
279 227 462 277 superfuit
491 227 623 269 secuti,
653 231 876 276 receperunt
906 238 945 261 se
975 225 1020 261 atl
1053 231 1292 263 castra.U.C.
1313 237 1386 263 555.

21 336 22 341 1
77 292 175 328 Satis
197 300 360 335 constat,
378 292 406 327 si
429 291 628 328 confestim
646 291 806 327 victores
825 290 1103 325 Stratoniceam
1124 302 1188 338 pe·
1201 276 1243 306 A·
1259 275 1294 306 C·
1317 279 1388 308 ¹9⁷·

21 348 22 354 ¹
75 356 223 400 tissent,
254 357 368 407 recipi
399 368 478 392 eam
507 355 635 391 urbem
665 356 745 391 sine
775 354 979 391 certamine
1008 355 1190 404 potuisse.

19 423 21 426 ’
75 419 332 457 Praetermissa
352 420 431 470 ejus
452 420 503 456 rei
526 419 676 456 occasio
696 426 765 462 est,
784 419 869 454 dum
892 419 930 453 in
951 417 1113 454 castellis
1135 419 1189 453 vi-

77 483 203 533 cisque
230 484 367 520 Peraeae
396 484 619 534 recipiendis
649 489 796 533 tempus
829 483 973 518 teritur.
1032 482 1189 517 Interim

75 549 190 584 animi
210 561 353 592 eorum,
370 549 435 598 qui
455 549 731 585 Stratoniceam
753 547 927 597 praesidio
948 546 1188 588 obtinebant,

74 611 285 648 confirmati
317 618 429 648 sunt:
463 625 552 648 mox
583 618 620 647 et
650 611 878 647 Dinocrates
906 623 990 646 cum
1020 611 1078 652 iis,
1107 623 1189 658 quae,

73 675 210 725 proelio
233 683 466 726 supererant,
489 677 607 726 copiis
638 677 792 712 intravit
821 688 960 711 muros.
1016 673 1190 723 Nequid-

75 751 187 787 quam
207 740 294 776 inde
320 740 473 776 obsessa
503 740 799 790 obpugnataque
830 739 916 774 urbs
947 743 1024 774 est:
1058 738 1189 786 rec²pi,

72 803 145 838 nisi
162 802 357 852 aliquanto
376 811 476 854 post,
494 817 560 853 per
576 804 810 840 Antiochum
830 817 906 840 uon
928 803 1064 853 potuit.
1098 802 1193 838 Haec

73 867 111 902 in
132 867 342 911 Thessalia,
359 869 439 904 haec
460 869 498 904 in
515 868 674 912 Achaia,
692 869 772 905 haec
792 869 830 904 in
847 869 940 905 Asia
959 881 1024 918 per
1041 867 1190 904 eosdem

74 932 151 967 dies
173 932 289 968 ferme
309 939 427 982 gesta.

126 994 243 1032 XIX.
274 996 471 1046 Philippus
493 1008 608 1045 quum
628 997 807 1040 audisset,
829 997 1045 1039 θαι-(131105,
1067 1001 1191 1032 trans·
1204 997 1371 1071 ἓῒὲἰῑῐᾶίξεῑὲξ

73 1071 221 1108 gressos
242 1060 333 1096 fines
354 1060 401 1096 ab
422 1066 617 1097 contemtu
638 1062 811 1097 concussi
831 1069 911 1096 tum
941 1061 1062 1109 regni,
1081 1073 1191 1110 supe-
1205 1085 1308 1116 caedit.

72 1124 173 1159 riora
192 1123 429 1160 Macedoniae
450 1131 632 1168 evastare,
655 1125 824 1174 quamvis
844 1131 929 1160 toto
955 1137 1073 1174 prope
1100 1124 1192 1160 orbe

72 1193 272 1231 terrarum,
306 1190 471 1238 undique
502 1201 540 1225 se
570 1202 732 1238 suosque
764 1189 992 1239 profligante
1020 1189 1190 1232 fortuna,

72 1252 293 1300 urgebatur,
321 1246 450 1289 tamen
479 1260 602 1289 morte
632 1255 775 1290 tristius
804 1263 922 1296 ratus,
953 1253 1191 1290 Macedoniae

73 1315 187 1351 etiam
221 1318 460 1365 possessione
496 1316 598 1366 pelli,
631 1317 779 1353 delectu
812 1318 949 1367 raptim
982 1330 1048 1367 pcr
1081 1316 1191 1353 urbes

71 1376 329 1416 Macedonum
359 1381 507 1424 habito,
539 1394 623 1417 cum
658 1394 723 1418 sex
753 1382 918 1417 millibus
952 1381 1122 1431 peditum
1155 1387 1193 1416 et

70 1443 287 1491 quingentis
308 1444 498 1492 equitibus
519 1446 618 1482 circa
647 1445 787 1481 Stobos
808 1445 971 1480 Paeoniae
999 1445 1194 1494 inproviso

71 1508 200 1544 hostes
238 1509 439 1558 obpressit.
496 1510 642 1559 Magna
679 1510 884 1546 multitudo
918 1511 1116 1546 hominum
1155 1511 1191 1545 in

70 1573 222 1624 proelio‚
252 1573 375 1623 major
405 1574 594 1623 praedandi
624 1574 799 1623 cupidine
829 1574 956 1624 palata
985 1587 1052 1624 per
1080 1585 1192 1622 agros

72 1649 168 1673 caesa
197 1643 278 1673 est:
320 1638 455 1686 quibus
485 1638 578 1686 fuga
607 1638 819 1686 expeditior
847 1637 932 1679 fuit,
964 1650 1012 1673 ne
1042 1643 1192 1673 tentato

71 1700 222 1749 quidem
253 1714 340 1736 casu
374 1714 526 1750 pugnae,
561 1703 600 1736 in
633 1701 725 1737 fines
757 1714 843 1736 suos
874 1701 1077 1737 redierunt.
1135 1701 1194 1736 Ea

73 1776 147 1800 una
167 1766 407 1815 expeditione
424 1778 501 1801 non
521 1778 590 1815 pro
606 1765 751 1814 reliquo
772 1773 873 1801 statu
891 1765 1055 1801 fortunae
1075 1765 1190 1807 facta,

71 1828 221 1864 refectis
243 1841 396 1864 suorum
416 1830 566 1871 animis,
588 1830 611 1864 Ί
624 1829 901 1865 hessalonicam
928 1841 1008 1864 sese
1038 1829 1193 1877 recepit.

71 1890 162 1927 Non
190 1899 266 1928 tam
297 1893 334 1928 in
362 1899 533 1943 tempore
563 1893 749 1929 Punicum
779 1893 921 1928 bellum
947 1894 1192 1928 terminatum

71 1962 165 1998 erat,
195 1969 243 1992 ne
273 1957 384 1993 simul
416 1964 453 1993 et
486 1971 571 1993 cum
602 1957 781 2008 Philippo
815 1957 916 1993 foret
949 1957 1188 2002 bellandum3

71 2033 183 2069 quam
214 2028 442 2071 opportune,
468 2022 550 2071 jam
579 2022 775 2058 Antiocho
807 2022 843 2057 in
875 2023 981 2071 Syria
1013 2021 1192 2057 moliente
1205 2030 1356 2062 Antiochi

1205 2075 1303 2114 Syriae
1319 2075 1401 2112 regis

70 2082 226 2126 bellum,
248 2084 444 2135 Philippus
476 2093 532 2121 est
561 2094 758 2135 superatus
778 2101 785 2120 :
818 2098 919 2127 nani,
941 2093 1191 2134 praeterquam
1207 2118 1388 2148 molitiones

71 2147 169 2195 quod
191 2147 337 2183 facilius
359 2161 444 2184 cum
464 2149 638 2197 singulis,
660 2161 773 2197 quam
800 2150 830 2184 si
862 2150 898 2184 in
933 2162 1047 2184 unum
1078 2149 1192 2186 ambo

70 2209 178 2245 simul
219 2211 469 2247 contulissent
502 2213 614 2254 vire&
650 2212 833 2248 bellatum
873 2220 956 2258 est3
1004 2213 1193 2263 Hispania

71 2286 221 2323 quoque
239 2275 310 2311 sub
330 2276 430 2312 idem
449 2282 596 2326 tempus
624 2289 763 2325 magno
783 2277 948 2314 tumultu
979 2277 1024 2313 ad
1052 2277 1192 2314 bellum
