1523 2666
114 246 203 276 U.C.
217 253 289 277 542,

109 289 284 320 A.c.21o.

304 157 335 194 4
772 157 819 185 T.
843 159 976 186 L1V11

308 246 444 281 acriter
463 258 629 295 pugnam
649 245 827 284 inierunt.
884 247 1063 284 Ceterum
1082 248 1293 293 Hannibal,
1310 252 1421 300 signo

307 308 496 357 equitibus
517 309 620 351 (lato,
642 316 697 352 ut,
712 322 825 358 quum
845 311 1036 360 pedestres
1056 314 1153 348 acies
1174 322 1424 364 occupassent

306 374 483 423 praesenti
511 374 716 409 certamine
742 373 872 410 oculos
904 376 1139 425 animosque,
1167 378 1423 421 circumvecti,

304 449 390 486 pars
411 442 534 472 castra
552 437 735 479 hostium,
753 450 837 487 pars
859 444 966 486 terga
980 440 1251 489 trepidantium
1271 441 1424 478 invade-

303 507 403 544 rent,
425 501 504 550 ipse
524 500 562 535 in
582 500 707 536 Fulvii
727 500 1012 538 similitudinem
1031 504 1211 548 nominis,
1232 505 1332 554 quod
1353 505 1425 542 Cn.

302 563 480 600 Fulvium
504 570 706 614 praetorem
735 563 891 601 biennio
918 572 1006 601 ante
1026 567 1065 602 in
1085 567 1215 604 iisdem
1236 568 1426 605 devicerat

300 627 410 671 locis,
431 628 645 677 increpans,
667 627 825 664 similem
854 636 1031 666 eventum
1055 644 1191 681 pugnae
1211 632 1293 669 fore
1313 633 1425 670 adfir-

300 692 442 729 mabat.
500 691 636 740 Neque
662 704 706 727 ea
732 704 815 741 spes
836 705 933 728 vana
957 693 1054 730 fuit:
1087 700 1189 739 n'am,
1217 709 1333 745 quum
1360 710 1426 734 co-

302 757 426 793 minus
450 757 530 793 acie
560 762 598 792 et
628 757 796 806 peditum
829 759 1036 795 certamine
1065 760 1175 795 multi
1206 761 1430 797 cecidissent

302 819 581 863 Romanorum,
599 826 744 856 starent
762 827 889 856 tamen
907 822 1057 858 ordines
1079 824 1276 872 signaque,
1294 837 1426 874 eques-

302 886 370 922 tris
391 899 414 922 a
432 892 542 934 tergo
562 885 762 929 tumultu&
785 886 896 922 simul
916 900 938 921 a
957 888 1089 923 castris
1110 887 1252 925 clamor
1273 889 1423 925 hostilis

302 950 467 993 audium,
490 956 635 986 sextam
655 956 744 986 ante
763 950 968 999 legionem,
985 965 1082 1001 quae,
1099 953 1139 988 in
1159 954 1323 990 secunda
1342 954 1424 990 acie

302 1015 442 1066 posita,
456 1015 561 1065 prior
573 1014 620 1050 ab
636 1014 815 1051 Numidis
833 1015 987 1052 turbata
1000 1022 1055 1052 est
1069 1033 1079 1062 3
1103 1018 1274 1066 quintam
1291 1018 1431 1055 deinde

301 1085 417 1129 atque
438 1092 516 1122 θος,
539 1081 603 1128 qui
630 1080 677 1116 ad
700 1081 822 1129 prima
849 1081 958 1129 signa
985 1088 1106 1126 erant,
1127 1083 1275 1119 avertit.
1333 1083 1425 1120 Pars

302 1144 340 1181 in
361 1144 492 1192 fugam
513 1144 634 1187 effusi,
656 1158 741 1195 pars
762 1145 799 1180 in
822 1146 945 1181 medio
966 1147 1075 1182 caesi:
1109 1146 1174 1183 ubi
1195 1152 1233 1184 et
1252 1148 1332 1198 ipse
1353 1149 1425 1185 Cn.

300 1207 456 1244 Fulvius
476 1221 562 1245 cum
583 1209 758 1244 undecim
773 1208 935 1245 tribunis
957 1209 1120 1246 militum
1137 1211 1285 1248 cecidit.
1342 1211 1425 1248 Ro-

298 1285 500 1308 manorum
531 1273 797 1322 sociorumque
823 1280 916 1321 quot
943 1286 1040 1309 caesa
1069 1273 1107 1309 in
1139 1274 1276 1323 proelio
1306 1275 1425 1312 millia

300 1336 391 1379 sint,
413 1336 495 1385 quis
523 1349 592 1386 pro
613 1343 717 1371 certo
737 1335 935 1371 adfirmet?
965 1349 1080 1384 quum
1100 1337 1282 1375 tredecim
1307 1340 1428 1376 millia

301 1400 407 1444 alibi,
429 1400 519 1437 alibi
539 1400 640 1436 haud
660 1400 758 1451 pluS,
780 1413 892 1449 quam
913 1407 1071 1450 septem,
1091 1401 1295 1439 inveniam.
1334 1403 1427 1440 Cas-

302 1468 371 1504 tris
401 1466 602 1518 praedaque
632 1467 754 1502 victor
779 1466 937 1514 potitur.
994 1464 1252 1509 Herdoneam,
1277 1468 1365 1516 quia
1391 1474 1430 1504 et

303 1531 535 1568 defecturam
557 1529 673 1566 fuisse
700 1530 746 1565 ad
769 1529 968 1565 Romanos
996 1530 1194 1578 comperit,
1221 1543 1293 1566 nec
1318 1544 1426 1568 man-

303 1609 430 1632 suram
450 1595 489 1630 in
510 1595 596 1638 fide,
619 1595 648 1629 si
669 1594 756 1630 inde
780 1594 1037 1637 abscessisset,
1059 1593 1301 1631 multitudine
1321 1597 1426 1631 omni

304 1659 577 1709 Metapontum
603 1671 646 1695 ac
665 1658 832 1695 Thurios
857 1658 1042 1701 traducta,
1063 1659 1253 1696 incendit:
1287 1660 1428 1696 occidit

307 1723 511 1775 principes,
526 1723 586 1772 qui
609 1735 694 1758 cum
714 1722 848 1758 Fulvio
865 1722 1069 1772 conloquia
1085 1723 1236 1759 occulta
1251 1723 1428 1760 habuisse

308 1788 493 1838 comperti
521 1793 621 1824 sunt.
678 1786 860 1831 Romani,
883 1788 944 1837 qui
972 1800 1019 1824 ex
1038 1794 1146 1824 tanta
1166 1787 1271 1825 clade
1298 1801 1426 1825 evase-

306 1859 407 1896 rant,
425 1853 579 1889 diversis
596 1852 794 1888 itineribus
811 1865 1011 1889 semermes
1029 1853 1076 1889 ad
1094 1852 1320 1889 Marcellum
1335 1865 1427 1890 con-

306 1917 426 1954 sulem
446 1917 484 1953 in
507 1916 702 1952 Samnium
722 1916 982 1966 perfugerunt.

360 1981 415 2018 11.
443 1980 665 2023 Marcellus,
682 1980 778 2016 nihil
794 1981 998 2018 admodum
1017 1988 1125 2018 tanta
1141 1981 1244 2018 clade
1258 1981 1427 2025 territus,

305 2046 433 2083 literas
463 2045 629 2082 Romam
659 2045 705 2081 ad
734 2052 906 2082 senatum
927 2046 971 2082 de
995 2046 1089 2083 duce
1119 2052 1157 2082 et
1185 2047 1353 2083 exercitu
1383 2045 1430 2083 ad

306 2111 553 2149 Herdoneam
579 2111 718 2147 amisso
737 2110 890 2147 scribit:
924 2117 1093 2155 ceterum,
1114 2113 1275 2157 eamdem
1299 2123 1348 2155 se,
1370 2112 1433 2159 qui

303 2180 384 2225 post
407 2175 625 2212 Cannensem
646 2187 809 2223 pugnam
825 2173 988 2224 ferocem
1015 2178 1169 2213 victoria
1187 2175 1431 2222 Hannibalem

304 2241 533 2282 contudisset,
556 2241 609 2276 ire
628 2240 795 2276 adversus
814 2251 907 2284 eum,
929 2239 1066 2278 brevem
1084 2242 1140 2277 illi
1161 2242 1338 2285 laetitz'am,
1359 2252 1432 2289 qua

302 2305 467 2349 exsultet,
481 2304 694 2355 facturum.
750 2304 804 2343 Et
827 2304 964 2343 Romae
987 2306 1137 2356 quidem
1163 2318 1278 2355 quum
1303 2304 1428 2342 luctus
