1507 2656
351 199 503 228 LIBER
526 197 682 227 XXXV·
715 197 822 225 GAP.
842 198 949 226 XXI.
1119 196 1201 242 523

99 285 133 321 ei
153 285 227 321 duo
246 286 363 322 millia
382 286 525 323 socium
546 298 588 322 ac
608 285 739 321 Latini
758 286 937 328 nominis,
958 291 996 321 et
1014 285 1116 322 mille
1137 299 1201 336 pe·
1215 291 1256 321 U.
1272 291 1308 321 C.
1325 297 1396 323 560.

97 348 191 385 dites
207 350 338 385 darent
357 349 566 387 Romanos.
597 348 651 385 Hi
668 349 742 385 duo
755 354 934 398 praetores
951 354 989 384 et
1006 349 1080 385 duo
1094 363 1200 386 exer·
1215 335 1254 366 A·
1267 335 1303 365 C·
1322 342 1393 368 ¹92

96 412 206 455 citus,
227 413 411 448 terrestris
445 412 675 461 navalisque,
697 411 871 448 adversus
899 412 1042 455 Nabiu,
1073 420 1202 463 aperte

26 473 27 508 l
89 473 171 524 jam
187 474 471 525 obpugnantem
487 476 610 511 socios
631 474 761 526 populi
778 475 958 519 Romani,
979 475 1201 514 dicebantur

25 526 26 536 ἶ
92 538 228 587 parari.
286 537 464 574 Ceterum
479 538 594 586 legati
612 539 658 575 ad
677 539 911 575 Antiochum
927 539 1030 574 missi
1044 552 1199 589 exspec-

93 600 271 637 tabantur
289 617 296 637 ε
330 609 381 646 et,
402 604 619 653 priusquam
645 604 671 639 ii
701 603 897 646 redissent,
930 609 1098 640 vetuerat
1128 604 1198 642 Cn.

90 663 306 701 Domitium
327 667 520 704 consulem
540 675 690 703 senatus
712 667 757 704 ab
780 667 871 703 urbe
891 667 1091 706 discedere.

146 728 263 766 XXI.
292 730 523 768 Praetoribus
557 731 692 768 Fulvio
725 738 763 768 et
798 732 1011 776 Scribonio,
1048 733 1198 781 quibus,

94 793 212 843 utjus
232 795 399 832 dicerent
417 795 567 840 Romae,
588 797 782 846 provincia
802 803 895 839 erat,
916 796 1112 845 negotium
1131 797 1197 833 da-

92 863 188 901 tum,
209 865 265 902 ut,
285 866 421 909 praeter
441 872 522 897 eam
542 861 713 905 classem,
734 860 952 898 cuiAtilius
970 861 1196 910 praefuturus

89 928 185 965 erat,
221 929 372 960 centum
408 925 695 975 quinqueremes
729 932 918 976 pararent.
973 925 1198 975 Priusquam

88 987 223 1024 consul
255 995 509 1039 praetoresque
538 992 579 1026 in
609 991 822 1041 provincias
855 991 1196 1041 proficiscerentur,

89 1051 316 1102 supplicatio
347 1053 420 1090 fuit
450 1055 712 1104 prodigiorum
737 1068 880 1092 caussa.
939 1055 1102 1106 Capram
1131 1067 1198 1094 sex

87 1115 219 1154 hoedos
241 1129 316 1153 uno
335 1117 432 1154 foetu
453 1119 626 1162 edidisse,
647 1132 694 1155 ex
712 1119 855 1155 Piceno
874 1119 1096 1155 nunciatum
1116 1125 1194 1156 est:

89 1185 129 1217 et
147 1181 288 1218 Arretii
308 1195 465 1232 puerum
479 1189 611 1219 natum
628 1183 869 1220 unimanum:
891 1183 1082 1219 Amiterni
1097 1189 1199 1220 terra

87 1243 249 1295 pluisse:
283 1246 443 1283 Formiis
463 1254 615 1298 portam
643 1261 866 1296 murumque
885 1247 930 1283 de
951 1247 1048 1284 coelo
1067 1252 1194 1284 tacta:

87 1316 125 1346 et
147 1311 266 1359 (quod
285 1313 447 1349 maxime
467 1312 651 1359 terrebat)
674 1311 838 1348 consulis
859 1312 929 1347 Cn.
942 1311 1106 1347 Domitii
1124 1311 1196 1348 bo·

85 1386 169 1411 vem
194 1374 378 1419 locutum,
406 1388 518 1412 ROMA
541 1387 643 1413 cAvss
665 1387 766 1413 TIBI.
824 1376 1049 1412 Ceterorum
1067 1376 1196 1426 prodi-

87 1439 236 1488 giorum
266 1452 398 1477 caussa
428 1441 679 1491 supplicatum
713 1446 793 1476 est:
825 1439 962 1476 bovem
991 1453 1076 1476 cum
1105 1453 1197 1476 cura

87 1504 226 1539 servari
240 1503 364 1553 alique
380 1504 789 1554 aruspicesjusserunt,
818 1504 982 1546 Tiberis,
999 1504 1196 1541 infestiore

86 1579 200 1615 quam
214 1568 339 1617 priore
357 1568 487 1620 inpetu
503 1567 641 1604 inlatus
662 1567 759 1610 urbi,
774 1567 848 1603 duo
865 1573 1016 1617 ponteS,
1038 1566 1196 1603 aedificia

87 1630 221 1674 multa,
241 1633 404 1668 maxime
425 1634 525 1669 circa
549 1639 699 1683 portam
719 1631 1024 1673 Flumentanam,
1045 1632 1193 1667 evertit.

85 1695 227 1732 Saxum
244 1697 390 1745 ingens,
405 1698 482 1733 sive
494 1696 691 1739 imbribus,
707 1697 782 1732 sive
797 1702 905 1732 motu
916 1703 1025 1732 terrae
1037 1695 1192 1739 leviore,

84 1773 199 1809 quam
224 1767 266 1796 ut
292 1760 433 1810 alioqui
464 1762 679 1804 sentiretur,
700 1760 988 1802 labefactatum,
1009 1761 1046 1795 iu
1067 1760 1193 1795 vicum

84 1823 282 1873 Jugarium
303 1837 349 1861 ex
370 1824 561 1875 Capitolio
581 1825 758 1875 procidit,
777 1830 814 1860 et
837 1823 975 1860 multos
992 1823 1192 1872 obpressit.

84 1887 131 1924 Iu
165 1889 264 1937 agris
295 1889 434 1938 passim
468 1890 659 1925 inundatis
694 1902 811 1939 pecua
844 1888 984 1929 ablata,
1018 1886 1191 1922 villarum

83 1958 227 2001 strages
260 1952 361 1989 facta
387 1959 455 1989 est.
512 1953 734 2001 Priusquam
761 1952 807 1988 L.
828 1952 1030 1991 Quinctius
1059 1949 1193 1986 consul

83 2016 122 2052 in
142 2016 373 2066 provinciam
394 2017 619 2066 perveniret,
651 2017 699 2055 Q.
719 2015 912 2051 Minucius
939 2016 977 2050 iu
1007 2027 1099 2062 agro
1127 2014 1191 2049 Pi-

84 2092 178 2116 sano
203 2093 289 2117 cum
320 2081 524 2130 Liguribus
554 2082 671 2129 siguis
693 2081 851 2117 conlatis
881 2081 1086 2130 pugnavit:
1119 2091 1189 2115 no·
1204 2087 1309 2135 Ligur.
1329 2087 1406 2136 victi

83 2157 167 2182 vem
195 2145 313 2181 millia
341 2145 507 2182 hostium
528 2146 690 2182 occidit:
723 2152 867 2181 ceteros
888 2144 991 2180 fusos
1016 2130 1392 2193 fugatos-aMmumo·

82 2222 156 2258 que
174 2209 213 2245 in
234 2216 356 2245 castra
376 2209 569 2260 compulit.
609 2209 667 2246 Ea
688 2222 805 2258 usque
824 2209 861 2244 in
879 2214 1029 2244 noctem
1049 2219 1188 2256 magno

83 2274 287 2310 certamine
313 2274 533 2324 obpugnata
557 2274 782 2323 defensaque
813 2279 923 2309 sunt:
956 2277 1069 2308 nocte
1092 2270 1188 2307 clam

80 2337 242 2392 profecti
262 2337 418 2388 Ligures
429 2356 439 2385 3
472 2339 593 2392 prima
611 2337 695 2376 luce
710 2338 906 2376 Romanus
928 2349 1046 2373 vacua
1060 2343 1188 2373 castra
