1523 2666
316 173 393 213 118
751 184 795 211 r.
822 183 957 211 L1V11

115 284 158 315 U.
173 284 209 314 C.
226 287 424 324 5⁴6.quam
461 272 732 323 reprehendere
769 279 881 322 atque
914 272 1116 323 inprobare
1154 273 1328 310 tribunos
1365 286 1423 318 ea,

112 329 153 359 Λ·
170 329 206 359 C·
224 333 394 388 2⁰⁶·quzr2
420 338 568 381 fierent,
589 344 627 373 et
656 339 785 373 conari
805 338 955 374 obviam
978 339 1044 381 ire,
1066 345 1103 374 et
1131 337 1326 388 propalam
1356 337 1425 375 ab·

310 415 440 444 nuere,
470 401 607 437 furoris
638 413 769 437 eorum
801 414 840 436 se
870 400 1017 437 futuros
1051 402 1189 444 socios,
1217 407 1428 439 senserunt.

311 465 468 515 Fugatis
490 466 616 513 itaque
636 477 680 500 ex
702 465 908 514 principiiS,
931 478 972 500 ac
993 473 1079 515 post
1107 464 1235 515 paullo
1254 478 1274 501 e
1294 464 1427 501 castris

311 530 489 572 tribunis,
516 529 562 565 ad
589 529 777 578 principes
808 528 1019 572 seditionis,
1050 531 1243 578 gregarios
1274 528 1427 572 milites,

313 595 356 631 C.
377 594 533 630 Albium
563 592 747 628 Calenum
778 598 816 627 et
847 593 889 628 C.
910 593 1060 628 Atrium
1094 593 1295 636 Umbrum,
1327 592 1430 629 dela·

312 665 393 694 tum
423 658 594 694 omnium
624 669 810 692 consensu
840 656 1038 707 imperium
1068 664 1149 693 est:
1183 656 1261 706 qui,
1287 669 1430 706 nequa-

312 735 426 771 quam
445 721 657 758 tribuniciis
674 723 844 758 contenti
865 724 1112 765 ornamentis,
1130 723 1296 770 insignia
1314 722 1430 758 etiam

313 786 447 823 summi
480 787 640 836 imperii,
661 786 780 822 fasces
811 799 1048 836 securesque,
1079 787 1290 823 adtractare
1319 786 1426 822 ausi:

311 862 435 899 neque
453 851 557 885 venit
585 851 622 885 in
654 857 834 893 mentem,
855 851 931 886 suis
961 851 1076 899 tergis
1107 851 1258 899 suisque
1276 849 1432 886 cervici-

311 913 382 949 bus
412 914 536 962 virgas
566 912 647 949 illas
678 926 899 962 securesque
929 914 1126 957 inminere,
1155 926 1246 963 quas
1277 913 1323 949 ad
1352 925 1431 950 me-

312 984 393 1013 tum
417 977 577 1013 aliorum
598 976 711 1027 praefe
727 984 831 1013 rent.
887 977 995 1014 Mors
1027 979 1215 1028 Scipionis
1235 977 1331 1013 falso
1352 989 1433 1014 cre-

313 1043 393 1079 dita
426 1042 641 1079 occaecabat
672 1056 841 1079 anvnos:
874 1043 943 1079 sub
978 1043 1083 1091 cujus
1117 1042 1309 1091 vulgatam
1340 1054 1431 1079 mox

310 1106 452 1143 famam
482 1119 559 1142 non
588 1106 813 1142 dubitabant
845 1113 967 1142 totam
995 1106 1223 1156 Hispaniam
1257 1117 1427 1143 arsuram

311 1169 436 1207 bello:
469 1171 507 1206 in
528 1184 573 1206 eo
593 1170 758 1206 tuirultu
778 1178 814 1207 et
835 1172 945 1207 sociis
974 1172 1151 1220 pecunias
1183 1171 1372 1220 imperari,
1393 1174 1432 1206 et

312 1235 424 1284 diripi
454 1236 685 1284 propinquas
721 1235 830 1271 urbes
863 1248 997 1285 posse:
1031 1243 1081 1278 et,
1112 1235 1274 1271 turbatis
1303 1234 1429 1277 rebus,

312 1310 428 1346 quum
455 1300 583 1333 omnia
610 1311 740 1333 omnes
769 1299 965 1341 auderent,
993 1300 1117 1335 minus
1146 1298 1310 1347 insignia
1334 1297 1431 1340 fore,

312 1375 395 1410 quae
418 1363 485 1411 ipsi
506 1362 697 1398 fecissent.

367 1425 499 1462 XXV.
529 1425 656 1464 Quum
678 1424 772 1460 alios
793 1424 952 1461 subinde
973 1431 1141 1461 recentes
1162 1425 1337 1469 nuncios,
1353 1437 1432 1461 non

313 1490 446 1526 mortis
466 1490 595 1532 modo,
617 1490 678 1525 sed
702 1491 815 1525 etiam
835 1489 992 1532 funeris,
1011 1496 1288 1538 exspectarent,
1308 1501 1432 1538 neque

314 1554 573 1603 superveniret
593 1553 804 1601 quisquam,
827 1559 1139 1601 evanesceretque
1159 1559 1300 1589 temere
1326 1559 1431 1588 ortus

314 1629 466 1661 rumor3
500 1622 580 1651 turn
597 1617 707 1666 primi
736 1622 908 1651 auctores
939 1617 1077 1664 requiri
1097 1617 1236 1666 coepti:
1270 1622 1321 1659 et,
1343 1615 1433 1652 sub-

314 1681 489 1717 trahente
527 1693 566 1716 se
599 1693 764 1729 quoque,
800 1687 841 1716 ut
877 1681 1077 1716 credidisse
1114 1681 1240 1730 potius
1278 1687 1432 1724 temere,

315 1758 429 1794 quam
450 1745 617 1787 finxisse,
640 1758 717 1781 rem
739 1745 853 1781 talem
874 1746 989 1781 videri
1009 1752 1152 1795 posset,
1175 1745 1344 1781 destituti
1366 1745 1434 1781 du-

317 1821 378 1844 ces
399 1808 482 1858 jam
502 1821 569 1844 sua
588 1809 658 1858 ipsi
689 1809 866 1857 insignia,
889 1816 926 1844 et
955 1821 1024 1858 pro
1044 1821 1141 1844 vana
1170 1809 1336 1857 imagine
1364 1809 1435 1844 im-

317 1874 426 1922 perii,
459 1873 560 1921 quod
593 1879 778 1921 gererent,
810 1885 935 1908 veram
958 1872 1179 1922 justamque
1207 1885 1298 1909 mox
1326 1873 1365 1908 in
1396 1884 1436 1909 se

318 1949 508 1973 versuram
529 1943 756 1986 potestatem
784 1936 1002 1972 horrebant.
1061 1938 1244 1986 Stupente
1263 1937 1318 1972 ita
1337 1936 1435 1972 sedi-

318 2001 437 2043 tione,
460 2014 574 2049 quum
595 2002 717 2037 vivere
736 2002 872 2051 primo,
895 2014 984 2037 mox
1005 2002 1118 2037 etiam
1138 2001 1261 2037 valere
1288 2001 1435 2050 Scipio-

317 2077 418 2105 nem,
441 2065 531 2100 certi
556 2072 728 2100 auctores
759 2065 963 2107 adferrent,
984 2065 1126 2101 tribuni
1157 2063 1318 2100 militum
1350 2076 1435 2114 sep-

318 2135 396 2164 tem
416 2128 567 2178 abipso
587 2130 764 2179 Scipione
794 2130 896 2165 missi
926 2136 1026 2165 sunt.
1083 2129 1142 2164 Ad
1167 2141 1327 2177 quorum
1358 2129 1434 2178 pri-

316 2205 420 2228 mum
450 2193 651 2229 adventum
681 2194 892 2244 exasperati
926 2194 1065 2238 animi3
1098 2207 1201 2236 mox,
1234 2194 1321 2243 ipsis
1353 2193 1434 2242 pla·-

318 2257 402 2292 cido
442 2269 615 2294 sermone
652 2258 973 2308 permulcentibus
1008 2265 1136 2301 notos,
1175 2271 1260 2294 cum
1297 2258 1431 2307 quibus

315 2323 511 2369 congressi
550 2329 671 2366 erant,
709 2322 816 2359 leniti
855 2330 968 2359 sunt:
1019 2323 1294 2359 circumeuntes
1333 2322 1431 2358 enim
