1523 2666
104 249 150 283 U.
167 252 203 284 C.
218 259 291 285 544.

103 296 146 328 A.
161 296 197 328 C.
216 303 291 330 208.

95 1031 265 1066 Hannibal

97 1080 137 1109 ad
153 1079 243 1110 Sala-

96 1122 185 1161 piam

94 1172 224 1197 suamet

95 1209 207 1240 fraude

95 1260 220 1293 captus.

302 153 361 205 46
767 165 813 193 T.
838 165 972 194 mvn

305 255 391 298 riat,
409 260 452 291 ut
469 261 599 291 tamen
617 253 787 305 plerique
804 253 879 290 loci
901 254 1119 305 speculandi
1135 269 1268 294 caussa
1283 260 1416 296 castris

302 332 519 371 egressum;
551 332 682 356 omnes
702 319 847 356 insidiis
868 320 1167 357 circumventum
1186 322 1352 360 tradant.

352 384 552 422 XXVIII.
583 383 796 428 Hannibal,
816 397 999 434 magnum
1019 391 1206 422 terrorem
1223 386 1415 433 hostibus,

297 456 422 487 morte
441 448 608 486 consulis
627 449 754 492 unius,
772 447 926 485 vulnere
946 448 1115 493 alterius,
1132 448 1316 500 injectum
1336 464 1419 489 esse

297 520 417 557 ratus,
438 526 486 550 ne
514 513 574 550 cui
594 513 741 550 deesset
765 513 975 557 occasioni,
996 518 1121 550 castra
1146 514 1186 550 in
1212 514 1416 560 tumulum,

296 579 337 615 in
358 591 434 628 quo
459 583 672 628 pugnatum
699 586 795 621 erat,
820 576 1011 628 extemplo
1036 577 1244 615 transfert:
1277 578 1332 616 ibi
1359 580 1418 616 in-

294 649 453 680 ventum
467 640 644 678 Marcelli
659 653 796 692 corpus
812 641 959 692 sepelit.
1011 641 1223 692 Crispinus,
1240 649 1278 679 et
1293 649 1417 681 morte

294 707 468 756 collegae,
488 713 527 743 et
549 719 619 743 suo
639 707 792 743 vulnere
811 707 980 750 territus,
1002 706 1154 743 silentio
1180 707 1415 756 insequentis

293 773 419 811 noctis
440 771 648 823 profectus,
669 784 764 821 quos
791 772 986 822 proximos
1006 778 1141 807 nactus
1165 778 1223 808 est
1247 779 1414 817 montes,

291 837 334 874 in
359 837 404 874 iis
423 836 511 874 loco
538 836 616 873 alto
637 843 675 872 et
694 842 779 872 tuto
811 836 975 885 undique
1001 842 1125 872 castra
1154 837 1296 886 posuit.
1351 836 1415 874 Ibi

291 902 369 938 duo
389 902 502 938 duces
523 902 713 950 sagaciter
731 901 827 937 moti
847 907 950 944 sunt,
972 899 1068 937 alter
1087 900 1134 937 ad
1161 901 1411 946 inferendam,

292 966 389 1003 alter
414 966 462 1003 ad
491 967 698 1003 cavendam
726 965 912 1002 fraudem.
968 964 1126 1001 Annulo
1154 965 1331 1002 Marcelli
1361 967 1412 1002 si-

292 1031 372 1068 mul
391 1044 477 1068 cum
497 1044 657 1082 corpore
677 1030 876 1068 Hannibal
902 1031 1047 1081 potitus
1074 1037 1177 1067 erat:
1212 1029 1291 1080 ejus
1313 1031 1413 1080 signi

291 1109 417 1133 errore
446 1109 495 1133 ne
531 1098 593 1132 cui
621 1096 729 1132 dolus
760 1102 975 1132 necteretur
1004 1109 1026 1132 a
1062 1095 1200 1139 Poeno,
1237 1101 1410 1132 metuens

291 1161 504 1212 Crispinus,
526 1161 626 1196 circa
646 1160 818 1196 civitates
839 1160 1032 1210 proximas
1054 1159 1207 1195 miserat
1222 1159 1408 1205 nuncios;

290 1226 459 1261 occisum
487 1223 674 1272 collegam
700 1236 794 1267 esse,
817 1223 1034 1272 annuloque
1058 1222 1138 1273 ejus
1165 1223 1316 1259 hostem
1342 1236 1412 1274 po-

289 1290 430 1326 titum:
463 1301 511 1325 ne
531 1288 667 1337 quibus
689 1288 806 1324 literis
834 1288 1030 1324 crederent
1055 1287 1212 1323 nomine
1236 1287 1413 1325 Marcelli

290 1354 527 1405 compositis,
583 1353 719 1389 Paullo
740 1359 828 1388 ante
847 1353 910 1388 hic
937 1353 1097 1388 nuncius
1119 1352 1283 1388 consulis
1305 1352 1411 1390 Sala·

288 1418 391 1469 piam
408 1424 577 1459 venerat,
594 1429 709 1466 quum
727 1415 844 1452 literae
862 1416 909 1452 ab
924 1415 1144 1452 Hannibale
1157 1415 1291 1452 adlatae
1308 1424 1410 1463 sunt,

287 1481 464 1519 Marcelli
490 1482 645 1518 nomine
673 1482 919 1530 compositae:
950 1493 986 1516 se
1012 1485 1127 1523 nocte,
1149 1493 1226 1528 quce
1246 1482 1337 1517 diem
1365 1483 1412 1518 il-

290 1549 364 1583 lum
379 1551 547 1583 secutura
566 1550 667 1588 esset,
685 1545 877 1592 Salapiam
893 1549 1079 1580 venturum
1097 1561 1106 1580 .·
1134 1547 1261 1593 parati
1282 1547 1412 1583 milites

287 1616 412 1654 essent,
434 1611 496 1658 qui
517 1612 551 1645 ὶη
575 1610 745 1658 praesidio
765 1613 881 1651 erant,
903 1610 932 1644 si
950 1621 1019 1657 quo
1046 1622 1155 1657 opera
1181 1622 1302 1645 eorum
1322 1623 1410 1659 opus

286 1680 386 1712 esset.
445 1674 604 1710 Sensere
632 1672 842 1723 Salapitani
862 1672 1057 1710 fraudem:
1090 1681 1127 1709 et
1155 1673 1202 1710 ab
1228 1674 1298 1717 ira,
1326 1687 1404 1712 non

285 1739 511 1777 defectionis
532 1738 662 1782 modo,
684 1738 748 1774 sed
770 1739 884 1774 etiam
904 1739 1073 1788 equitum
1099 1738 1403 1785 interfectorum,

285 1807 358 1843 rati
379 1806 619 1842 occasionem
641 1804 815 1855 supplicii
836 1805 928 1854 peti,
950 1805 1107 1840 remisso
1125 1810 1227 1840 retro
1246 1805 1402 1849 nuncio,

286 1870 465 1921 (perfuga
491 1877 618 1906 autem
644 1868 844 1905 Romanus
872 1870 970 1916 erat)
994 1878 1035 1905 ut
1062 1869 1142 1905 sine
1161 1868 1306 1905 arbitro
1333 1869 1404 1905 mi-

281 1935 382 1977 lites,
404 1947 486 1983 quae
508 1932 660 1976 vellent,
679 1941 850 1982 agerent,
872 1933 1084 1983 oppidanos
1106 1945 1171 1982 pcr
1191 1945 1318 1968 muros
1339 1946 1402 1969 ur-

280 2000 414 2048 bisque
447 2004 665 2048 opportuna
697 1998 783 2035 loca
819 1999 858 2034 in
897 1998 1127 2034 stationibus
1166 1998 1396 2048 disponunt:

280 2064 472 2101 custodias
503 2063 726 2111 vigiliasque
756 2064 796 2099 in
826 2076 908 2099 eam
938 2069 1091 2099 noctem
1128 2063 1311 2099 intentius
1341 2063 1400 2099 in-

281 2134 456 2164 struunt:
489 2127 589 2164 circa
617 2133 782 2178 portam,
814 2140 888 2177 qua
926 2135 1128 2164 venturum
1159 2127 1308 2163 hostem
1340 2140 1399 2163 re-

281 2192 435 2236 bantur,
467 2193 569 2241 quod
598 2192 747 2228 roboris
778 2194 819 2228 in
851 2192 1027 2242 praesidio
1058 2198 1152 2235 erat,
1184 2192 1398 2241 obponunt.

279 2256 480 2295 Hannibal
507 2264 642 2307 quarta
673 2257 803 2307 vigilia
829 2256 947 2295 ferme
977 2257 1023 2294 ad
1056 2256 1187 2295 urbem
1225 2257 1395 2294 accessit.
