1523 2666
373 211 459 255 314
830 215 876 243 T.
902 215 1035 245 mvn

178 300 269 332 U-C·
289 309 362 335 ⁵⁵2·
375 315 447 353 que
477 315 596 354 prope
614 301 722 354 justa
748 305 847 341 acies
879 312 981 342 erat:
1015 312 1052 343 et
1085 305 1364 353 Romanorum,
1402 311 1490 360 quia

177 345 217 376 A'
232 345 269 376 C’
287 353 361 379 ²⁰⁰⁶
373 368 538 404 medium
555 367 756 404 obsederat
776 370 861 413 iter,
880 370 1033 420 plurimi
1053 372 1091 407 in
1112 385 1194 409 eam
1215 372 1487 411 inferebantur.

369 433 431 470 Eo
451 446 602 482 quoque
621 435 831 483 superiores
849 434 1082 473 Macedones
1103 444 1225 481 erant,
1243 439 1344 487 quod
1364 445 1402 475 et
1419 451 1487 476 rex

367 499 450 550 ipse
469 499 645 535 hortator
671 499 813 542 aderat,
835 507 873 536 et
900 501 1139 539 Cretensium
1166 503 1366 540 auxiliares
1387 503 1486 540 mul-

365 570 428 600 tos
449 576 496 600 ex
522 564 716 613 inproviso
736 564 1001 610 vulnerabant,
1023 568 1186 604 conferti
1208 569 1486 619 praeparatique

365 628 407 664 in
427 628 617 678 dispersos
634 628 830 665 eteffnsos
851 637 1077 680 pugnantes.
1134 633 1248 672 Quod
1274 634 1305 670 si
1328 633 1484 670 modum

363 691 406 729 in
439 693 674 742 insequendo
701 693 938 738 habuissent,
966 708 1043 731 non
1074 696 1113 732 in
1142 698 1337 748 praesentis
1369 697 1484 734 modo
1522 727 1523 730 η

363 760 583 797 certaminis
605 760 781 809 gloriam,
804 762 869 798 sed
889 762 927 798 in
948 775 1134 798 summam
1155 763 1270 798 etiam
1282 761 1372 798 belli
1391 775 1480 812 pro-
1521 785 1523 793 ι

364 825 509 862 fectum
531 825 655 862 foret:
688 839 804 869 nunc,
826 827 1007 863 aviditate
1030 827 1141 863 caedis
1168 827 1482 877 intemperantius
1521 829 1523 866 Ξ

361 889 538 932 insecuti,
561 890 599 925 in
620 903 845 940 praegressas
867 895 952 927 c'um
971 892 1135 928 tribunis
1155 891 1322 928 militum
1339 893 1477 928 cohor·
1520 915 1523 924 ‹

358 959 417 992 tes
451 954 647 992 Romanas
682 956 871 1002 incidere3
902 963 939 993 et
968 957 1116 1007 fugiens
1141 970 1268 1007 eques,
1291 964 1332 994 ut
1354 959 1478 1008 primo

360 1020 470 1069 signa
503 1032 658 1056 suorum
687 1021 795 1064 vidit,
830 1023 1017 1058 convertit
1054 1022 1094 1058 in
1135 1022 1294 1059 effusum
1327 1022 1478 1059 hostem
1515 1046 1516 1049 =

358 1097 478 1135 equos
497 1100 505 1120 τ
538 1097 720 1135 versaque
747 1093 943 1122 momento
963 1088 1144 1137 temporis
1164 1087 1321 1123 fortuna
1341 1100 1478 1138 pugnae

355 1155 428 1193 est,
450 1156 558 1199 terga
586 1150 780 1194 dantibus,
806 1152 869 1200 qni
897 1152 1009 1188 modo
1040 1153 1156 1188 secuti
1183 1159 1302 1189 erant.
1358 1151 1476 1189 Multi

354 1216 529 1252 cominus
561 1217 769 1264 congressi,
800 1216 910 1252 multi
937 1214 1127 1266 fugientes
1157 1217 1368 1253 interfecti:
1405 1229 1477 1254 nec

355 1279 458 1318 ferro
489 1286 639 1315 tantum
673 1281 830 1329 periere,
862 1281 927 1317 sed
956 1281 995 1316 in
1025 1281 1178 1331 paludes
1207 1282 1358 1329 quidam
1383 1294 1472 1318 con-

347 1342 459 1395 jecti,
487 1344 677 1394 profundo
708 1344 799 1380 limo
832 1358 919 1380 cum
948 1346 1039 1395 ipsis
1074 1346 1178 1394 equis
1211 1346 1339 1381 hausti
1371 1351 1471 1382 sunt.

350 1408 439 1445 Rex
468 1421 619 1458 quoque
650 1409 687 1444 in
716 1409 885 1458 periculo
911 1409 1006 1445 fuit:
1041 1422 1145 1452 nam,
1176 1415 1310 1446 ruente
1340 1411 1470 1447 saucio

355 1486 468 1523 equo,
501 1486 667 1524 praeceps
699 1473 744 1509 ad
775 1480 914 1509 terram
945 1474 1069 1518 (latus,
1090 1475 1192 1510 haud
1218 1474 1380 1511 multum
1402 1474 1470 1512 ab·

351 1538 440 1580 fuit,
468 1539 557 1586 quin
585 1537 719 1587 jacens
751 1538 1040 1587 obprimeretur.
1098 1538 1219 1574 Saluti
1241 1538 1314 1574 fuit
1341 1551 1470 1588 eques,

355 1603 420 1652 qni
437 1603 574 1651 raptim
590 1602 671 1651 ipse
688 1601 851 1644 desiluit,
869 1602 1119 1651 pavidumque
1136 1615 1263 1651 regem
1280 1604 1316 1638 in
1335 1615 1473 1651 equum

352 1666 529 1716 subjecit.
588 1666 690 1715 lpse,
712 1679 827 1715 quum
846 1667 957 1717 pedes
980 1680 1127 1715 aequare
1147 1679 1258 1703 cursu
1279 1667 1469 1715 fugientes

351 1728 432 1768 non
452 1737 582 1781 posset
601 1732 760 1779 equites,
779 1730 825 1767 ab
849 1731 1023 1767 hostibus
1045 1732 1090 1767 ad
1110 1743 1239 1767 casum
1258 1732 1356 1780 regis
1376 1744 1469 1767 con-

352 1799 479 1836 citatis
500 1798 698 1835 confossus
719 1799 843 1848 periit.
899 1798 1000 1841 Rex,
1023 1800 1297 1835 circumvectus
1314 1798 1468 1848 paludes

351 1864 500 1914 pervias
535 1864 730 1911 inviasque
764 1863 912 1912 trepida
946 1863 1051 1911 fuga,
1084 1864 1277 1899 in·castra
1302 1863 1469 1907 tandem,

344 1926 430 1978 jam
456 1926 743 1976 desperantibus
774 1926 964 1976 plerisque
996 1927 1225 1962 incolumem
1254 1939 1466 1970 evasurum,

350 1992 535 2043 pervenit.
593 1991 761 2028 Ducenti
789 1991 1045 2027 Macedonum
1080 1992 1224 2039 equites
1255 2004 1301 2026 eo
1331 1991 1468 2041 proelio

351 2057 511 2107 periere,
535 2062 688 2092 centum
720 2056 838 2092 ferme
875 2055 1000 2105 capti3
1033 2056 1232 2103 octoginta
1265 2055 1468 2093 admodum

351 2122 479 2158 ornati
499 2121 599 2169 eqni,
621 2120 751 2171 spoliis
772 2120 883 2157 simul
903 2133 1093 2156 armorum
1110 2120 1252 2162 relatiS‚
1274 2120 1440 2158 abducti.

156 2193 324 2225 judicium
405 2184 647 2222 XXXVIII.
676 2185 860 2228 Fuerunt,
881 2184 945 2234 qui
974 2185 1048 2221 hoc
1075 2185 1134 2220 die
1164 2197 1290 2233 regem
1317 2185 1468 2221 temeri-

155 2239 242 2312 {iigeo
256 2249 340 2279 proe-
352 2252 456 2294 tatis,
491 2249 686 2287 consulem
719 2250 892 2298 segnitiae
920 2254 1164 2285 accusarent:
1197 2261 1286 2284 nam
1316 2255 1354 2284 et
1376 2248 1467 2286 Phi-

201 2302 210 2312 ·
351 2317 457 2367 lippo
477 2315 744 2365 quiescendum
774 2314 904 2357 fuisse,
925 2327 1041 2363 quum
1068 2314 1197 2363 paucis
1225 2313 1356 2350 diebus
1375 2314 1465 2350 hos-

351 2387 423 2424 tes,
446 2381 634 2418 exhausto
664 2380 766 2417 circa
791 2380 897 2416 omni
924 2391 1031 2429 agro,
1053 2378 1100 2415 ad
1126 2378 1300 2416 ultimum
1326 2378 1465 2428 inopias
1512 2389 1521 2411 ε
