1523 2666
90 313 180 345 U.C.
199 320 273 346 552.

90 358 130 387 A.
143 356 179 387 C.
198 364 271 388 200.

81 2245 222 2285 Populus

81 2290 266 2330 bellumju-

81 2333 145 2364 bet.

284 207 366 251 280
740 213 787 244 Τ.
814 214 948 245 mvn

284 309 411 344 veniet.
460 306 516 343 Ne
534 305 758 355 aequaveritis
776 305 977 342 Hannibali
996 303 1222 353 Philippum,
1239 316 1282 340 ne
1301 305 1399 342 Kar-

286 371 562 421 thaginiensibus
597 370 820 406 Macedonas
830 385 843 413 ,·
892 369 1034 417 Pyrrho
1070 373 1163 404 certe
1194 369 1399 416 aequabitis:

285 439 378 480 dico,
413 441 588 486 quantum
619 435 676 471 vel
708 436 760 470 vir
789 435 879 476 viro,
908 434 966 469 vel
992 445 1078 481 gens
1106 434 1207 480 genti
1236 437 1398 480 praestat.

283 503 442 539 Minima
460 502 609 537 accessio
627 511 764 547 semper
783 499 920 546 Epirus
938 510 1047 546 regno
1066 497 1395 546 AWaceclonicefiiit,

283 572 318 603 et
336 567 440 603 hodie
459 571 521 602 est.
579 565 863 611 Peloponnesum
893 567 1005 598 totam
1032 564 1069 598 in
1095 562 1230 598 ditione
1253 561 1397 610 Philip-

278 643 351 680 pus
382 630 498 672 habet,
524 629 710 676 Argosque
741 629 847 675 ipsos,
875 638 945 661 non
976 630 1094 662 vetere
1119 625 1232 675 fama
1268 627 1396 673 magis,

284 707 393 743 quam
411 698 524 730 morte
544 692 679 740 Pyrrhi
696 691 913 727 nobilitatos,
943 690 1079 726 Nostra
1095 702 1188 726 nunc
1207 701 1400 737 compara:

282 764 418 806 quanto
435 760 550 806 magis
553 758 749 808 florentem
769 758 935 800 Italiam,
957 763 1091 806 quanto
1110 760 1227 805 magis
1242 760 1400 805 integras

281 834 350 865 reS,
369 823 478 858 salvis
497 822 656 864 ducibus,
676 822 784 857 salvis
803 826 854 857 tot
873 822 1093 864 exercitibus,
1116 834 1202 869 quos
1220 821 1398 858 Punicum

278 892 406 936 postea
428 887 558 922 bellum
584 887 767 929 absumsit,
789 888 974 934 adgressus
997 887 1159 934 Pyrrhus
1178 891 1296 922 tamen
1315 899 1396 923 con-

282 953 401 994 cussit,
423 957 458 987 et
476 953 590 987 victor
612 964 726 1000 prope
752 953 800 987 acl
823 953 939 999 ipsam
957 951 1079 986 urbem
1100 951 1254 986 Romam
1273 952 1398 987 venit!

280 1015 359 1052 Nec
383 1016 572 1052 Tarentini
588 1017 693 1051 modo
710 1027 842 1062 oraque
862 1016 925 1050 illa
946 1015 1077 1057 Italiae,
1100 1027 1205 1062 quam
1225 1013 1398 1060 majorem

286 1081 462 1116 Graeciam
481 1085 624 1123 vocant,
644 1085 685 1115 ut
705 1081 878 1128 linguam,
900 1085 939 1115 ut
962 1092 1091 1116 nomen
1114 1084 1251 1115 secutos
1276 1080 1398 1115 crede-

279 1157 347 1188 res,
367 1146 429 1181 sed
448 1146 628 1187 Lucanus,
649 1150 685 1181 et
704 1146 884 1188 Bruttius,
906 1150 941 1181 et
961 1145 1118 1187 Samnis,
1139 1157 1161 1180 a
1180 1144 1279 1180 nobis
1298 1143 1397 1194 defe-

281 1215 416 1246 cerunt.
456 1211 546 1246 Hoec
564 1223 634 1252 vos,
654 1211 686 1245 si
705 1210 898 1258 Philippus
919 1212 954 1246 in
974 1211 1125 1246 Italiam
1145 1211 1395 1252 transmiserit,

281 1276 448 1322 quietura
479 1280 543 1310 aut
578 1287 749 1310 mansura
784 1276 821 1310 in
845 1275 926 1323 fide
961 1275 1135 1310 creditis?
1184 1274 1398 1309 Manserunt

279 1340 372 1374 enim
402 1340 539 1374 Punico
568 1344 695 1387 postea
723 1339 834 1374 bello:
863 1351 1058 1387 numquam
1086 1340 1146 1375 isti
1163 1339 1306 1387 populi,
1328 1338 1397 1373 nisi

280 1415 389 1452 quum
409 1405 534 1446 cleerit,
555 1405 603 1439 ad
626 1415 728 1452 quem
749 1405 955 1446 desciscant,
977 1417 999 1440 a
1019 1404 1116 1440 nobis
1133 1416 1204 1439 non
1222 1403 1395 1452 deficient.

280 1469 322 1504 Si
344 1470 518 1516 piguisset
540 1481 600 1504 vos
628 1470 665 1504 in
692 1468 859 1518 Africam
881 1468 1057 1515 trajicere,
1086 1469 1190 1504 hodie
1213 1470 1251 1504 in
1281 1468 1396 1503 Italia

279 1532 523 1569 Hannibalem
543 1538 578 1568 et
596 1533 913 1581 Karthaginienses
932 1534 1046 1569 hostes
1064 1533 1250 1568 haberetis.
1306 1532 1394 1567 Ma-

280 1597 430 1632 cedonia
456 1598 590 1645 potius,
618 1609 725 1645 quam
752 1598 879 1640 Italia,
903 1597 1030 1633 bellum
1059 1597 1212 1633 habeat:
1241 1596 1394 1632 hostium

278 1661 380 1696 urbes
394 1664 541 1709 agrique
548 1661 656 1710 ferro
676 1667 783 1710 atque
808 1664 882 1710 igni
899 1667 1093 1698 vastentur.
1151 1662 1302 1709 Experti
1310 1659 1394 1707 jam

278 1725 506 1774 sumusforis
524 1727 635 1769 nobis,
660 1740 767 1775 quam
792 1728 901 1769 domi,
922 1726 1097 1775 feliciora
1120 1727 1394 1774 potentioraque

278 1805 382 1828 arma
401 1805 481 1829 esse.
526 1793 582 1828 Ite
600 1795 635 1828 in
655 1794 882 1842 suffragium,
903 1793 987 1829 bene
993 1792 1205 1839 juvantibus
1222 1793 1322 1835 Diis,
1343 1798 1390 1835 et,

278 1868 356 1904 quoe
381 1857 512 1892 Patres
540 1862 761 1899 censuerunt,
795 1869 855 1892 ros
870 1855 1003 1903 jubete.
1059 1856 1180 1904 Hujus
1197 1857 1292 1893 vobis
1314 1868 1392 1892 sen-

279 1922 398 1956 tentice
426 1934 494 1956 non
521 1923 643 1957 consul
670 1923 776 1957 inodo
803 1927 930 1957 auctor
949 1927 1012 1964 est,
1033 1923 1221 1957 sedetiam
1247 1922 1318 1956 Dii
1336 1923 1391 1956 in-

276 1986 469 2028 mortales;
490 1987 550 2033 qui
569 1986 656 2021 milii
675 1987 892 2035 sacrificanti
907 1988 1155 2034 precantique,
1176 1990 1217 2021 ut
1236 1985 1300 2021 lioc
1318 1986 1391 2021 bel-

278 2050 352 2085 lum
370 2050 473 2092 mibi,
493 2052 646 2093 senatui,
670 2051 843 2098 vobisque,
863 2056 896 2086 et
910 2053 1012 2086 sociis
1031 2057 1073 2086 ac
1091 2052 1225 2086 nomini
1241 2051 1389 2093 Latino,

277 2114 444 2150 classibus
462 2114 738 2162 exercitibusque
768 2117 898 2151 nostris
919 2115 1003 2150 bene
1028 2128 1071 2151 ac
1087 2114 1252 2163 feliciter
1274 2116 1390 2150 eveni-

277 2182 345 2220 ret,
367 2179 450 2214 laeta
467 2180 585 2214 omnia
601 2191 842 2227 prosperaque
856 2180 1081 2227 portendere.

333 2241 445 2279 VIII.
476 2242 536 2278 Ab
563 2242 636 2278 hae
663 2243 837 2278 oratione
870 2244 909 2279 in
936 2243 1153 2291 suffragium
1182 2243 1299 2286 missi,
1334 2243 1390 2278 uti

278 2314 446 2355 rogarat,
467 2307 608 2343 bellum
626 2306 836 2357 jusserunt.
896 2307 1130 2358 Supplicatio
1150 2307 1237 2343 inde
1257 2321 1279 2343 a
1298 2319 1389 2343 con-

275 2370 419 2408 sulibus
450 2372 489 2407 in
518 2371 684 2408 triduum
715 2385 762 2408 ex
795 2372 1125 2409 senatusconsulto
1149 2372 1292 2408 indicta
1316 2378 1386 2414 est,
