1523 2666
350 196 405 241 52
810 204 855 233 Τ.
880 206 1011 234 L1v11

157 286 200 317 U.
213 287 248 317 C.
268 295 340 319 544.
353 288 433 323 haec
454 288 599 336 flagitia
618 288 792 326 sollemni
812 291 1046 329 Nemeorum
1072 300 1240 343 pe1·act0,
1262 297 1466 345 paucisque.

156 331 247 361 A'C'
267 338 488 388 208.additis
509 353 654 396 diebus,
684 354 822 403 Dymas
851 363 907 391 est
935 357 1141 406 profectus,
1171 359 1217 394 ad
1250 361 1463 408 praesidium

351 416 588 460 AEtolorum,
609 419 710 467 quod
737 419 783 455 ab
804 420 907 455 Eleis
935 421 1099 457 adcitum
1127 430 1399 472 acceptumque
1425 425 1464 460 in

351 480 480 517 urbem
499 489 592 525 erat,
610 483 848 532 ejiciendum.
895 486 1093 534 Cycliadas
1110 491 1241 537 (penes
1260 501 1345 524 eum
1361 501 1462 524 sum-

349 557 411 582 ma
426 547 571 596 imperii
589 549 685 593 erat)
699 548 904 596 Achaeique
920 550 965 584 ad
982 550 1125 599 Dymas
1139 552 1217 599 regi
1235 551 1436 588 obem-rere
1452 567 1459 589 :

350 616 388 644 ct
407 609 588 645 Eleorum
609 611 757 646 accensi
778 612 880 654 odio,
902 613 1003 660 quod
1022 627 1043 648 a
1064 615 1196 650 ceteris
1216 615 1366 650 Achaeis
1387 615 1462 651 ‹lis-

349 674 533 709 sentirent
549 688 556 708 :
590 681 627 709 et
643 673 780 710 infensi
796 674 953 718 [Etolis,
968 689 1061 724 quos
1078 677 1296 713 Romanum
1313 691 1463 726 quoque

347 737 523 773 adversus
545 749 583 773 se
604 738 765 773 movisse
784 738 925 774 belluni
953 740 1169 777 credebant.
1226 741 1394 776 Profecti
1414 742 1460 778 ab

346 800 497 849 Dymis,
525 800 732 850 conjuncto
760 803 928 838 exercitu
954 809 1153 839 transeunt
1179 803 1354 840 Larisum
1382 817 1461 841 am·

346 878 447 908 nem,
469 866 531 914 qui
552 865 687 901 Eleum
708 878 840 914 agrurn
860 866 906 902 ab
927 866 1089 915 Dymaeo
1110 868 1266 904 dirimit.

401 929 583 966 XXXII.
613 929 782 965 Primum
798 930 911 972 diem,
929 944 1004 980 quo
1020 931 1111 967 fines
1132 932 1297 968 hostium
1315 932 1461 981 ingres-

348 993 379 1029 si
406 1000 507 1036 sunt,
528 993 747 1044 populando
774 993 1052 1031 absumserunt.
1110 995 1272 1031 Postero
1294 996 1353 1032 die
1381 997 1461 1034 acie

347 1057 533 1093 instructa
563 1058 609 1093 ad
639 1058 771 1093 urbem
808 1064 1061 1100 accesserunt,
1089 1059 1290 1107 praemissis
1323 1060 1460 1109 equiti·

347 1120 442 1167 bus;
476 1123 553 1171 qui,
586 1122 844 1171 obequitando
874 1124 1008 1172 portiS,
1036 1130 1227 1172 promtum
1255 1124 1299 1159 ad
1327 1137 1460 1161 excur-

348 1186 473 1221 siones
505 1199 622 1234 genus
655 1185 885 1222 lacesserent
917 1186 1150 1223 [Etolorum.
1209 1187 1460 1234 Ignorabant‚

348 1249 558 1299 Sulpicium
578 1263 663 1286 cum
680 1251 893 1299 quindecim
910 1251 1068 1286 navibus
1087 1251 1133 1286 ab
1152 1251 1355 1300 Naupacto
1372 1251 1461 1301 Cyl-

346 1312 458 1350 lenen
478 1314 686 1364 trajecisse,
707 1322 758 1357 et,
780 1316 961 1364 expositis
982 1316 1021 1351 in
1041 1322 1179 1351 terram
1195 1321 1358 1364 quatuor
1377 1316 1462 1352 mil-

346 1377 444 1414 libus
466 1387 712 1422 armatorum,
734 1379 885 1414 silentio
906 1380 1044 1422 noetis,
1065 1392 1112 1414 ne
1133 1380 1301 1428 conspici
1325 1392 1461 1428 agmen

345 1449 492 1493 posset,
516 1444 676 1479 intrasse
698 1444 813 1480 Elim.
870 1443 1005 1492 Itaque
1031 1444 1222 1493 inprovisa
1242 1456 1300 1479 res
1327 1444 1462 1492 ingen-

345 1514 423 1542 tem
443 1506 573 1556 injecit
592 1517 789 1551 terrorem,
810 1520 1011 1557 poszquani
1035 1508 1133 1542 inter
1152 1507 1306 1544 AEtolos
1326 1507 1460 1543 Eleos·

151 1564 221 1612 3⁶¹
237 1563 308 1594 Vin·
348 1584 420 1622 que
440 1572 617 1608 Romana
638 1574 746 1621 signa
765 1580 878 1621 atque
906 1586 1009 1608 arma
1030 1584 1254 1620 cognovere,
1311 1572 1364 1608 Et
1383 1573 1459 1621 pri-

151 1615 307 1690 (suffimigo.
348 1650 411 1673 mo
432 1638 598 1686 recipere
620 1650 706 1673 suos
727 1636 900 1672 voluerat
920 1650 984 1672 rex
1002 1651 1009 1671 ;
1043 1637 1143 1679 dein,
1165 1643 1362 1672 contracto
1376 1635 1459 1686 jam

349 1703 447 1737 inter
473 1700 628 1737 iEtolos
659 1708 697 1737 et
725 1701 873 1737 Trauos
908 1701 1142 1750 (lllyriorum
1172 1701 1209 1736 id
1239 1708 1294 1736 est
1321 1702 1457 1749 genus)

348 1767 569 1809 certamine,
600 1779 714 1815 quum
750 1766 872 1813 urgeri
906 1765 1047 1801 videret
1080 1778 1182 1808 snos,
1213 1772 1251 1802 et
1280 1767 1359 1815 ipse
1396 1778 1462 1802 rex

346 1844 432 1867 culn
455 1832 625 1879 equitatu
653 1831 690 1866 in
713 1831 909 1866 cohortem
930 1829 1146 1865 Romanam
1172 1830 1342 1866 incurrit.
1400 1830 1459 1866 Ibi

347 1908 463 1944 equus
485 1895 562 1944 pilo
589 1894 769 1944 trajectus
790 1907 905 1942 quum
933 1893 1148 1943 prolapsum
1175 1906 1240 1943 per
1261 1902 1374 1943 caput
1400 1908 1459 1930 rc-

346 1973 431 2008 gen]
464 1960 668 2001 effudisset,
697 1966 804 1995 atrox
832 1971 960 2008 pugna
990 1960 1176 2006 utrimque
1204 1971 1362 1995 accensa
1388 1966 1459 2002 est,

347 2035 384 2060 et
405 2024 451 2060 ab
473 2024 657 2060 Romanis
679 2024 810 2072 inpetu
831 2024 867 2058 in
889 2036 1015 2070 regem
1030 2023 1145 2064 sacto,
1167 2030 1204 2058 et
1225 2025 1460 2072 protegenti-

346 2089 415 2125 bus
446 2090 571 2137 regiis.
629 2088 794 2136 Insignis
834 2094 871 2123 et
907 2088 1022 2137 ipsius
1061 2101 1189 2137 pugna
1225 2087 1311 2129 fnit,
1346 2101 1461 2136 quum

344 2155 458 2205 pedes
490 2155 588 2189 inter
622 2154 764 2202 equites
803 2160 955 2188 coactus
995 2160 1092 2188 essct
1130 2152 1303 2201 prndium
1343 2153 1459 2189 inire:

346 2218 447 2260 dein,
471 2231 584 2267 quum
608 2217 691 2267 jam
721 2219 830 2267 inpar
857 2224 1047 2252 certamen
1074 2224 1184 2259 esset,
1208 2216 1458 2264 caderentque

345 2284 444 2318 circa
475 2295 559 2317 enm
591 2281 713 2323 multi,
743 2288 780 2317 et
800 2280 1099 2322 vulnerarentur,
1131 2287 1259 2329 raptus
1291 2279 1338 2315 ab
1365 2280 1456 2322 suis,

344 2352 458 2396 atque
495 2346 603 2382 alteri
640 2359 737 2394 equo
773 2344 948 2396 injectus,
979 2345 1091 2393 fugit.
1148 2345 1206 2381 Eo
1237 2344 1296 2380 die
1334 2350 1457 2381 castra
