1523 2666
72 273 164 305 U.C.
180 280 254 306 546.

69 320 111 348 A.
124 318 163 348 C.
176 324 251 350 206.

68 372 177 402 Duces
194 382 243 403 se—

67 416 195 446 ditionis
208 427 273 456 poe-

69 468 125 489 nas
141 460 229 494 dant.

293 173 371 213 126
751 183 796 212 Τ.
819 183 952 213 mvn

290 272 338 309 ad
367 280 474 309 scuta
497 273 744 323 concrepuit:
778 275 964 324 praeconis
992 274 1120 310 audita
1145 286 1221 310 vox
1249 274 1402 310 citantis

286 338 444 373 nomina
463 338 727 374 damnatorum
757 339 796 374 in
817 338 990 375 consilio.
1048 338 1153 375 Nudi
1180 339 1218 374 in
1239 339 1402 375 medium

287 401 630 452 protrahebantur:
665 408 703 437 et
722 401 833 437 simul
853 403 975 438 omnis
999 403 1198 453 adparatus
1227 402 1403 452 supplicii

286 466 601 516 expromebatur:
636 466 792 513 deligati
823 466 869 502 ad
901 466 1044 515 palum,
1075 467 1266 515 virgisque
1298 466 1400 509 caesi,

283 537 322 567 et
349 532 468 567 securi
501 531 682 581 percussi,
711 531 805 566 adeo
826 532 1066 581 torpentibus
1097 540 1214 575 metu,
1241 532 1306 581 qui
1335 532 1401 568 ad-

282 602 406 638 erant,
428 600 469 630 ut
490 607 567 630 non
587 594 702 630 modo
726 593 892 630 ferocior
916 608 992 631 vox
1018 596 1192 632 adversus
1220 596 1401 632 atrocita-

281 666 360 694 tem
394 671 532 709 poenae,
569 658 634 694 sed
667 670 715 694 ne
752 659 914 707 gemitus
948 659 1113 708 quidem,
1148 659 1401 697 exaudiretur.

280 723 413 760 Tracti
435 724 521 759 inde
541 723 586 759 de
608 723 732 759 medio
755 735 902 767 omnes,
922 730 1161 774 purgatoque
1186 723 1273 760 loco
1293 725 1401 761 citati

279 789 419 826 milites
450 789 679 825 nominatim
708 790 808 840 apud
828 789 1002 825 tribunos
1032 787 1197 825 militum
1226 788 1266 823 in
1284 787 1400 824 verba

276 853 322 892 P.
343 855 531 905 Scipionis
545 853 739 904 jurarunt,
761 853 1068 903 stipendiumque
1094 852 1141 888 ad
1159 864 1299 888 nomen
1319 852 1398 889 sin-

276 919 374 968 gulis
407 919 644 969 persolutum
672 926 741 956 est.
798 918 915 955 Hunc
945 918 1059 954 finem
1090 918 1309 968 exitumque
1337 929 1397 954 se·

277 984 372 1020 ditio
392 984 554 1020 militum
575 990 702 1034 coepta
721 984 821 1034 apud
841 983 1049 1019 Sucronem
1067 982 1213 1019 habuit.

330 1048 468 1085 XXX.
498 1049 572 1085 Per
591 1049 690 1085 idem
709 1055 856 1098 tempus
878 1048 924 1083 ad
944 1047 1082 1083 Baetim
1102 1046 1256 1083 fluvium
1282 1045 1396 1083 Han-

274 1124 341 1155 no,
380 1111 582 1163 praefectus
618 1112 816 1161 hlagonis,
854 1112 989 1148 missus
1027 1124 1049 1146 a
1086 1109 1270 1154 Gadibus,
1309 1123 1395 1148 cum

272 1189 389 1227 parva
422 1190 538 1214 manu
570 1178 767 1221 Afrorum,
805 1176 978 1213 mercede
1016 1175 1213 1225 Hispanos
1251 1174 1394 1212 sollici-

272 1241 390 1277 tando
417 1241 464 1277 ad
490 1249 654 1290 quatuor
684 1242 803 1278 millia
826 1240 1011 1291 juvenum
1046 1240 1226 1276 armavit:
1260 1239 1394 1276 castris

273 1305 406 1342 deinde
427 1312 561 1342 exutus
583 1306 629 1343 ab
649 1305 696 1343 L.
719 1306 885 1349 Marcio,
909 1306 1074 1341 maxima
1093 1311 1199 1355 parte
1228 1303 1393 1342 militum

271 1370 371 1405 inter
415 1369 621 1406 tumultum
668 1376 867 1420 captorum
905 1375 1129 1412 castrorum,
1168 1368 1391 1417 quibusdam

271 1434 387 1469 etiam
417 1435 456 1470 in
482 1434 574 1483 fuga
600 1435 761 1477 amissis,
790 1434 936 1485 palatos
970 1440 1219 1483 persequente
1249 1434 1388 1482 equite,

271 1511 357 1535 cum
383 1500 512 1549 paucis
536 1500 615 1550 ipse
643 1499 784 1548 effugit.
842 1499 946 1535 Dum
972 1499 1052 1534 haec
1079 1499 1124 1534 ad
1152 1498 1292 1534 Baetim
1317 1498 1389 1534 flu-

269 1563 373 1600 vium
402 1569 599 1612 geruntur,
632 1563 773 1600 Laelius
802 1563 969 1606 interim,
1003 1562 1102 1598 freto
1133 1562 1172 1597 in
1202 1574 1388 1599 oceanum

269 1635 436 1672 evectus,
465 1628 512 1664 ad
540 1627 732 1663 Carteiam
763 1627 880 1663 classe
910 1628 1080 1664 accessit.
1138 1627 1239 1664 Urbs
1271 1640 1315 1664 ea
1346 1629 1387 1664 in

269 1705 337 1729 ora
357 1692 490 1729 oceani
510 1692 583 1727 sita
602 1697 673 1735 est,
695 1691 760 1729 ubi
789 1692 952 1742 primum
972 1704 992 1727 e
1011 1691 1183 1728 faucibus
1214 1692 1384 1740 angustis

266 1758 448 1807 panditur
467 1769 581 1794 mare.
639 1755 779 1800 Gades,
811 1757 892 1792 sine
921 1757 1141 1800 certamine,
1168 1756 1385 1806 proditione

267 1822 487 1871 recipiendi,
519 1821 618 1857 ultro
640 1822 703 1870 qui
724 1833 807 1857 eam
825 1833 905 1856 rem
934 1820 1217 1870 pollicerentur,
1243 1821 1283 1857 in
1303 1833 1385 1857 cas-

269 1892 328 1921 tra
356 1884 536 1921 Romana
568 1884 823 1927 venientibus,
859 1896 956 1934 spes,
991 1885 1088 1920 sicut
1125 1891 1213 1920 ante
1243 1885 1386 1921 dictum

269 1957 339 1992 est,
366 1949 512 1986 fuerat:
546 1949 738 1999 patefacta
765 1949 956 1984 inmatura
984 1949 1150 1998 proditio
1181 1955 1251 1992 est,
1279 1961 1384 1985 com·

266 2014 552 2065 prehensosque
572 2025 703 2049 omnes
731 2012 852 2061 Mago
872 2012 1078 2048 Adherbali
1108 2014 1261 2063 praetori
1282 2013 1384 2050 Kar-

267 2079 464 2126 thaginem
484 2076 723 2113 devehendos
754 2077 882 2113 tradit.
939 2076 1147 2119 Adherbal,
1175 2076 1383 2126 conjuratis

266 2143 305 2179 in
337 2143 647 2192 quinqueremem
677 2141 868 2190 inpositiS‚
905 2141 1172 2190 praemissaque
1206 2153 1264 2184 ea,
1296 2142 1385 2190 quia

264 2207 423 2249 tardior,
446 2219 558 2255 quam
578 2206 757 2249 triremis,
779 2212 874 2248 erat,
905 2206 986 2255 ipse
1006 2218 1091 2240 cum
1111 2212 1200 2241 octo
1220 2206 1384 2242 triremi-

262 2270 333 2306 bus
354 2271 505 2306 modico
527 2270 726 2306 intervallo
746 2270 927 2318 sequitur.
985 2269 1072 2305 Jam
1095 2268 1233 2305 fretum
1262 2270 1382 2306 intra·

262 2334 328 2372 bat
348 2335 643 2385 quinqueremiS,
666 2347 781 2385 quum
800 2333 956 2378 Laelius,
978 2340 1015 2371 et
1036 2334 1115 2386 ipse
1137 2335 1175 2371 in
1197 2334 1380 2386 quinque-
