1523 2666
175 326 180 333 .
198 311 271 335 201.

284 173 366 216 272
458 176 504 203 T.
532 174 665 203 LIVII
701 173 804 202 LIB.
828 175 948 203 XXX.
984 175 1090 203 CAP.
1115 176 1230 206 XLV.

125 259 180 333 -ἓ-
199 268 271 292 ⁵⁵1·
284 268 413 312 specta
431 274 532 298 mors
552 267 681 298 tamen
701 260 781 311 ejus
801 260 888 304 fuit,
910 262 999 310 quia
1018 261 1172 312 publico
1192 261 1324 299 funere
1343 270 1400 300 est

284 326 417 363 elatus.
473 326 590 362 Hunc
609 339 735 374 regem
756 326 795 362 in
813 326 1007 376 triumpho
1028 326 1182 363 ductum
1200 326 1398 376 Polybius,

282 391 575 440 haudquaquam
609 390 840 440 spernendus
875 397 1022 434 auctor,
1057 391 1185 428 tradit.
1242 391 1399 427 Secutus

285 455 503 505 Scipionem
530 455 829 504 triumphantem
862 462 919 491 est
950 456 1052 506 pileo
1086 456 1203 506 capiti
1231 456 1402 505 inposito

284 521 332 560 Q.
354 520 554 556 Terentius
576 519 733 555 Cuneo:
767 520 946 568 omnique
975 520 1107 557 deinde
1135 521 1227 563 vita,
1248 526 1290 556 nt
1319 520 1401 568 dig-

283 597 375 621 num
409 591 503 627 erat,
541 583 728 619 libertatis
764 590 958 620 auctorem
994 584 1124 621 coluit.
1179 584 1404 620 Africanum

285 661 498 698 cognomen
525 647 698 683 militaris
725 648 826 696 prius
855 647 976 692 favor,
999 662 1049 685 an
1073 648 1266 699 popularis
1297 661 1402 690 aura,

286 712 546 755 celebraverit,
568 724 629 754 an,
651 712 763 747 sicuti
782 711 918 748 Felicis
936 712 1048 748 Sullae
1062 712 1274 761 Magnique
1290 711 1405 748 Pom-

284 777 359 827 peii
380 783 531 827 patrum
561 776 757 818 memoria,
780 782 948 826 coeptum
977 776 1024 813 ab
1055 776 1321 812 adsentatione
1347 774 1406 812 fa-

284 841 425 878 miliari
445 842 509 884 sit,
531 853 663 890 parum
684 848 922 890 compertum
941 841 1079 878 habeo.
1135 840 1284 877 Primus
1305 847 1409 876 certe

286 905 350 941 hic
369 905 577 954 imperator
595 905 750 939 nomine
770 905 879 940 vietae
910 903 957 940 ab
981 917 1020 940 se
1049 905 1171 954 gentis
1192 909 1249 940 est
1267 903 1408 939 nobili-

289 974 416 1005 tatus:
451 967 626 1018 exemplo
657 968 792 1004 deinde
821 967 948 1018 hujus,
979 981 1217 1018 nequaqnam
1249 968 1411 1003 victoria

292 1045 414 1083 pares,
454 1033 620 1081 insignes
654 1032 862 1080 imaginum
898 1031 1028 1068 titulos
1060 1032 1234 1080 claraque
1265 1043 1410 1080 cogno·

291 1098 395 1135 mina
412 1097 566 1134 familiae
584 1097 719 1134 fecere.
