1523 2666
114 266 158 295 U.
170 265 207 295 C.
222 270 293 296 560.

113 308 153 339 A.
167 308 204 338 C.
225 316 297 342 192·

110 1421 291 1459 Adparatus

114 1463 190 1492 belli
208 1465 261 1494 ad-

114 1515 224 1536 versus
231 1509 296 1538 An-

115 1549 274 1581 tiochum.

302 162 387 215 546
760 176 805 204 T.
833 177 961 206 mvn

307 262 403 298 unde
429 274 508 298 non
536 262 662 312 praeda
691 264 806 301 modo
836 268 957 302 omnis
982 267 1129 315 generis
1149 280 1233 303 cum
1253 266 1410 317 captivis

307 332 429 376 parta,
450 326 514 362 sed
532 327 673 376 recepti
692 340 842 378 quoque
861 329 1006 379 aliquot
1029 331 1127 366 cives
1149 331 1329 380 sociique,
1349 330 1414 378 qui

307 390 347 425 in
366 390 532 425 hostium
552 397 741 440 potestate
760 392 923 430 fuerant.
968 393 1116 430 Eodem
1128 394 1208 440 *hoc
1224 406 1325 430 anno
1345 393 1423 428 vi·-

305 452 446 489 bonem
471 453 622 490 colonia
641 455 801 491 deducta
831 462 888 492 est
913 470 956 494 ex
984 457 1315 494 senatusconsulto
1334 455 1414 507 ple·

305 516 442 566 beique
462 518 577 554 scito:
601 519 674 554 tria
688 519 806 554 millia
823 526 858 555 et
872 522 1102 570 septingenti
1118 522 1263 572 pedites
1274 522 1415 563 ierunt,

306 582 468 617 trecenti
486 582 644 630 equites.
686 583 889 619 Triumviri
909 584 1145 622 deduxerunt
1163 598 1242 629 eOS,
1263 585 1312 625 Q.
1326 584 1417 621 Nae-

306 645 403 687 vius,
424 643 480 681 M.
493 644 701 689 Minucius,
721 646 779 683 M.
794 647 928 684 Furius
951 649 1165 699 Crassipes:
1186 650 1302 698 quina
1320 648 1418 684 dena

299 707 442 758 jugera
472 710 553 757 agri
587 709 674 746 data
704 711 743 746 in
776 712 943 760 singulos
976 713 1119 763 pedites
1150 718 1252 756 sunt,
1278 710 1418 761 duplex

307 772 510 821 equitibus,
552 773 793 811 Bruttiorum
812 778 984 825 proxime
1002 777 1126 813 fuerat
1141 789 1252 826 ager:
1274 776 1418 812 Bruttii

308 843 487 886 ceperant
506 837 552 873 (le
572 838 726 875 Graecis.
783 839 919 877 Romae
948 853 1015 891 per
1048 842 1145 877 idem
1169 848 1319 890 tempus
1344 840 1419 876 duo

308 902 464 936 max-imi
480 900 632 938 fuerunt
652 910 812 940 terrores
827 920 838 950 3
862 904 1028 941 diutinus
1048 905 1157 948 alter,
1174 904 1238 941 sed
1254 903 1420 952 segnior.

308 964 428 1001 Terra
446 965 524 1001 dies
538 966 914 1017 duodequadraginta
928 969 1065 1005 movit:
1091 982 1158 1020 per
1173 968 1330 1005 totidem
1342 967 1420 1004 dies

307 1028 411 1065 feriae
432 1029 470 1065 in
491 1029 744 1068 sollicitudine
765 1045 808 1069 ac
827 1040 930 1069 metu
949 1033 1072 1069 fuere:
1102 1034 1142 1070 in
1160 1032 1326 1069 triduum
1339 1030 1420 1081 ejus

308 1093 363 1129 rei
390 1105 522 1130 caussa
553 1096 780 1145 supplicatio
808 1097 940 1133 habita
970 1105 1037 1134 est.
1094 1096 1164 1133 Ille
1194 1109 1273 1133 non
1301 1107 1422 1147 pavor

307 1169 442 1201 vanus,
463 1160 528 1196 sed
559 1172 645 1196 vera
678 1160 883 1196 multorum
911 1161 1034 1198 clades
1067 1161 1162 1197 fuit:
1195 1160 1372 1196 incendio
1398 1171 1421 1196 a

307 1221 395 1259 foro
411 1223 554 1260 Boario
575 1231 676 1266 orm,
697 1224 797 1260 diem
822 1232 1050 1274 noctemque
1071 1224 1285 1261 aedificiain
1303 1223 1422 1261 Tibe-

307 1287 380 1322 rim
415 1300 523 1324 versa
559 1300 697 1330 arsere,
731 1288 973 1337 tabernaeque
1009 1301 1140 1326 omnes
1175 1301 1261 1325 cum
1291 1288 1422 1339 magni

308 1351 419 1400 pretii
440 1352 626 1388 mercibus
647 1352 988 1402 conflagraverunt.

363 1413 473 1451 XLI.
503 1415 590 1451 Jam
620 1415 697 1451 fere
729 1416 768 1451 in
796 1416 900 1452 exitu
927 1428 1046 1452 annus
1078 1421 1182 1452 erat:
1215 1423 1253 1452 et
1280 1415 1321 1451 in
1340 1414 1418 1452 dies

309 1478 428 1527 magis
462 1479 563 1515 fama
600 1479 646 1515 de
682 1479 864 1515 Antiochi
902 1479 1018 1523 bello,
1054 1486 1090 1515 et
1120 1492 1210 1515 cura
1241 1478 1419 1515 Patribus

310 1542 514 1580 crescebat.
571 1543 706 1592 Itaque
732 1544 776 1579 de
803 1544 1007 1593 provinciis
1041 1544 1330 1592 magistratuum
1354 1543 1420 1579 de-

309 1607 562 1654 signatorum,
589 1620 664 1656 quo
698 1609 922 1644 intentiores
955 1614 1081 1644 essent
1109 1619 1255 1650 omneS,
1283 1607 1420 1656 agitari

309 1678 477 1720 coeptum
505 1678 573 1708 est.
631 1671 857 1715 Decrevere,
896 1678 938 1708 ut
967 1671 1184 1708 consulibus
1222 1670 1349 1714 Italia,
1383 1676 1422 1707 et

308 1747 384 1783 quo
408 1742 561 1771 senatus
590 1736 811 1779 censuisset,
842 1736 941 1786 (jam
972 1749 1052 1772 esse
1080 1735 1222 1772 bellum
1245 1735 1420 1771 adversus

308 1798 544 1834 Antiochum
562 1811 689 1848 regem
705 1812 834 1835 omnes
849 1800 1036 1843 sciebant)
1055 1799 1258 1849 provinciae
1271 1804 1417 1834 essent:

309 1861 416 1910 cujus
450 1873 494 1897 ea
520 1874 601 1897 sors
629 1869 741 1906 esset,
763 1870 926 1912 quatuor
952 1862 1069 1899 millia
1094 1863 1263 1912 peditum
1282 1862 1421 1898 civium

308 1924 587 1969 Romanorum,
610 1934 647 1962 et
664 1928 823 1964 trecenti
846 1929 1002 1976 equites,
1031 1940 1095 1963 sex
1126 1926 1244 1962 millia
1273 1926 1422 1963 socium

310 1989 439 2025 Latini
458 1991 623 2026 nominis
645 2004 729 2026 cuzn
745 1992 1029 2040 quadringentis
1047 1990 1234 2039 equitibus
1251 1996 1340 2027 sunt
1355 1990 1425 2035 de-⁴

309 2060 425 2090 creta.
481 2054 627 2090 Eorum
657 2055 843 2093 delectum
872 2056 1010 2091 habere
1039 2055 1086 2091 L.
1106 2055 1307 2094 Quinctius
1328 2067 1421 2091 con-

310 2116 367 2152 sul
389 2116 538 2166 jussus;
571 2131 619 2154 ne
657 2120 745 2167 quid
779 2126 1002 2162 moraretur,
1030 2132 1104 2168 quo
1135 2119 1258 2154 minus
1289 2118 1422 2155 consul

310 2193 444 2224 novus,
475 2195 550 2231 quo
580 2190 733 2219 senatus
765 2185 985 2227 censuisset,
1016 2183 1205 2233 extemplo
1234 2182 1421 2232 proficisci

311 2252 449 2294 possen
499 2246 596 2283 Item
617 2248 661 2284 de
679 2249 882 2298 provinciis
904 2256 1107 2298 praetorum
1127 2248 1316 2284 decretum
1337 2254 1417 2282 est:

310 2312 432 2361 prima
451 2319 492 2349 ut
510 2326 591 2350 sors
612 2314 708 2359 duae,
730 2315 949 2365 urbanaque
964 2321 1000 2351 et
1017 2314 1116 2350 inter
1134 2312 1230 2348 cives
1252 2323 1294 2348 ac
1310 2323 1417 2362 pere·
