1507 2656
289 176 442 207 LIBER
465 175 621 206 XXXV.
655 173 762 203 cAP.
783 174 940 204 xqu.
1083 172 1168 219 525

66 278 224 315 magnus
259 267 443 303 exercitus
476 264 672 301 Toletanis
703 264 869 301 subsidio
901 265 1015 302 venit.
1073 266 1168 302 Cum
1181 274 1223 306 U.
1235 273 1272 305 C.
1289 279 1364 306 560.

65 330 124 365 his
143 331 259 378 signis
280 329 439 367 conlatis
459 340 636 378 prospere
655 328 860 377 pugnavit:
893 334 944 372 et,
964 328 1056 365 fusis
1072 329 1170 367 Vec-
1182 319 1221 349 A·
1234 317 1271 348 C·
1291 323 1362 350 192·

16 441 17 448 ¹
66 394 235 437 tonibus,
257 392 631 443 operibus‘Toletum
650 392 762 441 cepit.

120 458 280 495 XXIII.
310 458 486 493 Ceterum
502 469 548 492 eo
567 462 739 506 tempore
754 456 877 492 minus
898 468 942 492 ea
956 455 1069 500 bella,
1089 471 1171 506 quae

67 521 307 571 gerebantur,
329 534 426 558 curae
453 521 629 557 Patribus
660 527 780 565 erant,
802 534 912 570 quam
938 524 1172 572 exspectatio

64 586 232 621 nondum
263 586 378 635 coepti
408 598 492 621 cum
521 585 715 621 Antiocho
745 584 858 620 belli:
891 597 978 620 nam
1008 586 1077 621 etsi
1106 599 1173 636 per

34 683 39 687 .
66 648 212 697 legatos
233 648 447 685 idemtidem
472 649 600 685 omnia
624 648 933 698 explorabantur,
953 654 1081 685 tamen
1109 662 1172 685 ru-

66 724 205 755 moreS,
225 718 365 748 temere
385 713 466 748 sine
486 711 569 747 ullis
591 712 809 747 auctoribus
831 712 920 754 orti,
942 712 1059 748 multa
1078 712 1176 749 falsa

68 776 164 811 veris
184 775 404 812 miscebant.
462 775 567 812 Inter
587 788 668 824 quae
689 768 854 811 adlathm
884 782 978 818 erat,
1000 788 1114 824 quum
1135 776 1175 811 in

66 839 253 876 AEtoliam
272 841 435 875 venisset
455 840 682 882 Antiochus,
704 839 894 888 extemplo
916 839 1072 876 classem
1089 853 1173 876 eum

69 904 108 939 in
129 903 295 939 Siciliam
322 904 535 940 missurum.
592 903 726 952 ltaque
748 909 914 945 senatus,
936 904 1005 938 etsi
1033 910 1172 953 praeto-

66 979 145 1003 rem
164 966 324 1003 Atilium
344 980 428 1003 cum
444 967 561 1004 classe
581 968 733 1003 miserat
754 969 789 1002 in
812 967 1010 1011 Graeeiam,
1030 976 1170 1011 tamen,
1184 979 1290 1018 Legati
1308 980 1340 1010 in

68 1031 155 1078 quia
185 1043 262 1066 non
291 1031 409 1080 copiis
439 1031 566 1073 mod0‚
588 1031 652 1066 sed
682 1032 794 1066 etiam
825 1032 1050 1068 auctoritate
1078 1045 1171 1082 opus
1186 1023 1344 1070 Graeciam

69 1099 148 1129 erat
167 1093 214 1129 ad
234 1094 392 1129 tuendos
414 1095 601 1129 sociorum
622 1094 782 1136 animos,
811 1094 855 1129 T.
878 1095 1114 1138 Quinctium,
1137 1102 1175 1131 et
1186 1074 1285 1096 mmm·

69 1157 139 1193 Cn.
160 1156 376 1199 Octavium,
399 1164 436 1192 et
456 1157 526 1193 Cn.
548 1156 760 1199 Servilium,
781 1162 818 1192 et
837 1157 879 1193 P.
896 1157 1051 1194 Villium
1072 1158 1175 1208 lega-

66 1227 126 1256 tos
147 1221 186 1256 in
207 1220 392 1256 Graeciam
413 1220 537 1265 misit3
570 1227 621 1263 et,
643 1226 684 1255 ut
703 1220 759 1256 M.
774 1220 926 1256 Baebius
948 1234 993 1257 ex
1013 1221 1174 1258 Bruttiis

68 1285 114 1321 ad
143 1285 351 1321 Tarentum
383 1290 421 1321 et
449 1284 693 1320 Brundisium
723 1292 961 1334 promoveret
989 1285 1173 1334 legiones,

68 1349 255 1394 decrevit3
289 1354 330 1384 ut
359 1349 458 1391 inde,
480 1349 509 1384 si
540 1361 598 1384 res
628 1355 813 1398 posceret,
838 1350 876 1384 in
906 1349 1173 1387 Macedoniam

70 1414 280 1464 trajiceret5
314 1421 351 1451 et
371 1421 410 1449 ut
444 1412 499 1448 M.
520 1412 672 1448 Fulvius
693 1420 831 1462 praetor
850 1413 1006 1449 classem
1022 1416 1175 1451 navium

68 1480 226 1527 triginta
252 1479 419 1514 mitteret
449 1477 495 1513 ad
525 1477 704 1512 tuendam
735 1476 871 1513 Siciliae
902 1491 1030 1513 oram:
1064 1486 1101 1514 et
1132 1486 1174 1515 ut

69 1556 154 1579 cum
175 1542 332 1593 imperio
352 1548 464 1584 esset,
486 1541 549 1589 qui
565 1533 728 1575 ‘classem
746 1553 827 1576 eam
843 1541 1014 1577 duceret:
1051 1543 1174 1588 (duxit

66 1607 113 1644 L.
133 1606 279 1657 Oppius
301 1605 507 1647 Salinator,
530 1605 590 1653 qui
622 1604 746 1653 priore
776 1617 876 1640 anno
907 1606 1022 1641 aedilis
1053 1606 1172 1655 plebis

68 1671 208 1717 fuerat)
231 1677 268 1706 et
288 1676 329 1706 ut
349 1670 446 1717 idern
466 1675 604 1719 praetor
622 1668 668 1705 L.
686 1668 837 1705 Valerio
858 1669 1011 1718 collegae
1033 1671 1173 1707 scribe-

65 1742 137 1778 ret,
159 1735 363 1771 Periculum
381 1746 464 1776 esse,
481 1745 524 1768 ne
543 1734 661 1768 classis
679 1735 771 1780 regis
789 1734 957 1769 Antiochi
972 1746 1013 1769 ez
1026 1735 1174 1771 AEtolc'a

68 1801 104 1834 in
124 1799 286 1834 Siciliam
307 1796 505 1843 trajiceret:
534 1799 652 1844 itaque
675 1798 819 1844 placere
843 1800 996 1839 senatui,
1020 1800 1067 1834 ‹ch
1094 1811 1173 1835 eum

67 1864 392 1909 exercitam‚'quem
418 1862 573 1903 haberet,
599 1862 915 1897 tumultuariorum
943 1863 1098 1898 militum
1126 1864 1175 1899 acl

67 1927 251 1962 duodecim
269 1926 398 1967 millia,
419 1929 454 1960 et
473 1926 750 1973 quadringentos
769 1927 900 1972 equites
917 1926 1064 1961 scribere
1078 1937 1171 1969 eum,

67 1990 190 2039 quibus
220 2001 321 2026 oram
353 1991 573 2025 maritimam
603 1990 809 2037 provinciae,
845 2002 914 2037 qua
947 1994 1105 2036 vergeret
1137 1992 1174 2024 in

73 2056 261 2096 Graeciam,
283 2055 376 2090 tueri
396 2060 525 2102 posset.
580 2055 679 2090 Eum
710 2054 894 2090 delectum
925 2061 1064 2104 praetor
1096 2067 1174 2090 non

67 2131 115 2154 ex
141 2117 269 2153 Sicilia
296 2118 377 2168 ipsa
402 2125 564 2161 tantum,
586 2119 650 2154 sed
671 2119 783 2154 etiam
804 2132 850 2154 ex
870 2119 1173 2168 circumjacenti-

67 2182 138 2218 bus
159 2181 289 2217 insulis
309 2181 465 2217 habuit:
498 2182 710 2232 oppidaque
728 2184 854 2219 omnia
870 2183 1072 2225 maritima,
1091 2196 1173 2231 quae

69 2246 106 2282 in
127 2245 313 2282 Graeciam
332 2257 437 2281 versa
457 2254 577 2288 erant,
599 2247 779 2296 praesidiis
801 2246 973 2282 firmavit.
1021 2247 1175 2283 Addidit
1187 2243 1311 2273 Attalus
1333 2244 1392 2274 fra-

69 2308 248 2346 alimenta
273 2308 486 2346 rumoribus
518 2309 700 2347 adventus
726 2310 862 2354 Attali,
890 2310 1071 2347 Eumenis
1099 2311 1173 2347 fra-
1188 2287 1380 2361 ¹15ssssssssss
