<?xml version="1.0" encoding="UTF-8"?>
<!DOCTYPE html PUBLIC "-//W3C//DTD XHTML 1.0 Transitional//EN"
    "http://www.w3.org/TR/xhtml1/DTD/xhtml1-transitional.dtd">
<html xmlns="http://www.w3.org/1999/xhtml" xml:lang="en" lang="en">
 <head>
  <title>
</title>
<meta http-equiv="Content-Type" content="text/html;charset=utf-8" />
  <meta name='ocr-system' content='tesseract 3.04.00' />
  <meta name='ocr-capabilities' content='ocr_page ocr_carea ocr_par ocr_line ocrx_word'/>
</head>
<body>
  <div class='ocr_page' id='page_1' title='image "./historiarumquaes03livyuoft_0579.png"; bbox 0 0 1507 2656; ppageno 0'>
   <div class='ocr_carea' id='block_1_1' title="bbox 0 0 33 2656">
    <p class='ocr_par' dir='ltr' id='par_1_1' title="bbox 0 0 33 2656">
     <span class='ocr_line' id='line_1_1' title="bbox 0 0 33 2656; baseline 0 0"><span class='ocrx_word' id='word_1_1' title='bbox 0 0 33 2656; x_wconf 95' lang='lat' dir='ltr'><em> </em></span> 
     </span>
    </p>
   </div>
   <div class='ocr_carea' id='block_1_2' title="bbox 341 163 1197 219">
    <p class='ocr_par' dir='ltr' id='par_1_2' title="bbox 341 163 1197 219">
     <span class='ocr_line' id='line_1_2' title="bbox 341 163 1197 219; baseline 0.005 -18"><span class='ocrx_word' id='word_1_2' title='bbox 341 172 496 201; x_wconf 79' lang='lat' dir='ltr'>LIBER</span> <span class='ocrx_word' id='word_1_3' title='bbox 520 170 700 200; x_wconf 75' lang='lat' dir='ltr'><strong>xxxvx.</strong></span> <span class='ocrx_word' id='word_1_4' title='bbox 734 170 841 200; x_wconf 80' lang='lat' dir='ltr'><strong>CAP.</strong></span> <span class='ocrx_word' id='word_1_5' title='bbox 864 173 959 202; x_wconf 75' lang='lat' dir='ltr'><em>vn.</em></span> <span class='ocrx_word' id='word_1_6' title='bbox 1116 163 1197 219; x_wconf 85' lang='lat'><em>567</em></span> 
     </span>
    </p>
   </div>
   <div class='ocr_carea' id='block_1_3' title="bbox 80 265 1205 2384">
    <p class='ocr_par' dir='ltr' id='par_1_3' title="bbox 80 265 1205 2384">
     <span class='ocr_line' id='line_1_3' title="bbox 81 265 1202 306; baseline -0.001 -2"><span class='ocrx_word' id='word_1_7' title='bbox 81 279 179 305; x_wconf 87' lang='lat' dir='ltr'><em>mum</em></span> <span class='ocrx_word' id='word_1_8' title='bbox 199 266 382 303; x_wconf 85' lang='lat' dir='ltr'><em>vinculum</em></span> <span class='ocrx_word' id='word_1_9' title='bbox 402 269 478 302; x_wconf 86' lang='lat' dir='ltr'><em>est:</em></span> <span class='ocrx_word' id='word_1_10' title='bbox 505 265 636 306; x_wconf 85' lang='lat' dir='ltr'><em>altera,</em></span> <span class='ocrx_word' id='word_1_11' title='bbox 658 268 819 300; x_wconf 87' lang='lat' dir='ltr'><em>auctores</em></span> <span class='ocrx_word' id='word_1_12' title='bbox 830 271 893 301; x_wconf 67' lang='lat' dir='ltr'><em>&#39;vos</em></span> <span class='ocrx_word' id='word_1_13' title='bbox 910 265 1045 302; x_wconf 79' lang='lat' dir='ltr'><em>AEtoli.</em></span> <span class='ocrx_word' id='word_1_14' title='bbox 1081 267 1202 303; x_wconf 80' lang='lat' dir='ltr'><em>Vester</em></span> 
     </span>
     <span class='ocr_line' id='line_1_4' title="bbox 84 330 1202 380; baseline -0.002 -11"><span class='ocrx_word' id='word_1_15' title='bbox 84 333 178 369; x_wconf 79' lang='lat' dir='ltr'><em>enim</em></span> <span class='ocrx_word' id='word_1_16' title='bbox 199 333 337 380; x_wconf 84' lang='lat' dir='ltr'><em>legatus</em></span> <span class='ocrx_word' id='word_1_17' title='bbox 355 331 412 367; x_wconf 84' lang='lat' dir='ltr'><em>hic</em></span> <span class='ocrx_word' id='word_1_18' title='bbox 436 330 553 366; x_wconf 82' lang='lat' dir='ltr'><em>leoas</em></span> <span class='ocrx_word' id='word_1_19' title='bbox 571 330 664 364; x_wconf 78' lang='lat' dir='ltr'><em>inter</em></span> <span class='ocrx_word' id='word_1_20' title='bbox 683 333 814 372; x_wconf 82' lang='lat' dir='ltr'><em>cetera,</em></span> <span class='ocrx_word' id='word_1_21' title='bbox 836 342 913 376; x_wconf 79' lang='lat' dir='ltr'><em>qua&gt;</em></span> <span class='ocrx_word' id='word_1_22' title='bbox 931 331 979 366; x_wconf 88' lang='lat' dir='ltr'><em>ad</em></span> <span class='ocrx_word' id='word_1_23' title='bbox 998 332 1202 367; x_wconf 74' lang='lat' dir='ltr'><em>exciendum</em></span> 
     </span>
     <span class='ocr_line' id='line_1_5' title="bbox 85 394 1203 437; baseline -0.002 -3"><span class='ocrx_word' id='word_1_24' title='bbox 85 398 122 433; x_wconf 83' lang='lat' dir='ltr'><em>in</em></span> <span class='ocrx_word' id='word_1_25' title='bbox 148 398 323 433; x_wconf 84' lang='lat' dir='ltr'><em>Graeciam</em></span> <span class='ocrx_word' id='word_1_26' title='bbox 341 394 559 432; x_wconf 82' lang='lat' dir='ltr'><em>Antiochum</em></span> <span class='ocrx_word' id='word_1_27' title='bbox 588 395 704 430; x_wconf 79' lang='lat' dir='ltr'><em>dicere</em></span> <span class='ocrx_word' id='word_1_28' title='bbox 731 398 782 430; x_wconf 91' lang='lat' dir='ltr'><em>est</em></span> <span class='ocrx_word' id='word_1_29' title='bbox 808 395 947 437; x_wconf 87' lang='lat' dir='ltr'><em>solitus,</em></span> <span class='ocrx_word' id='word_1_30' title='bbox 968 400 1053 432; x_wconf 91' lang='lat' dir='ltr'><em>ante</em></span> <span class='ocrx_word' id='word_1_31' title='bbox 1081 398 1203 432; x_wconf 80' lang='lat' dir='ltr'><em>omnia</em></span> 
     </span>
     <span class='ocr_line' id='line_1_6' title="bbox 86 458 1204 509; baseline -0.002 -10"><span class='ocrx_word' id='word_1_32' title='bbox 86 462 152 498; x_wconf 88' lang='lat' dir='ltr'><em>hoc</em></span> <span class='ocrx_word' id='word_1_33' title='bbox 179 473 317 509; x_wconf 83' lang='lat' dir='ltr'><strong><em>semper</em></strong></span> <span class='ocrx_word' id='word_1_34' title='bbox 344 460 575 509; x_wconf 78' lang='lat' dir='ltr'><em>adfirmavit5</em></span> <span class='ocrx_word' id='word_1_35' title='bbox 602 458 766 508; x_wconf 85' lang='lat' dir='ltr'><em>fremere</em></span> <span class='ocrx_word' id='word_1_36' title='bbox 794 459 1021 508; x_wconf 70' lang='lat' dir='ltr'><em>Philippum,</em></span> <span class='ocrx_word' id='word_1_37' title='bbox 1049 466 1084 496; x_wconf 89' lang='lat' dir='ltr'><em>et</em></span> <span class='ocrx_word' id='word_1_38' title='bbox 1112 473 1204 509; x_wconf 78' lang='lat' dir='ltr'><em>oegre</em></span> 
     </span>
     <span class='ocr_line' id='line_1_7' title="bbox 80 524 1204 575; baseline 0.001 -13"><span class='ocrx_word' id='word_1_39' title='bbox 80 527 175 575; x_wconf 87' lang='lat' dir='ltr'><em>pati,</em></span> <span class='ocrx_word' id='word_1_40' title='bbox 195 526 257 562; x_wconf 84' lang='lat' dir='ltr'><em>sub</em></span> <span class='ocrx_word' id='word_1_41' title='bbox 274 527 388 573; x_wconf 86' lang='lat' dir='ltr'><em>specie</em></span> <span class='ocrx_word' id='word_1_42' title='bbox 402 526 506 573; x_wconf 85' lang='lat' dir='ltr'><em>pacis</em></span> <span class='ocrx_word' id='word_1_43' title='bbox 525 525 618 571; x_wconf 86' lang='lat' dir='ltr'><em>leges</em></span> <span class='ocrx_word' id='word_1_44' title='bbox 637 526 816 561; x_wconf 81' lang='lat' dir='ltr'><em>servitutis</em></span> <span class='ocrx_word' id='word_1_45' title='bbox 834 524 900 560; x_wconf 87' lang='lat' dir='ltr'><em>sibi</em></span> <span class='ocrx_word' id='word_1_46' title='bbox 920 526 1102 573; x_wconf 85' lang='lat' dir='ltr'><em>inpositas.</em></span> <span class='ocrx_word' id='word_1_47' title='bbox 1133 526 1204 563; x_wconf 88' lang='lat' dir='ltr'><em>Ille</em></span> 
     </span>
     <span class='ocr_line' id='line_1_8' title="bbox 82 587 1204 639; baseline 0.001 -13"><span class='ocrx_word' id='word_1_48' title='bbox 82 591 222 639; x_wconf 79' lang='lat' dir='ltr'><em>quidem</em></span> <span class='ocrx_word' id='word_1_49' title='bbox 254 589 348 639; x_wconf 70' lang='lat' dir='ltr'><em>ferte</em></span> <span class='ocrx_word' id='word_1_50' title='bbox 377 590 494 626; x_wconf 85' lang='lat' dir='ltr'><em>bestiae</em></span> <span class='ocrx_word' id='word_1_51' title='bbox 523 587 650 625; x_wconf 63' lang='lat' dir='ltr'><em>vinctae</em></span> <span class='ocrx_word' id='word_1_52' title='bbox 678 594 743 625; x_wconf 83' lang='lat' dir='ltr'><em>aut</em></span> <span class='ocrx_word' id='word_1_53' title='bbox 771 590 911 632; x_wconf 85' lang='lat' dir='ltr'><em>clausae,</em></span> <span class='ocrx_word' id='word_1_54' title='bbox 942 595 978 626; x_wconf 87' lang='lat' dir='ltr'><em>et</em></span> <span class='ocrx_word' id='word_1_55' title='bbox 1005 589 1204 639; x_wconf 80' lang='lat' dir='ltr'><em>refringere</em></span> 
     </span>
     <span class='ocr_line' id='line_1_9' title="bbox 83 654 1204 704; baseline -0.001 -12"><span class='ocrx_word' id='word_1_56' title='bbox 83 656 244 692; x_wconf 85' lang='lat' dir='ltr'><em>claustra</em></span> <span class='ocrx_word' id='word_1_57' title='bbox 264 656 435 704; x_wconf 85' lang='lat' dir='ltr'><em>cupienti,</em></span> <span class='ocrx_word' id='word_1_58' title='bbox 457 656 550 702; x_wconf 81' lang='lat' dir='ltr'><em>regis</em></span> <span class='ocrx_word' id='word_1_59' title='bbox 573 656 667 690; x_wconf 85' lang='lat' dir='ltr'><em>iram</em></span> <span class='ocrx_word' id='word_1_60' title='bbox 695 654 808 690; x_wconf 82' lang='lat' dir='ltr'><em>verbis</em></span> <span class='ocrx_word' id='word_1_61' title='bbox 836 655 1024 702; x_wconf 68' lang='lat' dir='ltr'><em>aequabat:</em></span> <span class='ocrx_word' id='word_1_62' title='bbox 1054 654 1153 701; x_wconf 84' lang='lat' dir='ltr'><em>cujus</em></span> <span class='ocrx_word' id='word_1_63' title='bbox 1172 657 1204 692; x_wconf 88' lang='lat' dir='ltr'><em>si</em></span> 
     </span>
     <span class='ocr_line' id='line_1_10' title="bbox 84 717 1203 765; baseline 0 -9"><span class='ocrx_word' id='word_1_64' title='bbox 84 721 168 756; x_wconf 88' lang='lat' dir='ltr'><em>talis</em></span> <span class='ocrx_word' id='word_1_65' title='bbox 187 721 328 756; x_wconf 87' lang='lat' dir='ltr'><em>animus</em></span> <span class='ocrx_word' id='word_1_66' title='bbox 356 724 420 762; x_wconf 90' lang='lat' dir='ltr'><em>est,</em></span> <span class='ocrx_word' id='word_1_67' title='bbox 443 720 621 755; x_wconf 74' lang='lat' dir='ltr'><em>solvamus</em></span> <span class='ocrx_word' id='word_1_68' title='bbox 639 731 703 754; x_wconf 84' lang='lat' dir='ltr'><em>nos</em></span> <span class='ocrx_word' id='word_1_69' title='bbox 721 717 794 765; x_wconf 75' lang='lat' dir='ltr'><em>ejzts</em></span> <span class='ocrx_word' id='word_1_70' title='bbox 811 720 968 762; x_wconf 79' lang='lat' dir='ltr'><em>vincula,</em></span> <span class='ocrx_word' id='word_1_71' title='bbox 990 724 1024 755; x_wconf 90' lang='lat' dir='ltr'><em>et</em></span> <span class='ocrx_word' id='word_1_72' title='bbox 1043 721 1203 756; x_wconf 83' lang='lat' dir='ltr'><em>claustra</em></span> 
     </span>
     <span class='ocr_line' id='line_1_11' title="bbox 83 784 1204 834; baseline 0.001 -14"><span class='ocrx_word' id='word_1_73' title='bbox 83 784 339 834; x_wconf 70' lang='lat' dir='ltr'><em>refringamus,</em></span> <span class='ocrx_word' id='word_1_74' title='bbox 360 789 402 820; x_wconf 85' lang='lat' dir='ltr'><em>ut</em></span> <span class='ocrx_word' id='word_1_75' title='bbox 429 796 612 832; x_wconf 79' lang='lat' dir='ltr'><em>erumpere</em></span> <span class='ocrx_word' id='word_1_76' title='bbox 630 785 692 820; x_wconf 81' lang='lat' dir='ltr'><em>dia</em></span> <span class='ocrx_word' id='word_1_77' title='bbox 711 784 898 820; x_wconf 58' lang='lat' dir='ltr'><em>coercitam</em></span> <span class='ocrx_word' id='word_1_78' title='bbox 917 785 1009 820; x_wconf 84' lang='lat' dir='ltr'><em>iram</em></span> <span class='ocrx_word' id='word_1_79' title='bbox 1031 786 1068 820; x_wconf 87' lang='lat' dir='ltr'><em>in</em></span> <span class='ocrx_word' id='word_1_80' title='bbox 1088 785 1204 821; x_wconf 86' lang='lat' dir='ltr'><em>hostes</em></span> 
     </span>
     <span class='ocr_line' id='line_1_12' title="bbox 84 849 1201 899; baseline 0.001 -13"><span class='ocrx_word' id='word_1_81' title='bbox 84 862 286 887; x_wconf 85' lang='lat' dir='ltr'><em>communes</em></span> <span class='ocrx_word' id='word_1_82' title='bbox 310 852 434 899; x_wconf 79' lang='lat' dir='ltr'><strong><em>possit.</em></strong></span> <span class='ocrx_word' id='word_1_83' title='bbox 495 850 600 891; x_wconf 82' lang='lat' dir='ltr'><em>Quod</em></span> <span class='ocrx_word' id='word_1_84' title='bbox 627 851 658 885; x_wconf 84' lang='lat' dir='ltr'><em>si</em></span> <span class='ocrx_word' id='word_1_85' title='bbox 686 849 779 885; x_wconf 85' lang='lat' dir='ltr'><em>nihil</em></span> <span class='ocrx_word' id='word_1_86' title='bbox 807 861 885 885; x_wconf 88' lang='lat' dir='ltr'><em>eum</em></span> <span class='ocrx_word' id='word_1_87' title='bbox 917 850 1049 898; x_wconf 83' lang='lat' dir='ltr'><em>legatio</em></span> <span class='ocrx_word' id='word_1_88' title='bbox 1078 856 1201 887; x_wconf 85' lang='lat' dir='ltr'><em>nostra</em></span> 
     </span>
     <span class='ocr_line' id='line_1_13' title="bbox 84 912 1201 964; baseline 0.001 -13"><span class='ocrx_word' id='word_1_89' title='bbox 84 918 247 959; x_wconf 80' lang='lat' dir='ltr'><em>moverit,</em></span> <span class='ocrx_word' id='word_1_90' title='bbox 269 920 309 951; x_wconf 90' lang='lat' dir='ltr'><em>at</em></span> <span class='ocrx_word' id='word_1_91' title='bbox 327 928 401 958; x_wconf 86' lang='lat' dir='ltr'><em>nos,</em></span> <span class='ocrx_word' id='word_1_92' title='bbox 423 916 590 964; x_wconf 83' lang='lat' dir='ltr'><em>quoniam</em></span> <span class='ocrx_word' id='word_1_93' title='bbox 608 914 706 950; x_wconf 84' lang='lat' dir='ltr'><em>nobis</em></span> <span class='ocrx_word' id='word_1_94' title='bbox 725 926 805 950; x_wconf 83' lang='lat' dir='ltr'><em>eum</em></span> <span class='ocrx_word' id='word_1_95' title='bbox 821 912 1013 962; x_wconf 81' lang='lat' dir='ltr'><em>adjungere</em></span> <span class='ocrx_word' id='word_1_96' title='bbox 1030 927 1101 951; x_wconf 88' lang='lat' dir='ltr'><em>non</em></span> <span class='ocrx_word' id='word_1_97' title='bbox 1116 928 1201 964; x_wconf 89' lang='lat' dir='ltr'><em>pos-</em></span> 
     </span>
     <span class='ocr_line' id='line_1_14' title="bbox 82 976 1201 1026; baseline 0.001 -11"><span class='ocrx_word' id='word_1_98' title='bbox 82 990 215 1024; x_wconf 85' lang='lat' dir='ltr'><em>sumus,</em></span> <span class='ocrx_word' id='word_1_99' title='bbox 235 992 279 1015; x_wconf 83' lang='lat' dir='ltr'><em>ne</em></span> <span class='ocrx_word' id='word_1_100' title='bbox 298 979 452 1015; x_wconf 78' lang='lat' dir='ltr'><strong><em>hostibus</em></strong></span> <span class='ocrx_word' id='word_1_101' title='bbox 470 979 599 1014; x_wconf 81' lang='lat' dir='ltr'><em>nostris</em></span> <span class='ocrx_word' id='word_1_102' title='bbox 613 978 676 1013; x_wconf 79' lang='lat' dir='ltr'><em>ille</em></span> <span class='ocrx_word' id='word_1_103' title='bbox 692 976 844 1025; x_wconf 82' lang='lat' dir='ltr'><em>adjungi</em></span> <span class='ocrx_word' id='word_1_104' title='bbox 855 980 983 1026; x_wconf 79' lang='lat' dir='ltr'><strong><em>possit,</em></strong></span> <span class='ocrx_word' id='word_1_105' title='bbox 1002 991 1201 1017; x_wconf 78' lang='lat' dir='ltr'><em>caveamus.</em></span> 
     </span>
     <span class='ocr_line' id='line_1_15' title="bbox 84 1043 1199 1093; baseline 0.001 -13"><span class='ocrx_word' id='word_1_106' title='bbox 84 1044 253 1080; x_wconf 82' lang='lat' dir='ltr'><em>Seleucus</em></span> <span class='ocrx_word' id='word_1_107' title='bbox 257 1045 365 1093; x_wconf 87' lang='lat' dir='ltr'><em>filius</em></span> <span class='ocrx_word' id='word_1_108' title='bbox 385 1048 465 1080; x_wconf 86' lang='lat' dir='ltr'><em>tuus</em></span> <span class='ocrx_word' id='word_1_109' title='bbox 483 1043 720 1090; x_wconf 67' lang='lat' dir='ltr'><em>Lysimachia,²</em></span> <span class='ocrx_word' id='word_1_110' title='bbox 739 1048 810 1079; x_wconf 88' lang='lat' dir='ltr'><em>est:</em></span> <span class='ocrx_word' id='word_1_111' title='bbox 841 1045 901 1091; x_wconf 74' lang='lat' dir='ltr'><em>qui</em></span> <span class='ocrx_word' id='word_1_112' title='bbox 919 1045 949 1079; x_wconf 86' lang='lat' dir='ltr'><em>si</em></span> <span class='ocrx_word' id='word_1_113' title='bbox 968 1056 1008 1079; x_wconf 90' lang='lat' dir='ltr'><em>eo</em></span> <span class='ocrx_word' id='word_1_114' title='bbox 1027 1046 1199 1088; x_wconf 70' lang='lat' dir='ltr'><em>erercitu,</em></span> 
     </span>
     <span class='ocr_line' id='line_1_16' title="bbox 83 1106 1202 1156; baseline 0.001 -13"><span class='ocrx_word' id='word_1_115' title='bbox 83 1119 186 1156; x_wconf 81' lang='lat' dir='ltr'><em>quem</em></span> <span class='ocrx_word' id='word_1_116' title='bbox 203 1119 320 1143; x_wconf 85' lang='lat' dir='ltr'><em>secum</em></span> <span class='ocrx_word' id='word_1_117' title='bbox 340 1107 457 1149; x_wconf 82' lang='lat' dir='ltr'><em>habet,</em></span> <span class='ocrx_word' id='word_1_118' title='bbox 478 1118 543 1153; x_wconf 82' lang='lat' dir='ltr'><em>per</em></span> <span class='ocrx_word' id='word_1_119' title='bbox 568 1106 764 1142; x_wconf 81' lang='lat' dir='ltr'><em>Thraciam</em></span> <span class='ocrx_word' id='word_1_120' title='bbox 791 1107 956 1154; x_wconf 75' lang='lat' dir='ltr'><em>proxima</em></span> <span class='ocrx_word' id='word_1_121' title='bbox 975 1107 1202 1144; x_wconf 76' lang='lat' dir='ltr'><em>Macedonice</em></span> 
     </span>
     <span class='ocr_line' id='line_1_17' title="bbox 83 1169 1201 1220; baseline 0.001 -12"><span class='ocrx_word' id='word_1_122' title='bbox 83 1173 225 1220; x_wconf 86' lang='lat' dir='ltr'><em>coeperit</em></span> <span class='ocrx_word' id='word_1_123' title='bbox 243 1172 454 1220; x_wconf 86' lang='lat' dir='ltr'><em>depopulari</em></span> <span class='ocrx_word' id='word_1_124' title='bbox 465 1187 477 1215; x_wconf 84' lang='lat'><em>‚·</em></span> <span class='ocrx_word' id='word_1_125' title='bbox 496 1169 618 1219; x_wconf 86' lang='lat' dir='ltr'><em>facile</em></span> <span class='ocrx_word' id='word_1_126' title='bbox 637 1170 680 1206; x_wconf 86' lang='lat' dir='ltr'><em>ab</em></span> <span class='ocrx_word' id='word_1_127' title='bbox 699 1170 835 1206; x_wconf 74' lang='lat' dir='ltr'><em>auxilio</em></span> <span class='ocrx_word' id='word_1_128' title='bbox 844 1169 1005 1218; x_wconf 87' lang='lat' dir='ltr'><em>ferendo</em></span> <span class='ocrx_word' id='word_1_129' title='bbox 1025 1171 1201 1209; x_wconf 82' lang='lat' dir='ltr'><em>Romanis</em></span> 
     </span>
     <span class='ocr_line' id='line_1_18' title="bbox 83 1235 1203 1285; baseline 0.001 -13"><span class='ocrx_word' id='word_1_130' title='bbox 83 1236 297 1285; x_wconf 78' lang='lat' dir='ltr'><em>Philippum</em></span> <span class='ocrx_word' id='word_1_131' title='bbox 335 1238 384 1272; x_wconf 84' lang='lat' dir='ltr'><em>ad</em></span> <span class='ocrx_word' id='word_1_132' title='bbox 415 1248 481 1271; x_wconf 87' lang='lat' dir='ltr'><em>sua</em></span> <span class='ocrx_word' id='word_1_133' title='bbox 505 1236 732 1284; x_wconf 83' lang='lat' dir='ltr'><em>potissimum</em></span> <span class='ocrx_word' id='word_1_134' title='bbox 767 1235 898 1271; x_wconf 86' lang='lat' dir='ltr'><em>tuenda</em></span> <span class='ocrx_word' id='word_1_135' title='bbox 934 1240 1082 1273; x_wconf 85' lang='lat' dir='ltr'><em>avertet.</em></span> <span class='ocrx_word' id='word_1_136' title='bbox 1141 1238 1203 1273; x_wconf 88' lang='lat' dir='ltr'><em>De</em></span> 
     </span>
     <span class='ocr_line' id='line_1_19' title="bbox 86 1299 1203 1350; baseline 0.002 -13"><span class='ocrx_word' id='word_1_137' title='bbox 86 1301 260 1350; x_wconf 82' lang='lat' dir='ltr'><em>Philippo</em></span> <span class='ocrx_word' id='word_1_138' title='bbox 278 1313 393 1337; x_wconf 74' lang='lat' dir='ltr'><em>meam</em></span> <span class='ocrx_word' id='word_1_139' title='bbox 412 1301 625 1336; x_wconf 82' lang='lat' dir='ltr'><em>sententiam</em></span> <span class='ocrx_word' id='word_1_140' title='bbox 645 1299 760 1336; x_wconf 85' lang='lat' dir='ltr'><em>habes.</em></span> <span class='ocrx_word' id='word_1_141' title='bbox 809 1301 872 1336; x_wconf 90' lang='lat' dir='ltr'><em>De</em></span> <span class='ocrx_word' id='word_1_142' title='bbox 889 1302 1030 1337; x_wconf 89' lang='lat' dir='ltr'><em>ratione</em></span> <span class='ocrx_word' id='word_1_143' title='bbox 1048 1303 1203 1339; x_wconf 83' lang='lat' dir='ltr'><em>universi</em></span> 
     </span>
     <span class='ocr_line' id='line_1_20' title="bbox 85 1363 1204 1415; baseline 0.003 -14"><span class='ocrx_word' id='word_1_144' title='bbox 85 1365 168 1401; x_wconf 88' lang='lat' dir='ltr'><em>belli</em></span> <span class='ocrx_word' id='word_1_145' title='bbox 193 1367 279 1414; x_wconf 81' lang='lat' dir='ltr'><em>quid</em></span> <span class='ocrx_word' id='word_1_146' title='bbox 306 1367 486 1407; x_wconf 84' lang='lat' dir='ltr'><em>sentirem,</em></span> <span class='ocrx_word' id='word_1_147' title='bbox 507 1363 589 1411; x_wconf 88' lang='lat' dir='ltr'><em>jam</em></span> <span class='ocrx_word' id='word_1_148' title='bbox 609 1364 653 1399; x_wconf 87' lang='lat' dir='ltr'><em>ab</em></span> <span class='ocrx_word' id='word_1_149' title='bbox 671 1364 774 1399; x_wconf 84' lang='lat' dir='ltr'><em>initio</em></span> <span class='ocrx_word' id='word_1_150' title='bbox 793 1376 863 1399; x_wconf 84' lang='lat' dir='ltr'><em>non</em></span> <span class='ocrx_word' id='word_1_151' title='bbox 884 1366 1079 1412; x_wconf 81' lang='lat' dir='ltr'><em>ignorasti:</em></span> <span class='ocrx_word' id='word_1_152' title='bbox 1108 1368 1204 1415; x_wconf 86' lang='lat' dir='ltr'><em>quod</em></span> 
     </span>
     <span class='ocr_line' id='line_1_21' title="bbox 84 1430 1200 1481; baseline 0.001 -13"><span class='ocrx_word' id='word_1_153' title='bbox 84 1433 115 1468; x_wconf 87' lang='lat' dir='ltr'><em>si</em></span> <span class='ocrx_word' id='word_1_154' title='bbox 128 1437 203 1468; x_wconf 86' lang='lat' dir='ltr'><em>tum</em></span> <span class='ocrx_word' id='word_1_155' title='bbox 222 1433 366 1468; x_wconf 84' lang='lat' dir='ltr'><em>auditus</em></span> <span class='ocrx_word' id='word_1_156' title='bbox 374 1431 514 1480; x_wconf 89' lang='lat' dir='ltr'><em>forem,</em></span> <span class='ocrx_word' id='word_1_157' title='bbox 529 1443 599 1467; x_wconf 85' lang='lat' dir='ltr'><em>non</em></span> <span class='ocrx_word' id='word_1_158' title='bbox 614 1432 651 1466; x_wconf 87' lang='lat' dir='ltr'><em>in</em></span> <span class='ocrx_word' id='word_1_159' title='bbox 670 1430 804 1466; x_wconf 83' lang='lat' dir='ltr'><em>Eubaea</em></span> <span class='ocrx_word' id='word_1_160' title='bbox 822 1430 1026 1467; x_wconf 81' lang='lat' dir='ltr'><em>Chalcidem</em></span> <span class='ocrx_word' id='word_1_161' title='bbox 1041 1438 1200 1481; x_wconf 87' lang='lat' dir='ltr'><em>captam,</em></span> 
     </span>
     <span class='ocr_line' id='line_1_22' title="bbox 83 1495 1202 1547; baseline 0.003 -16"><span class='ocrx_word' id='word_1_162' title='bbox 83 1501 119 1532; x_wconf 87' lang='lat' dir='ltr'><em>et</em></span> <span class='ocrx_word' id='word_1_163' title='bbox 133 1497 318 1533; x_wconf 83' lang='lat' dir='ltr'><em>castellum</em></span> <span class='ocrx_word' id='word_1_164' title='bbox 333 1497 465 1547; x_wconf 80' lang='lat' dir='ltr'><em>Euripi</em></span> <span class='ocrx_word' id='word_1_165' title='bbox 484 1500 724 1544; x_wconf 65' lang='lat' dir='ltr'><em>expugnatum</em></span> <span class='ocrx_word' id='word_1_166' title='bbox 743 1495 914 1538; x_wconf 85' lang='lat' dir='ltr'><em>Romani,</em></span> <span class='ocrx_word' id='word_1_167' title='bbox 931 1497 992 1532; x_wconf 87' lang='lat' dir='ltr'><em>sed</em></span> <span class='ocrx_word' id='word_1_168' title='bbox 1010 1497 1202 1534; x_wconf 86' lang='lat' dir='ltr'><em>Etruriam</em></span> 
     </span>
     <span class='ocr_line' id='line_1_23' title="bbox 85 1560 1200 1610; baseline 0.002 -13"><span class='ocrx_word' id='word_1_169' title='bbox 85 1560 332 1610; x_wconf 71' lang='lat' dir='ltr'><em>Ligurumque</em></span> <span class='ocrx_word' id='word_1_170' title='bbox 348 1566 382 1597; x_wconf 86' lang='lat' dir='ltr'><em>et</em></span> <span class='ocrx_word' id='word_1_171' title='bbox 403 1561 535 1597; x_wconf 73' lang='lat' dir='ltr'><em>Gallice</em></span> <span class='ocrx_word' id='word_1_172' title='bbox 555 1560 747 1608; x_wconf 70' lang='lat' dir='ltr'><em>Cisalpina?</em></span> <span class='ocrx_word' id='word_1_173' title='bbox 762 1572 863 1596; x_wconf 86' lang='lat' dir='ltr'><em>oram</em></span> <span class='ocrx_word' id='word_1_174' title='bbox 882 1561 970 1597; x_wconf 88' lang='lat' dir='ltr'><em>bello</em></span> <span class='ocrx_word' id='word_1_175' title='bbox 990 1563 1130 1605; x_wconf 86' lang='lat' dir='ltr'><em>ardere,</em></span> <span class='ocrx_word' id='word_1_176' title='bbox 1151 1568 1200 1606; x_wconf 88' lang='lat' dir='ltr'><em>et,</em></span> 
     </span>
     <span class='ocr_line' id='line_1_24' title="bbox 87 1625 1203 1673; baseline 0.003 -12"><span class='ocrx_word' id='word_1_177' title='bbox 87 1627 148 1673; x_wconf 88' lang='lat' dir='ltr'><em>qui</em></span> <span class='ocrx_word' id='word_1_178' title='bbox 172 1628 348 1662; x_wconf 78' lang='lat' dir='ltr'><em>maximus</em></span> <span class='ocrx_word' id='word_1_179' title='bbox 372 1627 415 1661; x_wconf 85' lang='lat' dir='ltr'><em>iis</em></span> <span class='ocrx_word' id='word_1_180' title='bbox 441 1630 555 1661; x_wconf 88' lang='lat' dir='ltr'><em>terror</em></span> <span class='ocrx_word' id='word_1_181' title='bbox 574 1629 637 1668; x_wconf 88' lang='lat' dir='ltr'><em>est,</em></span> <span class='ocrx_word' id='word_1_182' title='bbox 659 1625 903 1661; x_wconf 85' lang='lat' dir='ltr'><em>Hannibalem</em></span> <span class='ocrx_word' id='word_1_183' title='bbox 930 1627 967 1662; x_wconf 87' lang='lat' dir='ltr'><em>in</em></span> <span class='ocrx_word' id='word_1_184' title='bbox 995 1627 1109 1663; x_wconf 88' lang='lat' dir='ltr'><em>Italia</em></span> <span class='ocrx_word' id='word_1_185' title='bbox 1132 1640 1203 1664; x_wconf 86' lang='lat' dir='ltr'><em>esse</em></span> 
     </span>
     <span class='ocr_line' id='line_1_25' title="bbox 84 1690 1204 1737; baseline 0.003 -12"><span class='ocrx_word' id='word_1_186' title='bbox 84 1690 265 1725; x_wconf 81' lang='lat' dir='ltr'><em>audirent.</em></span> <span class='ocrx_word' id='word_1_187' title='bbox 322 1690 428 1725; x_wconf 84' lang='lat' dir='ltr'><em>Nunc</em></span> <span class='ocrx_word' id='word_1_188' title='bbox 455 1701 593 1737; x_wconf 82' lang='lat' dir='ltr'><em>quoque</em></span> <span class='ocrx_word' id='word_1_189' title='bbox 611 1700 767 1725; x_wconf 85' lang='lat' dir='ltr'><em>arcessas</em></span> <span class='ocrx_word' id='word_1_190' title='bbox 786 1701 903 1725; x_wconf 85' lang='lat' dir='ltr'><em>censeo</em></span> <span class='ocrx_word' id='word_1_191' title='bbox 923 1702 1041 1726; x_wconf 88' lang='lat' dir='ltr'><em>omnes</em></span> <span class='ocrx_word' id='word_1_192' title='bbox 1059 1693 1204 1728; x_wconf 83' lang='lat' dir='ltr'><em>navales</em></span> 
     </span>
     <span class='ocr_line' id='line_1_26' title="bbox 89 1754 1202 1802; baseline 0.002 -12"><span class='ocrx_word' id='word_1_193' title='bbox 89 1758 338 1802; x_wconf 80' lang='lat' dir='ltr'><em>terrestresque</em></span> <span class='ocrx_word' id='word_1_194' title='bbox 357 1756 489 1802; x_wconf 76' lang='lat' dir='ltr'><em>copias.</em></span> <span class='ocrx_word' id='word_1_195' title='bbox 538 1754 745 1801; x_wconf 77' lang='lat' dir='ltr'><em>Sequuntur</em></span> <span class='ocrx_word' id='word_1_196' title='bbox 766 1754 910 1789; x_wconf 81' lang='lat' dir='ltr'><em>classem</em></span> <span class='ocrx_word' id='word_1_197' title='bbox 930 1756 1102 1791; x_wconf 70' lang='lat' dir='ltr'><em>onerariae</em></span> <span class='ocrx_word' id='word_1_198' title='bbox 1121 1768 1202 1792; x_wconf 87' lang='lat' dir='ltr'><em>cum</em></span> 
     </span>
     <span class='ocr_line' id='line_1_27' title="bbox 88 1818 1202 1867; baseline 0.002 -13"><span class='ocrx_word' id='word_1_199' title='bbox 88 1819 360 1855; x_wconf 85' lang='lat' dir='ltr'><em>commeatibus:</em></span> <span class='ocrx_word' id='word_1_200' title='bbox 390 1831 474 1854; x_wconf 83' lang='lat' dir='ltr'><em>nam</em></span> <span class='ocrx_word' id='word_1_201' title='bbox 494 1818 551 1854; x_wconf 84' lang='lat' dir='ltr'><em>hic</em></span> <span class='ocrx_word' id='word_1_202' title='bbox 569 1819 660 1853; x_wconf 88' lang='lat' dir='ltr'><em>sicut</em></span> <span class='ocrx_word' id='word_1_203' title='bbox 680 1819 729 1853; x_wconf 86' lang='lat' dir='ltr'><em>ad</em></span> <span class='ocrx_word' id='word_1_204' title='bbox 748 1818 830 1853; x_wconf 82' lang='lat' dir='ltr'><em>belli</em></span> <span class='ocrx_word' id='word_1_205' title='bbox 850 1830 998 1854; x_wconf 83' lang='lat' dir='ltr'><em>munera</em></span> <span class='ocrx_word' id='word_1_206' title='bbox 1015 1821 1124 1867; x_wconf 85' lang='lat' dir='ltr'><em>pauci</em></span> <span class='ocrx_word' id='word_1_207' title='bbox 1142 1833 1202 1856; x_wconf 89' lang='lat' dir='ltr'><em>su-</em></span> 
     </span>
     <span class='ocr_line' id='line_1_28' title="bbox 86 1883 1205 1931; baseline 0.003 -13"><span class='ocrx_word' id='word_1_208' title='bbox 86 1895 177 1926; x_wconf 83' lang='lat' dir='ltr'><em>mus,</em></span> <span class='ocrx_word' id='word_1_209' title='bbox 197 1885 247 1920; x_wconf 85' lang='lat' dir='ltr'><em>sic</em></span> <span class='ocrx_word' id='word_1_210' title='bbox 272 1885 376 1919; x_wconf 89' lang='lat' dir='ltr'><em>nimis</em></span> <span class='ocrx_word' id='word_1_211' title='bbox 394 1884 500 1918; x_wconf 82' lang='lat' dir='ltr'><em>multi</em></span> <span class='ocrx_word' id='word_1_212' title='bbox 523 1894 591 1931; x_wconf 88' lang='lat' dir='ltr'><em>pro</em></span> <span class='ocrx_word' id='word_1_213' title='bbox 613 1883 732 1930; x_wconf 84' lang='lat' dir='ltr'><em>inopia</em></span> <span class='ocrx_word' id='word_1_214' title='bbox 754 1888 1025 1919; x_wconf 79' lang='lat' dir='ltr'><em>commeatuum.</em></span> <span class='ocrx_word' id='word_1_215' title='bbox 1085 1884 1205 1925; x_wconf 87' lang='lat' dir='ltr'><em>Quum</em></span> 
     </span>
     <span class='ocr_line' id='line_1_29' title="bbox 88 1947 1204 1996; baseline 0 -12"><span class='ocrx_word' id='word_1_216' title='bbox 88 1960 207 1984; x_wconf 84' lang='lat' dir='ltr'><em>omnes</em></span> <span class='ocrx_word' id='word_1_217' title='bbox 237 1953 315 1983; x_wconf 87' lang='lat' dir='ltr'><em>tuas</em></span> <span class='ocrx_word' id='word_1_218' title='bbox 344 1948 561 1984; x_wconf 79' lang='lat' dir='ltr'><em>contraxeris</em></span> <span class='ocrx_word' id='word_1_219' title='bbox 589 1947 693 1989; x_wconf 73' lang='lat' dir='ltr'><em>vires,</em></span> <span class='ocrx_word' id='word_1_220' title='bbox 716 1947 864 1982; x_wconf 76' lang='lat' dir='ltr'><em>divisam</em></span> <span class='ocrx_word' id='word_1_221' title='bbox 894 1947 1041 1983; x_wconf 86' lang='lat' dir='ltr'><em>classem</em></span> <span class='ocrx_word' id='word_1_222' title='bbox 1067 1951 1204 1996; x_wconf 81' lang='lat' dir='ltr'><em>partim</em></span> 
     </span>
     <span class='ocr_line' id='line_1_30' title="bbox 88 2010 1205 2060; baseline 0 -12"><span class='ocrx_word' id='word_1_223' title='bbox 88 2011 252 2060; x_wconf 83' lang='lat' dir='ltr'><em>Corcyrae</em></span> <span class='ocrx_word' id='word_1_224' title='bbox 272 2013 307 2048; x_wconf 83' lang='lat' dir='ltr'><em>in</em></span> <span class='ocrx_word' id='word_1_225' title='bbox 325 2013 478 2047; x_wconf 84' lang='lat' dir='ltr'><em>statione</em></span> <span class='ocrx_word' id='word_1_226' title='bbox 498 2011 649 2053; x_wconf 75' lang='lat' dir='ltr'><em>habebis,</em></span> <span class='ocrx_word' id='word_1_227' title='bbox 672 2022 713 2045; x_wconf 90' lang='lat' dir='ltr'><em>ne</em></span> <span class='ocrx_word' id='word_1_228' title='bbox 733 2011 903 2045; x_wconf 80' lang='lat' dir='ltr'><em>transitus</em></span> <span class='ocrx_word' id='word_1_229' title='bbox 923 2010 1097 2047; x_wconf 85' lang='lat' dir='ltr'><em>Romanis</em></span> <span class='ocrx_word' id='word_1_230' title='bbox 1117 2012 1205 2048; x_wconf 84' lang='lat' dir='ltr'><em>liber</em></span> 
     </span>
     <span class='ocr_line' id='line_1_31' title="bbox 87 2074 1203 2124; baseline 0.001 -12"><span class='ocrx_word' id='word_1_231' title='bbox 87 2089 131 2113; x_wconf 87' lang='lat' dir='ltr'><em>ac</em></span> <span class='ocrx_word' id='word_1_232' title='bbox 151 2081 248 2112; x_wconf 81' lang='lat' dir='ltr'><em>tutus</em></span> <span class='ocrx_word' id='word_1_233' title='bbox 262 2082 409 2124; x_wconf 82' lang='lat' dir='ltr'><em>pateat:</em></span> <span class='ocrx_word' id='word_1_234' title='bbox 436 2078 573 2124; x_wconf 85' lang='lat' dir='ltr'><em>partim</em></span> <span class='ocrx_word' id='word_1_235' title='bbox 604 2076 652 2110; x_wconf 84' lang='lat' dir='ltr'><em>ad</em></span> <span class='ocrx_word' id='word_1_236' title='bbox 682 2075 766 2110; x_wconf 78' lang='lat' dir='ltr'><em>litus</em></span> <span class='ocrx_word' id='word_1_237' title='bbox 796 2074 929 2117; x_wconf 81' lang='lat' dir='ltr'><em>Italioe,</em></span> <span class='ocrx_word' id='word_1_238' title='bbox 951 2077 1046 2123; x_wconf 83' lang='lat' dir='ltr'><em>quod</em></span> <span class='ocrx_word' id='word_1_239' title='bbox 1074 2076 1203 2113; x_wconf 85' lang='lat' dir='ltr'><em>Sardi-</em></span> 
     </span>
     <span class='ocr_line' id='line_1_32' title="bbox 83 2137 1204 2189; baseline 0.001 -12"><span class='ocrx_word' id='word_1_240' title='bbox 83 2142 183 2177; x_wconf 79' lang='lat' dir='ltr'><em>niam</em></span> <span class='ocrx_word' id='word_1_241' title='bbox 202 2140 441 2189; x_wconf 72' lang='lat' dir='ltr'><em>Africamque</em></span> <span class='ocrx_word' id='word_1_242' title='bbox 458 2145 608 2188; x_wconf 81' lang='lat' dir='ltr'><em>spectat,</em></span> <span class='ocrx_word' id='word_1_243' title='bbox 632 2137 787 2184; x_wconf 80' lang='lat' dir='ltr'><em>trajicies</em></span> <span class='ocrx_word' id='word_1_244' title='bbox 797 2154 808 2173; x_wconf 92' lang='lat'><em>.·</em></span> <span class='ocrx_word' id='word_1_245' title='bbox 844 2139 919 2186; x_wconf 88' lang='lat' dir='ltr'><em>ipse</em></span> <span class='ocrx_word' id='word_1_246' title='bbox 944 2151 1023 2175; x_wconf 87' lang='lat' dir='ltr'><em>cum</em></span> <span class='ocrx_word' id='word_1_247' title='bbox 1043 2142 1204 2179; x_wconf 83' lang='lat' dir='ltr'><em>omnibus</em></span> 
     </span>
     <span class='ocr_line' id='line_1_33' title="bbox 87 2205 1202 2254; baseline 0 -12"><span class='ocrx_word' id='word_1_248' title='bbox 87 2206 307 2242; x_wconf 86' lang='lat' dir='ltr'><em>terrestribus</em></span> <span class='ocrx_word' id='word_1_249' title='bbox 326 2207 434 2254; x_wconf 85' lang='lat' dir='ltr'><em>copiis</em></span> <span class='ocrx_word' id='word_1_250' title='bbox 454 2206 489 2240; x_wconf 83' lang='lat' dir='ltr'><em>in.</em></span> <span class='ocrx_word' id='word_1_251' title='bbox 510 2205 696 2251; x_wconf 65' lang='lat' dir='ltr'><em>Bullinum</em></span> <span class='ocrx_word' id='word_1_252' title='bbox 722 2214 849 2249; x_wconf 85' lang='lat' dir='ltr'><em>agrum</em></span> <span class='ocrx_word' id='word_1_253' title='bbox 873 2205 1053 2250; x_wconf 77' lang='lat' dir='ltr'><em>procedes,</em></span> <span class='ocrx_word' id='word_1_254' title='bbox 1111 2206 1202 2243; x_wconf 89' lang='lat' dir='ltr'><em>Inde</em></span> 
     </span>
     <span class='ocr_line' id='line_1_34' title="bbox 93 2267 1203 2318; baseline 0.003 -12"><span class='ocrx_word' id='word_1_255' title='bbox 93 2271 238 2306; x_wconf 79' lang='lat' dir='ltr'><em>Graeciae</em></span> <span class='ocrx_word' id='word_1_256' title='bbox 261 2270 477 2318; x_wconf 73' lang='lat' dir='ltr'><em>prcesidebis,</em></span> <span class='ocrx_word' id='word_1_257' title='bbox 499 2274 533 2304; x_wconf 85' lang='lat' dir='ltr'><em>et</em></span> <span class='ocrx_word' id='word_1_258' title='bbox 557 2270 705 2316; x_wconf 87' lang='lat' dir='ltr'><em>speciem</em></span> <span class='ocrx_word' id='word_1_259' title='bbox 728 2267 901 2303; x_wconf 84' lang='lat' dir='ltr'><em>Romanis</em></span> <span class='ocrx_word' id='word_1_260' title='bbox 920 2267 1153 2314; x_wconf 75' lang='lat' dir='ltr'><em>trajectarum</em></span> <span class='ocrx_word' id='word_1_261' title='bbox 1169 2277 1203 2309; x_wconf 86' lang='lat' dir='ltr'><em>te</em></span> 
     </span>
     <span class='ocr_line' id='line_1_35' title="bbox 84 2330 1201 2384; baseline 0.001 -12"><span class='ocrx_word' id='word_1_262' title='bbox 84 2334 254 2384; x_wconf 82' lang='lat' dir='ltr'><em>praebens,</em></span> <span class='ocrx_word' id='word_1_263' title='bbox 275 2340 323 2379; x_wconf 89' lang='lat' dir='ltr'><em>et,</em></span> <span class='ocrx_word' id='word_1_264' title='bbox 339 2336 368 2371; x_wconf 90' lang='lat' dir='ltr'><em>si</em></span> <span class='ocrx_word' id='word_1_265' title='bbox 386 2346 440 2371; x_wconf 83' lang='lat' dir='ltr'><em>res</em></span> <span class='ocrx_word' id='word_1_266' title='bbox 451 2335 666 2383; x_wconf 83' lang='lat' dir='ltr'><em>poposcerit,</em></span> <span class='ocrx_word' id='word_1_267' title='bbox 686 2330 912 2379; x_wconf 64' lang='lat' dir='ltr'><em>trajecimus.</em></span> <span class='ocrx_word' id='word_1_268' title='bbox 951 2334 1042 2371; x_wconf 85' lang='lat' dir='ltr'><em>Haec</em></span> <span class='ocrx_word' id='word_1_269' title='bbox 1053 2337 1201 2382; x_wconf 82' lang='lat' dir='ltr'><em>suadeo,</em></span> 
     </span>
    </p>
   </div>
   <div class='ocr_carea' id='block_1_4' title="bbox 1213 267 1396 345">
    <p class='ocr_par' dir='ltr' id='par_1_4' title="bbox 1213 267 1396 345">
     <span class='ocr_line' id='line_1_36' title="bbox 1213 267 1396 301; baseline 0.022 -4"><span class='ocrx_word' id='word_1_270' title='bbox 1213 267 1255 298; x_wconf 91' lang='lat' dir='ltr'><em>U.</em></span> <span class='ocrx_word' id='word_1_271' title='bbox 1267 267 1302 298; x_wconf 87' lang='lat' dir='ltr'><em>C.</em></span> <span class='ocrx_word' id='word_1_272' title='bbox 1322 273 1396 301; x_wconf 84' lang='lat'>561.</span> 
     </span>
     <span class='ocr_line' id='line_1_37' title="bbox 1213 312 1395 345; baseline -0.005 -2"><span class='ocrx_word' id='word_1_273' title='bbox 1213 314 1252 344; x_wconf 85' lang='lat' dir='ltr'><em>A.</em></span> <span class='ocrx_word' id='word_1_274' title='bbox 1267 312 1303 342; x_wconf 91' lang='lat' dir='ltr'><em>C.</em></span> <span class='ocrx_word' id='word_1_275' title='bbox 1324 319 1395 345; x_wconf 83' lang='lat'>191.</span> 
     </span>
    </p>
   </div>
  </div>
 </body>
</html>
