<?xml version="1.0" encoding="UTF-8"?>
<!DOCTYPE html PUBLIC "-//W3C//DTD XHTML 1.0 Transitional//EN"
    "http://www.w3.org/TR/xhtml1/DTD/xhtml1-transitional.dtd">
<html xmlns="http://www.w3.org/1999/xhtml" xml:lang="en" lang="en">
 <head>
  <title>
</title>
<meta http-equiv="Content-Type" content="text/html;charset=utf-8" />
  <meta name='ocr-system' content='tesseract 3.04.00' />
  <meta name='ocr-capabilities' content='ocr_page ocr_carea ocr_par ocr_line ocrx_word'/>
</head>
<body>
  <div class='ocr_page' id='page_1' title='image "./historiarumquaes03livyuoft_0405.png"; bbox 0 0 1507 2656; ppageno 0'>
   <div class='ocr_carea' id='block_1_1' title="bbox 380 141 1244 186">
    <p class='ocr_par' dir='ltr' id='par_1_1' title="bbox 380 141 1244 186">
     <span class='ocr_line' id='line_1_1' title="bbox 380 141 1244 186; baseline -0.008 -12"><span class='ocrx_word' id='word_1_1' title='bbox 380 145 532 174; x_wconf 82' lang='lat' dir='ltr'>LIBER</span> <span class='ocrx_word' id='word_1_2' title='bbox 555 141 747 172; x_wconf 82' lang='lat' dir='ltr'>XXXIII.</span> <span class='ocrx_word' id='word_1_3' title='bbox 781 142 887 170; x_wconf 78' lang='lat' dir='ltr'><strong>CAP.</strong></span> <span class='ocrx_word' id='word_1_4' title='bbox 911 142 994 171; x_wconf 82' lang='lat' dir='ltr'><strong>XV.</strong></span> <span class='ocrx_word' id='word_1_5' title='bbox 1161 142 1244 186; x_wconf 76' lang='lat'><strong>395</strong></span> 
     </span>
    </p>
   </div>
   <div class='ocr_carea' id='block_1_2' title="bbox 63 228 1441 2285">
    <p class='ocr_par' dir='ltr' id='par_1_2' title="bbox 121 228 1441 605">
     <span class='ocr_line' id='line_1_2' title="bbox 128 228 1441 282; baseline -0.005 -13"><span class='ocrx_word' id='word_1_6' title='bbox 128 233 242 282; x_wconf 83' lang='lat' dir='ltr'><strong>lique,</strong></span> <span class='ocrx_word' id='word_1_7' title='bbox 264 239 301 269; x_wconf 86' lang='lat' dir='ltr'><strong>et</strong></span> <span class='ocrx_word' id='word_1_8' title='bbox 320 233 538 269; x_wconf 80' lang='lat' dir='ltr'>Acarnanes</span> <span class='ocrx_word' id='word_1_9' title='bbox 559 228 674 271; x_wconf 87' lang='lat' dir='ltr'><strong>mille,</strong></span> <span class='ocrx_word' id='word_1_10' title='bbox 692 228 830 264; x_wconf 85' lang='lat' dir='ltr'><strong>scutati</strong></span> <span class='ocrx_word' id='word_1_11' title='bbox 850 240 997 274; x_wconf 85' lang='lat' dir='ltr'><strong>omnes,</strong></span> <span class='ocrx_word' id='word_1_12' title='bbox 1018 233 1056 264; x_wconf 86' lang='lat' dir='ltr'><strong>et</strong></span> <span class='ocrx_word' id='word_1_13' title='bbox 1075 241 1121 265; x_wconf 84' lang='lat' dir='ltr'><strong>ex</strong></span> <span class='ocrx_word' id='word_1_14' title='bbox 1140 229 1243 279; x_wconf 86' lang='lat' dir='ltr'><strong>ipso·</strong></span> <span class='ocrx_word' id='word_1_15' title='bbox 1256 239 1298 271; x_wconf 76' lang='lat' dir='ltr'><strong>U,</strong></span> <span class='ocrx_word' id='word_1_16' title='bbox 1311 239 1348 271; x_wconf 80' lang='lat' dir='ltr'><strong>c,</strong></span> <span class='ocrx_word' id='word_1_17' title='bbox 1366 247 1441 272; x_wconf 73' lang='lat'>555.</span> 
     </span>
     <span class='ocr_line' id='line_1_3' title="bbox 127 283 1436 345; baseline -0.002 -11"><span class='ocrx_word' id='word_1_18' title='bbox 127 311 209 335; x_wconf 87' lang='lat' dir='ltr'><strong>rum</strong></span> <span class='ocrx_word' id='word_1_19' title='bbox 239 297 526 335; x_wconf 81' lang='lat' dir='ltr'><strong>Corinthiorum</strong></span> <span class='ocrx_word' id='word_1_20' title='bbox 549 294 769 345; x_wconf 84' lang='lat' dir='ltr'><strong>juventute,</strong></span> <span class='ocrx_word' id='word_1_21' title='bbox 791 292 933 343; x_wconf 87' lang='lat' dir='ltr'><strong>inpleta</strong></span> <span class='ocrx_word' id='word_1_22' title='bbox 964 299 1005 329; x_wconf 87' lang='lat' dir='ltr'><strong>ut</strong></span> <span class='ocrx_word' id='word_1_23' title='bbox 1031 300 1155 330; x_wconf 80' lang='lat' dir='ltr'><strong>essent</strong></span> <span class='ocrx_word' id='word_1_24' title='bbox 1178 307 1244 331; x_wconf 84' lang='lat' dir='ltr'><strong>sex</strong></span> <span class='ocrx_word' id='word_1_25' title='bbox 1255 285 1294 314; x_wconf 79' lang='grc' dir='ltr'><strong>Α·</strong></span> <span class='ocrx_word' id='word_1_26' title='bbox 1309 283 1344 316; x_wconf 80' lang='lat' dir='ltr'><strong>C·</strong></span> <span class='ocrx_word' id='word_1_27' title='bbox 1365 290 1436 319; x_wconf 71' lang='lat'><strong>¹97*</strong></span> 
     </span>
     <span class='ocr_line' id='line_1_4' title="bbox 126 357 1245 402; baseline -0.004 -3"><span class='ocrx_word' id='word_1_28' title='bbox 126 362 243 399; x_wconf 87' lang='lat' dir='ltr'><strong>millia</strong></span> <span class='ocrx_word' id='word_1_29' title='bbox 281 368 526 402; x_wconf 81' lang='lat' dir='ltr'><strong>armatorum,</strong></span> <span class='ocrx_word' id='word_1_30' title='bbox 562 359 736 395; x_wconf 81' lang='lat' dir='ltr'><strong>fiduciam</strong></span> <span class='ocrx_word' id='word_1_31' title='bbox 774 357 1033 394; x_wconf 71' lang='lat' dir='ltr'>Androstheni</span> <span class='ocrx_word' id='word_1_32' title='bbox 1072 358 1245 395; x_wconf 83' lang='lat' dir='ltr'><strong>fecerunt</strong></span> 
     </span>
     <span class='ocr_line' id='line_1_5' title="bbox 125 422 1243 473; baseline -0.004 -9"><span class='ocrx_word' id='word_1_33' title='bbox 125 428 204 464; x_wconf 87' lang='lat' dir='ltr'><strong>acie</strong></span> <span class='ocrx_word' id='word_1_34' title='bbox 223 426 457 463; x_wconf 90' lang='lat' dir='ltr'><strong>decernendi.</strong></span> <span class='ocrx_word' id='word_1_35' title='bbox 509 423 753 460; x_wconf 82' lang='lat' dir='ltr'>Nicostratus</span> <span class='ocrx_word' id='word_1_36' title='bbox 774 429 915 473; x_wconf 80' lang='lat' dir='ltr'><strong>praetor</strong></span> <span class='ocrx_word' id='word_1_37' title='bbox 934 422 1163 459; x_wconf 75' lang='lat' dir='ltr'>Achaeorum</span> <span class='ocrx_word' id='word_1_38' title='bbox 1184 424 1243 459; x_wconf 85' lang='lat' dir='ltr'><strong>Si-</strong></span> 
     </span>
     <span class='ocr_line' id='line_1_6' title="bbox 124 487 1244 540; baseline -0.004 -12"><span class='ocrx_word' id='word_1_39' title='bbox 124 504 243 540; x_wconf 83' lang='lat' dir='ltr'><strong>cyone</strong></span> <span class='ocrx_word' id='word_1_40' title='bbox 276 497 355 527; x_wconf 87' lang='lat' dir='ltr'><strong>erat</strong></span> <span class='ocrx_word' id='word_1_41' title='bbox 385 503 470 526; x_wconf 87' lang='lat' dir='ltr'><strong>cum</strong></span> <span class='ocrx_word' id='word_1_42' title='bbox 500 489 647 525; x_wconf 90' lang='lat' dir='ltr'><strong>duobus</strong></span> <span class='ocrx_word' id='word_1_43' title='bbox 678 487 844 523; x_wconf 83' lang='lat' dir='ltr'><strong>millibus</strong></span> <span class='ocrx_word' id='word_1_44' title='bbox 878 487 1062 538; x_wconf 86' lang='lat' dir='ltr'><strong>peditum,</strong></span> <span class='ocrx_word' id='word_1_45' title='bbox 1089 493 1244 524; x_wconf 87' lang='lat' dir='ltr'><strong>centum</strong></span> 
     </span>
     <span class='ocr_line' id='line_1_7' title="bbox 121 552 1241 605; baseline -0.004 -13"><span class='ocrx_word' id='word_1_46' title='bbox 121 556 309 605; x_wconf 88' lang='lat' dir='ltr'><strong>equitibus</strong></span> <span class='ocrx_word' id='word_1_47' title='bbox 327 571 334 592; x_wconf 73' lang='grc' dir='ltr'>ε</span> <span class='ocrx_word' id='word_1_48' title='bbox 369 555 447 597; x_wconf 87' lang='lat' dir='ltr'><strong>sed,</strong></span> <span class='ocrx_word' id='word_1_49' title='bbox 470 555 640 603; x_wconf 82' lang='lat' dir='ltr'><strong>inparem</strong></span> <span class='ocrx_word' id='word_1_50' title='bbox 662 566 700 589; x_wconf 91' lang='lat' dir='ltr'><strong>se</strong></span> <span class='ocrx_word' id='word_1_51' title='bbox 721 559 758 588; x_wconf 93' lang='lat' dir='ltr'><strong>et</strong></span> <span class='ocrx_word' id='word_1_52' title='bbox 778 565 936 589; x_wconf 89' lang='lat' dir='ltr'><strong>numero</strong></span> <span class='ocrx_word' id='word_1_53' title='bbox 956 559 993 588; x_wconf 91' lang='lat' dir='ltr'><strong>et</strong></span> <span class='ocrx_word' id='word_1_54' title='bbox 1013 565 1150 601; x_wconf 85' lang='lat' dir='ltr'><strong>genere</strong></span> <span class='ocrx_word' id='word_1_55' title='bbox 1171 552 1241 588; x_wconf 86' lang='lat' dir='ltr'><strong>mi-</strong></span> 
     </span>
    </p>

    <p class='ocr_par' dir='ltr' id='par_1_3' title="bbox 63 616 1242 1767">
     <span class='ocr_line' id='line_1_8' title="bbox 63 616 1241 665; baseline -0.003 -9"><span class='ocrx_word' id='word_1_56' title='bbox 63 660 66 664; x_wconf 23' lang='lat'><em>*</em></span> <span class='ocrx_word' id='word_1_57' title='bbox 121 619 230 656; x_wconf 85' lang='lat' dir='ltr'><strong>litum</strong></span> <span class='ocrx_word' id='word_1_58' title='bbox 251 632 422 662; x_wconf 90' lang='lat' dir='ltr'><strong>cernens,</strong></span> <span class='ocrx_word' id='word_1_59' title='bbox 445 617 633 654; x_wconf 78' lang='lat' dir='ltr'><strong>moenibus</strong></span> <span class='ocrx_word' id='word_1_60' title='bbox 655 628 731 653; x_wconf 90' lang='lat' dir='ltr'><strong>non</strong></span> <span class='ocrx_word' id='word_1_61' title='bbox 754 616 970 653; x_wconf 82' lang='lat' dir='ltr'><strong>excedebat.</strong></span> <span class='ocrx_word' id='word_1_62' title='bbox 1022 616 1155 665; x_wconf 80' lang='lat' dir='ltr'><strong>Regiae</strong></span> <span class='ocrx_word' id='word_1_63' title='bbox 1176 629 1241 653; x_wconf 90' lang='lat' dir='ltr'><strong>co-</strong></span> 
     </span>
     <span class='ocr_line' id='line_1_9' title="bbox 117 680 1242 733; baseline -0.003 -15"><span class='ocrx_word' id='word_1_64' title='bbox 117 683 190 733; x_wconf 83' lang='lat' dir='ltr'><strong>piae</strong></span> <span class='ocrx_word' id='word_1_65' title='bbox 209 684 377 733; x_wconf 86' lang='lat' dir='ltr'><strong>peditum</strong></span> <span class='ocrx_word' id='word_1_66' title='bbox 398 683 642 732; x_wconf 81' lang='lat' dir='ltr'><strong>equitumque</strong></span> <span class='ocrx_word' id='word_1_67' title='bbox 662 694 765 730; x_wconf 79' lang='lat' dir='ltr'><strong>vagae</strong></span> <span class='ocrx_word' id='word_1_68' title='bbox 786 680 1061 723; x_wconf 79' lang='lat' dir='ltr'><strong>Pellenensem,</strong></span> <span class='ocrx_word' id='word_1_69' title='bbox 1079 687 1116 716; x_wconf 87' lang='lat' dir='ltr'><strong>et</strong></span> <span class='ocrx_word' id='word_1_70' title='bbox 1137 680 1242 716; x_wconf 89' lang='lat' dir='ltr'><strong>Phli-</strong></span> 
     </span>
     <span class='ocr_line' id='line_1_10' title="bbox 120 746 1242 796; baseline -0.001 -12"><span class='ocrx_word' id='word_1_71' title='bbox 120 748 254 790; x_wconf 88' lang='lat' dir='ltr'><strong>asium,</strong></span> <span class='ocrx_word' id='word_1_72' title='bbox 276 754 313 784; x_wconf 89' lang='lat' dir='ltr'><strong>et</strong></span> <span class='ocrx_word' id='word_1_73' title='bbox 334 747 553 784; x_wconf 81' lang='lat' dir='ltr'><strong>Cleonaeum</strong></span> <span class='ocrx_word' id='word_1_74' title='bbox 574 760 720 796; x_wconf 86' lang='lat' dir='ltr'><strong>agrum,</strong></span> <span class='ocrx_word' id='word_1_75' title='bbox 742 746 1088 796; x_wconf 77' lang='lat' dir='ltr'><strong>depopulabantur.</strong></span> <span class='ocrx_word' id='word_1_76' title='bbox 1128 746 1242 783; x_wconf 86' lang='lat' dir='ltr'><strong>Post-</strong></span> 
     </span>
     <span class='ocr_line' id='line_1_11' title="bbox 118 811 1241 862; baseline -0.002 -13"><span class='ocrx_word' id='word_1_77' title='bbox 118 825 238 855; x_wconf 84' lang='lat' dir='ltr'><strong>remo,</strong></span> <span class='ocrx_word' id='word_1_78' title='bbox 261 813 533 862; x_wconf 74' lang='lat' dir='ltr'><strong>exprobrantes</strong></span> <span class='ocrx_word' id='word_1_79' title='bbox 559 818 701 848; x_wconf 85' lang='lat' dir='ltr'><strong>metum</strong></span> <span class='ocrx_word' id='word_1_80' title='bbox 730 812 847 854; x_wconf 86' lang='lat' dir='ltr'><strong>hosti,</strong></span> <span class='ocrx_word' id='word_1_81' title='bbox 868 812 906 847; x_wconf 90' lang='lat' dir='ltr'><strong>in</strong></span> <span class='ocrx_word' id='word_1_82' title='bbox 928 811 1017 848; x_wconf 88' lang='lat' dir='ltr'><strong>fines</strong></span> <span class='ocrx_word' id='word_1_83' title='bbox 1040 812 1241 860; x_wconf 81' lang='lat' dir='ltr'><strong>Sicyonio-</strong></span> 
     </span>
     <span class='ocr_line' id='line_1_12' title="bbox 119 876 1241 913; baseline 0 -1"><span class='ocrx_word' id='word_1_84' title='bbox 119 889 200 912; x_wconf 87' lang='lat' dir='ltr'><strong>rum</strong></span> <span class='ocrx_word' id='word_1_85' title='bbox 244 877 566 913; x_wconf 83' lang='lat' dir='ltr'><strong>transcendebant</strong></span> <span class='ocrx_word' id='word_1_86' title='bbox 586 891 592 911; x_wconf 91' lang='lat'>:</span> <span class='ocrx_word' id='word_1_87' title='bbox 643 876 802 912; x_wconf 84' lang='lat' dir='ltr'><strong>navibus</strong></span> <span class='ocrx_word' id='word_1_88' title='bbox 841 876 955 912; x_wconf 84' lang='lat' dir='ltr'><strong>etiam</strong></span> <span class='ocrx_word' id='word_1_89' title='bbox 998 876 1241 912; x_wconf 83' lang='lat' dir='ltr'><strong>circumvecti</strong></span> 
     </span>
     <span class='ocr_line' id='line_1_13' title="bbox 119 942 1239 981; baseline 0.001 -4"><span class='ocrx_word' id='word_1_90' title='bbox 119 955 270 978; x_wconf 87' lang='lat' dir='ltr'><strong>omnem</strong></span> <span class='ocrx_word' id='word_1_91' title='bbox 292 955 397 978; x_wconf 89' lang='lat' dir='ltr'><strong>oram</strong></span> <span class='ocrx_word' id='word_1_92' title='bbox 418 943 573 978; x_wconf 77' lang='lat' dir='ltr'><strong>Achaiae</strong></span> <span class='ocrx_word' id='word_1_93' title='bbox 595 942 810 978; x_wconf 81' lang='lat' dir='ltr'><strong>vastabant.</strong></span> <span class='ocrx_word' id='word_1_94' title='bbox 867 943 995 981; x_wconf 82' lang='lat' dir='ltr'><strong>Quum</strong></span> <span class='ocrx_word' id='word_1_95' title='bbox 1020 942 1055 978; x_wconf 88' lang='lat' dir='ltr'><strong>id</strong></span> <span class='ocrx_word' id='word_1_96' title='bbox 1085 942 1239 979; x_wconf 71' lang='lat' dir='ltr'><strong>effusius</strong></span> 
     </span>
     <span class='ocr_line' id='line_1_14' title="bbox 117 1006 1240 1055; baseline 0.002 -14"><span class='ocrx_word' id='word_1_97' title='bbox 117 1007 261 1049; x_wconf 84' lang='lat' dir='ltr'><strong>hostes,</strong></span> <span class='ocrx_word' id='word_1_98' title='bbox 279 1012 330 1049; x_wconf 92' lang='lat' dir='ltr'><strong>et,</strong></span> <span class='ocrx_word' id='word_1_99' title='bbox 347 1012 388 1041; x_wconf 88' lang='lat' dir='ltr'><strong>nt</strong></span> <span class='ocrx_word' id='word_1_100' title='bbox 410 1007 450 1042; x_wconf 86' lang='lat' dir='ltr'><strong>fit</strong></span> <span class='ocrx_word' id='word_1_101' title='bbox 470 1007 516 1041; x_wconf 89' lang='lat' dir='ltr'><strong>ab</strong></span> <span class='ocrx_word' id='word_1_102' title='bbox 539 1007 655 1042; x_wconf 85' lang='lat' dir='ltr'><strong>nimia</strong></span> <span class='ocrx_word' id='word_1_103' title='bbox 676 1006 828 1049; x_wconf 83' lang='lat' dir='ltr'><strong>fiducia,</strong></span> <span class='ocrx_word' id='word_1_104' title='bbox 850 1006 1104 1055; x_wconf 82' lang='lat' dir='ltr'><strong>negligentius</strong></span> <span class='ocrx_word' id='word_1_105' title='bbox 1125 1008 1240 1044; x_wconf 87' lang='lat' dir='ltr'><strong>etiam</strong></span> 
     </span>
     <span class='ocr_line' id='line_1_15' title="bbox 116 1069 1236 1120; baseline 0.001 -14"><span class='ocrx_word' id='word_1_106' title='bbox 116 1070 298 1112; x_wconf 83' lang='lat' dir='ltr'><strong>facerent,</strong></span> <span class='ocrx_word' id='word_1_107' title='bbox 320 1069 578 1111; x_wconf 83' lang='lat' dir='ltr'><strong>Nicostratus,</strong></span> <span class='ocrx_word' id='word_1_108' title='bbox 601 1082 705 1119; x_wconf 92' lang='lat' dir='ltr'><strong>spem</strong></span> <span class='ocrx_word' id='word_1_109' title='bbox 726 1076 858 1105; x_wconf 87' lang='lat' dir='ltr'><strong>nactus</strong></span> <span class='ocrx_word' id='word_1_110' title='bbox 878 1071 1150 1120; x_wconf 81' lang='lat' dir='ltr'><strong>necopinantes</strong></span> <span class='ocrx_word' id='word_1_111' title='bbox 1172 1083 1236 1107; x_wconf 90' lang='lat' dir='ltr'><strong>eos</strong></span> 
     </span>
     <span class='ocr_line' id='line_1_16' title="bbox 117 1132 1237 1182; baseline 0.001 -12"><span class='ocrx_word' id='word_1_112' title='bbox 117 1134 374 1182; x_wconf 83' lang='lat' dir='ltr'><strong>adgrediendi,</strong></span> <span class='ocrx_word' id='word_1_113' title='bbox 397 1134 495 1169; x_wconf 88' lang='lat' dir='ltr'><strong>circa</strong></span> <span class='ocrx_word' id='word_1_114' title='bbox 516 1132 694 1169; x_wconf 86' lang='lat' dir='ltr'><strong>finitimas</strong></span> <span class='ocrx_word' id='word_1_115' title='bbox 716 1134 886 1169; x_wconf 85' lang='lat' dir='ltr'><strong>civitates</strong></span> <span class='ocrx_word' id='word_1_116' title='bbox 907 1134 1088 1170; x_wconf 89' lang='lat' dir='ltr'><strong>nuncium</strong></span> <span class='ocrx_word' id='word_1_117' title='bbox 1108 1134 1237 1171; x_wconf 89' lang='lat' dir='ltr'><strong>occul-</strong></span> 
     </span>
     <span class='ocr_line' id='line_1_17' title="bbox 115 1198 1236 1247; baseline 0.002 -13"><span class='ocrx_word' id='word_1_118' title='bbox 115 1204 198 1235; x_wconf 85' lang='lat' dir='ltr'><strong>tum</strong></span> <span class='ocrx_word' id='word_1_119' title='bbox 219 1199 350 1241; x_wconf 84' lang='lat' dir='ltr'><strong>mittit,</strong></span> <span class='ocrx_word' id='word_1_120' title='bbox 372 1211 447 1247; x_wconf 89' lang='lat' dir='ltr'><strong>quo</strong></span> <span class='ocrx_word' id='word_1_121' title='bbox 467 1198 539 1241; x_wconf 87' lang='lat' dir='ltr'><strong>die,</strong></span> <span class='ocrx_word' id='word_1_122' title='bbox 561 1204 598 1233; x_wconf 92' lang='lat' dir='ltr'><strong>et</strong></span> <span class='ocrx_word' id='word_1_123' title='bbox 619 1204 726 1246; x_wconf 87' lang='lat' dir='ltr'><strong>quot,</strong></span> <span class='ocrx_word' id='word_1_124' title='bbox 748 1211 793 1234; x_wconf 86' lang='lat' dir='ltr'><strong>ex</strong></span> <span class='ocrx_word' id='word_1_125' title='bbox 820 1211 967 1247; x_wconf 87' lang='lat' dir='ltr'><strong>quaque</strong></span> <span class='ocrx_word' id='word_1_126' title='bbox 994 1199 1147 1235; x_wconf 74' lang='lat' dir='ltr'><strong>civitate</strong></span> <span class='ocrx_word' id='word_1_127' title='bbox 1175 1212 1236 1236; x_wconf 89' lang='lat' dir='ltr'><strong>ar·-</strong></span> 
     </span>
     <span class='ocr_line' id='line_1_18' title="bbox 118 1262 1233 1313; baseline 0.002 -15"><span class='ocrx_word' id='word_1_128' title='bbox 118 1265 208 1299; x_wconf 84' lang='lat' dir='ltr'><strong>mati</strong></span> <span class='ocrx_word' id='word_1_129' title='bbox 230 1264 275 1299; x_wconf 87' lang='lat' dir='ltr'><strong>ad</strong></span> <span class='ocrx_word' id='word_1_130' title='bbox 294 1263 525 1313; x_wconf 85' lang='lat' dir='ltr'><strong>Apelaurum</strong></span> <span class='ocrx_word' id='word_1_131' title='bbox 550 1262 813 1312; x_wconf 65' lang='lat' dir='ltr'><strong>(Stymphaliae</strong></span> <span class='ocrx_word' id='word_1_132' title='bbox 834 1269 943 1298; x_wconf 86' lang='lat' dir='ltr'><strong>terrae</strong></span> <span class='ocrx_word' id='word_1_133' title='bbox 966 1263 995 1299; x_wconf 91' lang='lat' dir='ltr'><strong>is</strong></span> <span class='ocrx_word' id='word_1_134' title='bbox 1022 1263 1127 1300; x_wconf 88' lang='lat' dir='ltr'><strong>locus</strong></span> <span class='ocrx_word' id='word_1_135' title='bbox 1158 1264 1233 1312; x_wconf 90' lang='lat' dir='ltr'><strong>est)</strong></span> 
     </span>
     <span class='ocr_line' id='line_1_19' title="bbox 116 1327 1232 1378; baseline 0.001 -14"><span class='ocrx_word' id='word_1_136' title='bbox 116 1329 374 1364; x_wconf 81' lang='lat' dir='ltr'><strong>convenirent.</strong></span> <span class='ocrx_word' id='word_1_137' title='bbox 432 1327 620 1363; x_wconf 80' lang='lat' dir='ltr'><strong>Omnibus</strong></span> <span class='ocrx_word' id='word_1_138' title='bbox 658 1328 704 1363; x_wconf 87' lang='lat' dir='ltr'><strong>ad</strong></span> <span class='ocrx_word' id='word_1_139' title='bbox 742 1328 839 1364; x_wconf 88' lang='lat' dir='ltr'><strong>diem</strong></span> <span class='ocrx_word' id='word_1_140' title='bbox 877 1328 1038 1364; x_wconf 87' lang='lat' dir='ltr'><strong>edictam</strong></span> <span class='ocrx_word' id='word_1_141' title='bbox 1076 1329 1232 1378; x_wconf 82' lang='lat' dir='ltr'><strong>paratis,</strong></span> 
     </span>
     <span class='ocr_line' id='line_1_20' title="bbox 111 1393 1232 1444; baseline 0.001 -14"><span class='ocrx_word' id='word_1_142' title='bbox 111 1393 304 1444; x_wconf 87' lang='lat' dir='ltr'><strong>profectus</strong></span> <span class='ocrx_word' id='word_1_143' title='bbox 325 1394 411 1430; x_wconf 83' lang='lat' dir='ltr'><strong>inde</strong></span> <span class='ocrx_word' id='word_1_144' title='bbox 431 1393 635 1443; x_wconf 84' lang='lat' dir='ltr'><strong>extemplo,</strong></span> <span class='ocrx_word' id='word_1_145' title='bbox 653 1406 719 1444; x_wconf 88' lang='lat' dir='ltr'><strong>per</strong></span> <span class='ocrx_word' id='word_1_146' title='bbox 738 1393 992 1430; x_wconf 87' lang='lat' dir='ltr'><strong>Phliasiorum</strong></span> <span class='ocrx_word' id='word_1_147' title='bbox 1010 1394 1101 1431; x_wconf 88' lang='lat' dir='ltr'><strong>fines</strong></span> <span class='ocrx_word' id='word_1_148' title='bbox 1117 1402 1232 1431; x_wconf 89' lang='lat' dir='ltr'><strong>nocte</strong></span> 
     </span>
     <span class='ocr_line' id='line_1_21' title="bbox 113 1458 1231 1509; baseline 0.003 -15"><span class='ocrx_word' id='word_1_149' title='bbox 113 1458 290 1501; x_wconf 85' lang='lat' dir='ltr'><strong>Cleonas,</strong></span> <span class='ocrx_word' id='word_1_150' title='bbox 330 1459 456 1494; x_wconf 89' lang='lat' dir='ltr'><strong>insciis</strong></span> <span class='ocrx_word' id='word_1_151' title='bbox 496 1458 685 1501; x_wconf 86' lang='lat' dir='ltr'><strong>omnibus,</strong></span> <span class='ocrx_word' id='word_1_152' title='bbox 717 1459 807 1507; x_wconf 89' lang='lat' dir='ltr'><strong>quid</strong></span> <span class='ocrx_word' id='word_1_153' title='bbox 843 1466 1007 1508; x_wconf 88' lang='lat' dir='ltr'><strong>pararet,</strong></span> <span class='ocrx_word' id='word_1_154' title='bbox 1046 1461 1231 1509; x_wconf 86' lang='lat' dir='ltr'><strong>pervenit.</strong></span> 
     </span>
     <span class='ocr_line' id='line_1_22' title="bbox 110 1523 1231 1574; baseline 0.002 -15"><span class='ocrx_word' id='word_1_155' title='bbox 110 1524 233 1560; x_wconf 85' lang='lat' dir='ltr'><strong>Erant</strong></span> <span class='ocrx_word' id='word_1_156' title='bbox 263 1530 387 1559; x_wconf 86' lang='lat' dir='ltr'><strong>autem</strong></span> <span class='ocrx_word' id='word_1_157' title='bbox 423 1536 508 1559; x_wconf 86' lang='lat' dir='ltr'><strong>cum</strong></span> <span class='ocrx_word' id='word_1_158' title='bbox 542 1537 587 1559; x_wconf 90' lang='lat' dir='ltr'><strong>eo</strong></span> <span class='ocrx_word' id='word_1_159' title='bbox 617 1525 782 1572; x_wconf 88' lang='lat' dir='ltr'><strong>quinque</strong></span> <span class='ocrx_word' id='word_1_160' title='bbox 815 1523 936 1559; x_wconf 87' lang='lat' dir='ltr'><strong>millia</strong></span> <span class='ocrx_word' id='word_1_161' title='bbox 964 1524 1147 1574; x_wconf 85' lang='lat' dir='ltr'><strong>peditum,</strong></span> <span class='ocrx_word' id='word_1_162' title='bbox 1183 1537 1231 1562; x_wconf 87' lang='lat' dir='ltr'><strong>ex</strong></span> 
     </span>
     <span class='ocr_line' id='line_1_23' title="bbox 110 1586 1228 1636; baseline 0.003 -14"><span class='ocrx_word' id='word_1_163' title='bbox 110 1587 244 1636; x_wconf 86' lang='lat' dir='ltr'><strong>quibus</strong></span> <span class='ocrx_word' id='word_1_164' title='bbox 275 1593 473 1624; x_wconf 77' lang='lat' dir='ltr'><strong>armaturae</strong></span> <span class='ocrx_word' id='word_1_165' title='bbox 502 1586 607 1630; x_wconf 91' lang='lat' dir='ltr'><strong>levis,</strong></span> <span class='ocrx_word' id='word_1_166' title='bbox 629 1593 667 1623; x_wconf 91' lang='lat' dir='ltr'><strong>et</strong></span> <span class='ocrx_word' id='word_1_167' title='bbox 695 1588 856 1624; x_wconf 89' lang='lat' dir='ltr'><strong>trecenti</strong></span> <span class='ocrx_word' id='word_1_168' title='bbox 887 1588 1047 1636; x_wconf 87' lang='lat' dir='ltr'><strong>equites,</strong></span> <span class='ocrx_word' id='word_1_169' title='bbox 1071 1601 1157 1624; x_wconf 88' lang='lat' dir='ltr'><strong>cum</strong></span> <span class='ocrx_word' id='word_1_170' title='bbox 1182 1589 1228 1625; x_wconf 88' lang='lat' dir='ltr'><strong>iis</strong></span> 
     </span>
     <span class='ocr_line' id='line_1_24' title="bbox 108 1652 1229 1703; baseline 0.002 -14"><span class='ocrx_word' id='word_1_171' title='bbox 108 1653 227 1702; x_wconf 85' lang='lat' dir='ltr'><strong>copiis</strong></span> <span class='ocrx_word' id='word_1_172' title='bbox 251 1653 408 1694; x_wconf 82' lang='lat' dir='ltr'><strong>dimissi,</strong></span> <span class='ocrx_word' id='word_1_173' title='bbox 430 1654 492 1701; x_wconf 73' lang='lat' dir='ltr'><strong>qui</strong></span> <span class='ocrx_word' id='word_1_174' title='bbox 523 1652 834 1702; x_wconf 84' lang='lat' dir='ltr'><strong>specularentur:</strong></span> <span class='ocrx_word' id='word_1_175' title='bbox 869 1665 982 1701; x_wconf 86' lang='lat' dir='ltr'><strong>quam</strong></span> <span class='ocrx_word' id='word_1_176' title='bbox 1013 1653 1052 1689; x_wconf 88' lang='lat' dir='ltr'><strong>in</strong></span> <span class='ocrx_word' id='word_1_177' title='bbox 1081 1660 1229 1703; x_wconf 88' lang='lat' dir='ltr'><strong>partem</strong></span> 
     </span>
     <span class='ocr_line' id='line_1_25' title="bbox 107 1717 932 1767; baseline 0 -14"><span class='ocrx_word' id='word_1_178' title='bbox 107 1718 236 1754; x_wconf 83' lang='lat' dir='ltr'><strong>hostes</strong></span> <span class='ocrx_word' id='word_1_179' title='bbox 257 1717 490 1755; x_wconf 83' lang='lat' dir='ltr'><strong>effunderent</strong></span> <span class='ocrx_word' id='word_1_180' title='bbox 510 1730 603 1760; x_wconf 88' lang='lat' dir='ltr'><strong>sese,</strong></span> <span class='ocrx_word' id='word_1_181' title='bbox 625 1718 932 1767; x_wconf 86' lang='lat' dir='ltr'><strong>obperiebantur.</strong></span> 
     </span>
    </p>

    <p class='ocr_par' dir='ltr' id='par_1_4' title="bbox 103 1782 1226 2285">
     <span class='ocr_line' id='line_1_26' title="bbox 160 1782 1226 1831; baseline 0.002 -12"><span class='ocrx_word' id='word_1_182' title='bbox 160 1783 249 1819; x_wconf 87' lang='lat' dir='ltr'><strong>XV.</strong></span> <span class='ocrx_word' id='word_1_183' title='bbox 285 1782 586 1825; x_wconf 80' lang='lat' dir='ltr'><strong>Androsthenes,</strong></span> <span class='ocrx_word' id='word_1_184' title='bbox 622 1782 791 1818; x_wconf 88' lang='lat' dir='ltr'><strong>omnium</strong></span> <span class='ocrx_word' id='word_1_185' title='bbox 830 1783 998 1831; x_wconf 67' lang='lat' dir='ltr'><strong>ignarm,</strong></span> <span class='ocrx_word' id='word_1_186' title='bbox 1038 1783 1226 1821; x_wconf 87' lang='lat' dir='ltr'><strong>Corintho</strong></span> 
     </span>
     <span class='ocr_line' id='line_1_27' title="bbox 107 1844 1225 1899; baseline 0.002 -15"><span class='ocrx_word' id='word_1_187' title='bbox 107 1847 313 1899; x_wconf 87' lang='lat' dir='ltr'><strong>profectus,</strong></span> <span class='ocrx_word' id='word_1_188' title='bbox 335 1848 379 1883; x_wconf 89' lang='lat' dir='ltr'><strong>ad</strong></span> <span class='ocrx_word' id='word_1_189' title='bbox 400 1847 584 1883; x_wconf 89' lang='lat' dir='ltr'><strong>Nemeam</strong></span> <span class='ocrx_word' id='word_1_190' title='bbox 609 1847 746 1894; x_wconf 87' lang='lat' dir='ltr'><strong>(amnis</strong></span> <span class='ocrx_word' id='word_1_191' title='bbox 768 1854 823 1883; x_wconf 87' lang='lat' dir='ltr'><strong>est</strong></span> <span class='ocrx_word' id='word_1_192' title='bbox 845 1846 1088 1883; x_wconf 89' lang='lat' dir='ltr'><strong>Corinthium</strong></span> <span class='ocrx_word' id='word_1_193' title='bbox 1106 1844 1146 1885; x_wconf 83' lang='lat' dir='ltr'><strong>et</strong></span> <span class='ocrx_word' id='word_1_194' title='bbox 1165 1849 1225 1886; x_wconf 90' lang='lat' dir='ltr'><strong>Si·</strong></span> 
     </span>
     <span class='ocr_line' id='line_1_28' title="bbox 107 1910 1225 1963; baseline 0.001 -14"><span class='ocrx_word' id='word_1_195' title='bbox 107 1913 284 1962; x_wconf 90' lang='lat' dir='ltr'><strong>cyonium</strong></span> <span class='ocrx_word' id='word_1_196' title='bbox 305 1911 523 1947; x_wconf 86' lang='lat' dir='ltr'><strong>interfluens</strong></span> <span class='ocrx_word' id='word_1_197' title='bbox 544 1911 694 1959; x_wconf 85' lang='lat' dir='ltr'><strong>agrum)</strong></span> <span class='ocrx_word' id='word_1_198' title='bbox 719 1918 841 1946; x_wconf 88' lang='lat' dir='ltr'><strong>castra</strong></span> <span class='ocrx_word' id='word_1_199' title='bbox 860 1910 972 1947; x_wconf 85' lang='lat' dir='ltr'><strong>locat.</strong></span> <span class='ocrx_word' id='word_1_200' title='bbox 1030 1911 1091 1948; x_wconf 92' lang='lat' dir='ltr'><strong>Ibi</strong></span> <span class='ocrx_word' id='word_1_201' title='bbox 1117 1921 1225 1963; x_wconf 83' lang='lat' dir='ltr'><strong>parte</strong></span> 
     </span>
     <span class='ocr_line' id='line_1_29' title="bbox 104 1974 1223 2024; baseline 0.001 -11"><span class='ocrx_word' id='word_1_202' title='bbox 104 1977 256 2013; x_wconf 81' lang='lat' dir='ltr'><strong>dimidia</strong></span> <span class='ocrx_word' id='word_1_203' title='bbox 273 1976 458 2011; x_wconf 77' lang='lat' dir='ltr'><strong>exercitus</strong></span> <span class='ocrx_word' id='word_1_204' title='bbox 479 1975 643 2017; x_wconf 88' lang='lat' dir='ltr'><strong>dimissa,</strong></span> <span class='ocrx_word' id='word_1_205' title='bbox 664 1975 855 2011; x_wconf 85' lang='lat' dir='ltr'><strong>dimidiam</strong></span> <span class='ocrx_word' id='word_1_206' title='bbox 875 1974 1061 2011; x_wconf 85' lang='lat' dir='ltr'><strong>trifariam</strong></span> <span class='ocrx_word' id='word_1_207' title='bbox 1081 1977 1223 2024; x_wconf 87' lang='lat' dir='ltr'><strong>divisit,</strong></span> 
     </span>
     <span class='ocr_line' id='line_1_30' title="bbox 104 2040 1225 2090; baseline 0.002 -13"><span class='ocrx_word' id='word_1_208' title='bbox 104 2048 141 2077; x_wconf 89' lang='lat' dir='ltr'><strong>et</strong></span> <span class='ocrx_word' id='word_1_209' title='bbox 162 2053 291 2077; x_wconf 87' lang='lat' dir='ltr'><strong>omnes</strong></span> <span class='ocrx_word' id='word_1_210' title='bbox 313 2041 456 2089; x_wconf 85' lang='lat' dir='ltr'><strong>equites</strong></span> <span class='ocrx_word' id='word_1_211' title='bbox 487 2040 694 2076; x_wconf 88' lang='lat' dir='ltr'><strong>discurrere</strong></span> <span class='ocrx_word' id='word_1_212' title='bbox 722 2040 768 2076; x_wconf 91' lang='lat' dir='ltr'><strong>ad</strong></span> <span class='ocrx_word' id='word_1_213' title='bbox 797 2040 1082 2090; x_wconf 88' lang='lat' dir='ltr'><strong>depopulandos</strong></span> <span class='ocrx_word' id='word_1_214' title='bbox 1112 2043 1225 2080; x_wconf 87' lang='lat' dir='ltr'><strong>simul</strong></span> 
     </span>
     <span class='ocr_line' id='line_1_31' title="bbox 104 2104 1222 2157; baseline 0.003 -16"><span class='ocrx_word' id='word_1_215' title='bbox 104 2105 383 2141; x_wconf 89' lang='lat' dir='ltr'><strong>Pellenensium</strong></span> <span class='ocrx_word' id='word_1_216' title='bbox 404 2105 697 2153; x_wconf 88' lang='lat' dir='ltr'><strong>Sicyoniumque</strong></span> <span class='ocrx_word' id='word_1_217' title='bbox 717 2117 843 2152; x_wconf 82' lang='lat' dir='ltr'><strong>agrOS,</strong></span> <span class='ocrx_word' id='word_1_218' title='bbox 861 2111 899 2140; x_wconf 89' lang='lat' dir='ltr'><strong>et</strong></span> <span class='ocrx_word' id='word_1_219' title='bbox 918 2104 1140 2149; x_wconf 85' lang='lat' dir='ltr'><strong>Phliasium,</strong></span> <span class='ocrx_word' id='word_1_220' title='bbox 1154 2106 1222 2157; x_wconf 88' lang='lat' dir='ltr'><strong>ju·</strong></span> 
     </span>
     <span class='ocr_line' id='line_1_32' title="bbox 103 2169 1223 2219; baseline 0.003 -13"><span class='ocrx_word' id='word_1_221' title='bbox 103 2170 180 2206; x_wconf 85' lang='lat' dir='ltr'><strong>bet.</strong></span> <span class='ocrx_word' id='word_1_222' title='bbox 229 2169 324 2206; x_wconf 79' lang='lat' dir='ltr'><strong>Haec</strong></span> <span class='ocrx_word' id='word_1_223' title='bbox 344 2170 417 2205; x_wconf 86' lang='lat' dir='ltr'><strong>tria</strong></span> <span class='ocrx_word' id='word_1_224' title='bbox 436 2169 582 2205; x_wconf 89' lang='lat' dir='ltr'><strong>diversa</strong></span> <span class='ocrx_word' id='word_1_225' title='bbox 602 2169 756 2216; x_wconf 75' lang='lat' dir='ltr'><strong>agmina</strong></span> <span class='ocrx_word' id='word_1_226' title='bbox 775 2169 1004 2205; x_wconf 84' lang='lat' dir='ltr'><strong>discessere:</strong></span> <span class='ocrx_word' id='word_1_227' title='bbox 1037 2172 1136 2219; x_wconf 89' lang='lat' dir='ltr'><strong>quod</strong></span> <span class='ocrx_word' id='word_1_228' title='bbox 1157 2172 1223 2209; x_wconf 85' lang='lat' dir='ltr'><strong>ubi</strong></span> 
     </span>
     <span class='ocr_line' id='line_1_33' title="bbox 106 2232 1220 2285; baseline 0.003 -14"><span class='ocrx_word' id='word_1_229' title='bbox 106 2234 268 2271; x_wconf 86' lang='lat' dir='ltr'><strong>Cleonas</strong></span> <span class='ocrx_word' id='word_1_230' title='bbox 290 2234 336 2270; x_wconf 85' lang='lat' dir='ltr'><strong>ad</strong></span> <span class='ocrx_word' id='word_1_231' title='bbox 364 2233 627 2270; x_wconf 84' lang='lat' dir='ltr'><strong>Nicostratum</strong></span> <span class='ocrx_word' id='word_1_232' title='bbox 647 2232 833 2282; x_wconf 85' lang='lat' dir='ltr'><strong>perlatum</strong></span> <span class='ocrx_word' id='word_1_233' title='bbox 854 2239 924 2276; x_wconf 72' lang='lat' dir='ltr'><strong>est,</strong></span> <span class='ocrx_word' id='word_1_234' title='bbox 945 2235 1135 2285; x_wconf 86' lang='lat' dir='ltr'><strong>extemplo</strong></span> <span class='ocrx_word' id='word_1_235' title='bbox 1155 2249 1220 2274; x_wconf 66' lang='lat' dir='ltr'><strong>vae</strong></span> 
     </span>
    </p>
   </div>
   <div class='ocr_carea' id='block_1_3' title="bbox 99 2300 1219 2401">
    <p class='ocr_par' dir='ltr' id='par_1_5' title="bbox 99 2300 1219 2401">
     <span class='ocr_line' id='line_1_34' title="bbox 99 2300 1219 2352; baseline 0.001 -14"><span class='ocrx_word' id='word_1_236' title='bbox 99 2301 215 2338; x_wconf 84' lang='lat' dir='ltr'><strong>lidam</strong></span> <span class='ocrx_word' id='word_1_237' title='bbox 234 2300 553 2338; x_wconf 78' lang='lat' dir='ltr'><strong>mercenariorum</strong></span> <span class='ocrx_word' id='word_1_238' title='bbox 580 2312 738 2336; x_wconf 87' lang='lat' dir='ltr'><strong>manum</strong></span> <span class='ocrx_word' id='word_1_239' title='bbox 766 2300 999 2352; x_wconf 82' lang='lat' dir='ltr'><strong>praemissam</strong></span> <span class='ocrx_word' id='word_1_240' title='bbox 1029 2300 1076 2338; x_wconf 86' lang='lat' dir='ltr'><strong>ad</strong></span> <span class='ocrx_word' id='word_1_241' title='bbox 1105 2313 1219 2339; x_wconf 73' lang='lat' dir='ltr'><strong>occu=</strong></span> 
     </span>
     <span class='ocr_line' id='line_1_35' title="bbox 626 2364 693 2401; baseline -0.015 0"><span class='ocrx_word' id='word_1_242' title='bbox 626 2364 650 2401; x_wconf 83' lang='lat' dir='ltr'>S</span> <span class='ocrx_word' id='word_1_243' title='bbox 672 2364 693 2400; x_wconf 86' lang='lat'>6</span> 
     </span>
    </p>
   </div>
   <div class='ocr_carea' id='block_1_4' title="bbox 2 0 26 823">
    <p class='ocr_par' dir='ltr' id='par_1_6' title="bbox 2 0 26 823">
     <span class='ocr_line' id='line_1_36' title="bbox 2 0 26 823; baseline 0 0"><span class='ocrx_word' id='word_1_244' title='bbox 2 0 26 823; x_wconf 95' lang='lat' dir='ltr'><strong> </strong></span> 
     </span>
    </p>
   </div>
   <div class='ocr_carea' id='block_1_5' title="bbox 10 325 18 933">
    <p class='ocr_par' dir='ltr' id='par_1_7' title="bbox 10 325 18 933">
     <span class='ocr_line' id='line_1_37' title="bbox 10 325 18 933; baseline 0 0"><span class='ocrx_word' id='word_1_245' title='bbox 10 325 18 933; x_wconf 95' lang='lat' dir='ltr'><strong> </strong></span> 
     </span>
    </p>
   </div>
   <div class='ocr_carea' id='block_1_6' title="bbox 0 1420 9 2000">
    <p class='ocr_par' dir='ltr' id='par_1_8' title="bbox 0 1420 9 2000">
     <span class='ocr_line' id='line_1_38' title="bbox 0 1420 9 2000; baseline 0 0"><span class='ocrx_word' id='word_1_246' title='bbox 0 1420 9 2000; x_wconf 95' lang='lat' dir='ltr'><strong> </strong></span> 
     </span>
    </p>
   </div>
  </div>
 </body>
</html>
