1507 2656
345 225 501 254 LIBER
524 221 722 251 xxxxn.
756 222 981 252 CAP.V11.
1143 213 1225 270 387

114 328 184 352 nus
205 317 340 353 eisdem
368 317 414 353 ad
439 315 658 352 Thetidium
680 315 812 350 castris
833 328 947 364 quum
968 327 1008 351 se
1028 317 1226 361 tenuisset,
1240 329 1330 360 uc,
1350 337 1422 361 555,

112 380 351 431 exploratum
380 387 522 423 tamen,
544 379 607 416 ubi
637 380 759 415 hostis
790 386 902 424 esset,
923 380 1052 416 decem
1081 387 1224 418 turmas
1237 373 1323 404 A·C·
1345 380 1417 408 197.

112 447 280 494 equitum
301 452 338 481 et
358 445 460 481 mille
489 445 633 495 pedites
661 445 787 490 misit3
820 445 1002 488 monitos,
1024 451 1067 481 ut
1094 445 1140 482 ab
1168 447 1228 482 in-

111 510 229 553 sidiis,
250 522 341 559 quas
362 510 439 546 dies
460 509 642 546 obscurus
664 510 802 560 apertis
821 522 972 559 quoque
991 510 1084 546 locis
1102 516 1227 547 tectu-

109 585 171 610 rus
192 580 303 618 esset,
321 580 588 625 praecaverent.
646 574 723 610 Ubi
740 580 896 610 ventum
916 574 960 611 ad
979 575 1144 611 insessos
1165 581 1225 612 tu-

107 636 229 674 mulos
267 645 338 681 est,
369 651 508 689 pavore
544 645 677 674 mutuo
711 637 856 688 injecto
897 638 1000 674 velut
1028 645 1223 689 torpentes

107 705 355 754 quieverunt:
389 707 490 749 dein,
510 706 658 742 nunciis
694 712 797 740 retro
825 704 863 740 in
895 709 1019 739 castra
1045 703 1091 739 ad
1112 704 1224 740 duces

108 769 245 813 missis,
266 770 331 806 ubi
358 771 499 820 primus
519 777 641 806 terror
667 770 714 805 ab
734 769 966 819 necopinato
987 769 1067 804 visu
1088 780 1222 804 couse-

107 834 174 877 dit,
208 846 287 870 non
321 835 461 871 diutius
501 835 707 871 certamine
741 833 970 870 abstinuere.
1027 832 1223 883 Principio

106 912 127 935 a
157 899 285 948 paucis
306 900 615 949 procurrentibus
643 899 818 936 lacessita
848 911 976 949 pugna
995 903 1066 941 est,
1088 898 1223 934 deinde

105 961 280 999 subsidiis
300 965 488 1000 tuentium
509 963 636 1014 pulsos
658 970 791 1000 aucta:
816 963 856 998 in
876 975 950 1012 qua
966 975 1081 1012 quum
1098 962 1219 998 haud-

104 1039 294 1075 quaquam
323 1040 431 1077 pares
463 1027 630 1064 Romani
668 1027 761 1064 alios
794 1040 907 1078 super
933 1026 1026 1063 alios
1060 1027 1219 1063 nuncios

101 1091 146 1127 ad
168 1091 300 1128 ducem
333 1093 541 1135 mitterent,
570 1094 690 1143 premi
722 1105 821 1136 sese3
856 1092 1053 1140 quingenti
1074 1092 1218 1140 equites

102 1161 141 1191 et
160 1155 234 1192 duo
251 1155 369 1192 millia
385 1157 568 1206 peditum,
586 1158 749 1193 maxime
766 1155 1002 1198 Afflolorum,
1021 1168 1107 1192 cum
1124 1156 1218 1192 duo-

101 1219 172 1257 bus
192 1220 354 1257 tribunis
374 1222 535 1257 miiitum
558 1235 717 1272 propere
744 1222 872 1264 missa,
894 1233 973 1257 rem
993 1220 1219 1258 inclinatam

100 1285 365 1321 restituerunt:
397 1298 579 1335 versaque
594 1286 763 1328 fortuna,
783 1285 1015 1321 Macedones
1036 1285 1217 1322 laboran-

100 1354 156 1384 tes
191 1361 302 1398 opem
331 1350 429 1397 regis
462 1362 529 1399 per
561 1351 721 1386 nuncios
750 1349 1008 1400 inplorabant.
1066 1350 1151 1393 Sed,
1174 1356 1217 1386 ut

100 1413 163 1461 qui
184 1412 279 1448 nihil
304 1414 426 1449 minus
456 1413 522 1449 illo
543 1414 601 1449 die
624 1422 780 1464 propter
799 1413 974 1449 obfusam
996 1413 1214 1463 caliginem,

98 1489 209 1525 quam
230 1476 420 1527 proelium,
443 1484 711 1528 exspectasset,
728 1491 867 1526 magna
883 1484 990 1528 parte
1009 1478 1211 1515 hominum

97 1542 220 1576 omnis
247 1541 393 1589 generis
424 1541 645 1590 pabulatum
678 1543 805 1585 missa,
838 1541 1069 1590 aliquamdiu
1098 1543 1209 1592 inops

97 1605 245 1641 consilii
265 1606 486 1656 trepidavit:
520 1606 668 1650 deinde,
700 1613 900 1657 postquam
927 1608 1057 1643 nuncii
1088 1608 1208 1643 insta-

94 1668 203 1713 bant,
224 1669 360 1719 etjam
380 1670 477 1720 juga
498 1672 686 1707 montium
711 1672 906 1708 detexerat
932 1671 1086 1715 nebula,
1108 1678 1146 1708 et
1169 1672 1209 1708 in

95 1742 300 1786 conspectu
331 1743 436 1773 erant
466 1737 713 1782 Macedones,
748 1740 785 1774 in
816 1740 1004 1776 tumulum
1042 1740 1206 1776 maxime

95 1800 236 1836 editum
265 1800 364 1836 inter
396 1800 489 1837 aiios
522 1802 720 1852 compulsi,
748 1802 835 1839 loco
864 1816 902 1839 sc
935 1803 1070 1852 magiS,
1092 1815 1204 1852 quam

93 1864 220 1907 armis,
240 1870 432 1910 tutantes;
466 1867 775 1903 committendam
802 1880 925 1903 rerum
953 1879 1137 1902 summam
1162 1868 1202 1904 in

92 1928 291 1965 discrimen
312 1937 514 1979 utcumque
534 1938 651 1974 ratus,
674 1944 722 1967 ne
749 1933 867 1982 partis
899 1932 1102 1968 indefensae
1117 1931 1202 1981 jac-

90 1999 175 2029 tura
203 1993 323 2037 ficret,
347 1995 634 2044 Athenagoram
670 1996 801 2032 ducem
832 1996 1005 2032 mercede
1034 1996 1202 2032 militan-

36 2058 37 2062 ’
89 2058 185 2093 tium
222 2072 307 2095 cum
341 2060 531 2103 omnibus,
573 2068 709 2110 praeter
741 2061 924 2104 Thracas,
960 2061 1126 2104 auxiliis,
1165 2067 1203 2098 et

91 2123 262 2170 equitatu
290 2123 544 2160 Macedonum
577 2138 619 2160 ac
656 2124 926 2161 Thessalorum
957 2126 1096 2161 mittit:
1135 2138 1200 2161 eo-

89 2198 172 2221 rum
210 2186 372 2222 adventu
405 2187 549 2237 depulsi
587 2187 634 2223 ab
664 2187 763 2238 jugo
800 2188 967 2225 Romani
1002 2202 1080 2225 non
1111 2196 1200 2225 ante

36 2272 37 2277 ,
87 2250 321 2294 restiterunt,
352 2264 464 2300 quam
497 2252 536 2287 in
569 2252 780 2302 planiorem
809 2254 943 2290 vallem
977 2260 1199 2303 perventum

35 2324 37 2330 ⁸
87 2322 155 2350 est.
213 2315 274 2350 Ne
303 2315 419 2352 effusa
456 2316 743 2354 detruderentur
779 2318 884 2368 fuga,
924 2318 1126 2368 plurimum
1159 2320 1198 2355 in

85 2377 226 2414 ⁴&Molis
257 2379 446 2428 equitibus
476 2381 639 2431 praesidii
667 2381 759 2418 fuit:
792 2383 821 2418 is
853 2383 966 2432 longe
995 2388 1075 2419 tum
1096 2383 1196 2434 opti·

599 2446 623 2482 S
645 2447 667 2482 2
