1523 2666
308 377 366 425 T.
400 375 601 424 LIVII
646 372 1028 423 PATAVINI

205 535 1142 605 HISTORIARUM

367 725 446 763 AB
484 722 653 761 URBE
690 720 976 779 CONDITA

712 793 742 829 x.

554 863 796 912 LIBRI.

495 1017 852 1043 ψ

309 1128 597 1167 ΕΡΙΤΟΜΕ
635 1127 815 1165 LIBRI
850 1128 1027 1167 XXVII.

116 1229 225 1309 CN.
246 1228 474 1266 FULVIUS
497 1227 689 1277 proconsul
717 1239 796 1264 cum
825 1229 981 1265 exercitu
1009 1228 1053 1264 ab
1080 1229 1225 1268 Hanni-

198 1294 277 1330 bale
305 1294 354 1329 ad
372 1293 603 1329 Herdoneam
632 1303 739 1328 caesus
766 1296 829 1328 est.
876 1293 1032 1328 Meliore
1058 1299 1184 1331 eventu
1203 1307 1228 1331 a

110 1360 263 1396 Claudio
283 1358 462 1394 Marcello
489 1358 631 1393 consule
650 1358 818 1392 adversus
842 1358 1002 1393 eumdem
1025 1360 1076 1394 ad
1095 1359 1227 1395 Numi-

106 1428 259 1460 stronem
284 1426 486 1470 pugnatum
515 1426 591 1457 est:
619 1422 702 1456 inde
726 1420 913 1457 Hannibal
939 1426 1047 1458 noctu
1075 1424 1226 1460 recessit.

106 1487 303 1523 Marcellus
322 1488 498 1522 insecutus
516 1490 581 1528 est,
598 1490 632 1521 et
644 1485 792 1520 subinde
809 1486 987 1521 cedentem
1001 1489 1144 1534 pressit,
1162 1489 1226 1524 do-

103 1564 166 1588 nec
195 1551 395 1600 confligeret
408 1566 419 1586 .·
444 1552 568 1599 priore
592 1561 717 1598 pugna
736 1550 922 1586 Hannibal
947 1553 1110 1599 superior
1125 1551 1224 1601 fuit,

103 1616 301 1653 Marcellus
337 1617 540 1663 insequenti.
588 1614 716 1651 Fabius
742 1614 928 1650 Maximus
959 1621 1067 1663 pater
1103 1617 1226 1654 consul

107 1681 318 1716 Tarentinos
342 1692 409 1728 per
432 1681 674 1728 proditionem
701 1681 846 1727 recepit.
894 1680 939 1716 In
966 1680 1149 1730 Hispania
1176 1683 1226 1719 ad

103 1744 286 1780 Baeculam
309 1743 428 1791 Scipio
454 1756 533 1779 cum
552 1743 783 1779 Hasdrubale
802 1743 1025 1780 Hamilcaris
1052 1746 1222 1795 conflixit,

101 1813 136 1843 et
171 1809 281 1843 vicit:
309 1809 403 1844 inter
430 1808 507 1844 alia
536 1813 682 1857 captum
713 1820 869 1857 puerum
901 1810 1057 1856 regalem
1088 1812 1225 1847 escimiae

91 1871 227 1921 formae
255 1873 303 1907 ad
335 1873 551 1908 avunculum
574 1873 805 1909 Masinissam
835 1885 915 1909 cum
944 1875 1045 1910 donis
1073 1875 1222 1912 dimisit.

104 1936 277 1972 Claudius
304 1937 516 1980 Marcellus,
554 1938 594 1973 T.
618 1938 806 1978 Quinctius
837 1937 1021 1986 Crispinus
1048 1940 1220 1983 consules,

100 2001 307 2049 speculandi
336 2014 458 2037 caussa
482 2004 660 2051 progressi
678 2015 697 2038 e
716 2004 854 2045 castris,
885 2004 1022 2039 insidiis
1051 2004 1095 2039 ab
1113 2004 1220 2041 Han-

100 2064 218 2100 nibale
247 2066 478 2101 circumventi
496 2070 588 2101 sunt.
637 2066 834 2102 Marcellus
853 2067 984 2102 occisus
1001 2066 1099 2115 fuit,
1123 2068 1222 2105 Cris-

98 2129 204 2177 pinus
220 2127 339 2177 fugit.
386 2129 459 2165 Res
483 2135 660 2178 praeterea
687 2143 710 2166 a
731 2131 774 2166 P.
790 2131 952 2177 Sulpicio
968 2136 1124 2178 praetore
1151 2133 1218 2168 ad·

98 2203 216 2228 versus
235 2193 447 2241 Philippum
472 2199 507 2230 et
525 2194 673 2230 Achceos
687 2199 805 2242 gestas
830 2196 997 2230 continet.
1045 2194 1220 2232 Lustrum

99 2268 123 2291 α
149 2258 345 2293 censoribus
380 2259 562 2294 conditum
591 2263 667 2295 est:
695 2271 799 2295 censa
825 2264 909 2295 sunt
936 2261 1067 2295 civium
1095 2262 1219 2309 capita

99 2325 238 2356 centum
266 2323 415 2369 triginta
438 2327 572 2371 septem
599 2323 717 2359 millia
744 2328 884 2360 centum
903 2328 939 2360 et
957 2328 1060 2361 octo:
1089 2336 1132 2361 ea·
1149 2336 1217 2374 quo

155 2383 258 2422 VoL.
287 2385 365 2424 ΙΙΙ.
645 2387 679 2425 Β
