1507 2656
317 216 473 247 LIBER
496 213 642 244 XXIX.
677 210 785 242 cAP.
808 213 990 244 xxxvl.
1131 215 1209 257 207

98 322 196 353 cam,
226 307 442 345 abscederet
470 305 555 342 inde
583 304 692 340 irrito
710 304 887 354 incepto:
919 309 957 339 et
989 303 1085 354 (jam
1112 306 1212 341 enim
1228 313 1267 343 U.
1282 312 1318 342 C.
1334 320 1410 345 548.

97 376 216 412 hiems
236 372 419 419 instabat)
440 376 563 407 castra
578 368 739 405 hiberna
756 369 794 404 in
814 369 1093 418 promontorio,
1110 370 1213 418 quod
1225 357 1263 388 Α·
1277 356 1313 387 C·
1328 364 1402 387 2⁰4·

94 438 201 475 tenui
212 435 311 487 jugo
330 434 542 472 continenti
562 433 755 470 adhaerens
774 432 814 468 in
835 431 1071 488 aliquagtum
1099 435 1212 469 maris

93 502 259 553 spatium
277 499 506 542 extenditur,
528 498 739 535 communit
754 512 762 533 z
796 509 873 533 uno
892 495 991 532 vallo
1009 502 1046 532 et
1064 497 1214 534 navalia

93 571 217 602 castra
235 563 476 614 amplectitur
494 577 501 598 :
528 561 626 612 jugo
646 561 771 597 medio
791 560 985 608 legionum
1002 561 1133 596 castris
1153 561 1212 596 in-

91 630 240 682 positis,
256 629 345 666 litus
365 629 412 665 ad
431 628 729 678 septentrionem
749 639 896 663 versum
926 626 1120 662 subductae
1142 638 1211 662 na-

92 706 155 730 ves
180 693 407 742 navalesque
436 692 531 727 socii
558 691 766 727 tenebant:
799 689 1045 726 meridianam
1074 688 1210 727 vallem

93 757 140 794 ad
160 757 320 794 alterum
337 756 426 793 litus
447 755 627 792 devexam
647 755 853 803 equitatus.
904 753 1001 791 Haec
1020 754 1059 790 in
1078 753 1212 790 Africa

92 834 210 872 usque
229 822 276 858 ad
296 827 506 858 extremum
525 820 698 856 autumni
719 825 837 868 gesta.

144 885 341 922 XXXVI.
360 885 503 921 Praeter
523 891 747 920 convectum
769 883 933 932 undique
951 895 998 919 ex
1017 881 1209 932 populatis

90 949 191 985 circa
209 949 309 997 agris
328 948 576 990 frumentum,
598 954 905 995 commeatusque
925 959 972 982 ex
1002 945 1130 982 Sicilia
1151 951 1209 982 at-

89 1024 162 1062 que
181 1011 296 1048 Italia
314 1011 504 1054 advectos,
526 1011 597 1047 Cn.
612 1010 793 1046 Octavius
823 1016 1035 1060 propraetor
1054 1021 1100 1044 ex
1120 1009 1208 1045 Sar-

89 1075 191 1111 dinia
219 1074 266 1111 ab
300 1074 360 1111 Ti.
382 1073 542 1111 Claudio
581 1080 756 1124 praetore,
792 1072 898 1122 cujus
933 1086 976 1109 ea
1013 1073 1210 1122 provincia

88 1146 182 1184 erat,
219 1141 413 1189 ingentem
450 1141 525 1174 vim
562 1138 743 1175 frumenti
780 1137 952 1173 advexit:
998 1137 1208 1185 horreaque

87 1217 166 1240 non
186 1204 322 1248 solum,
345 1216 427 1253 quae
451 1203 534 1253 jam
557 1202 662 1238 facta
684 1207 805 1244 erant,
827 1200 984 1250 repleta,
1015 1200 1079 1235 sed
1108 1212 1209 1236 nova

88 1268 283 1305 aedificata.
340 1268 579 1303 Vestimenta
608 1266 790 1302 exercitui
823 1267 995 1301 deerant:
1028 1264 1066 1299 id
1100 1276 1207 1300 man·

87 1333 218 1369 datum
237 1332 415 1374 Octavio,
448 1337 489 1366 ut
519 1343 603 1366 cum
633 1337 795 1379 praetore
825 1335 969 1378 ageret,
1000 1328 1031 1363 si
1051 1327 1140 1376 quid
1160 1340 1207 1364 ex

87 1408 133 1432 ea
151 1396 347 1446 provincia
365 1394 577 1444 comparari
607 1406 650 1429 ac
680 1393 781 1428 mitti
810 1398 958 1442 posset:
992 1404 1036 1427 ea
1056 1403 1206 1439 quoque

85 1460 188 1496 haud
206 1461 372 1508 segniter
393 1466 523 1495 curata
543 1470 612 1494 res.
660 1457 769 1493 Mille
789 1458 959 1492 ducentae
980 1463 1080 1503 togae
1100 1454 1206 1491 brevi

87 1525 225 1573 spatio,
246 1531 284 1559 et
303 1524 502 1560 duodecim
524 1523 642 1558 millia
661 1524 874 1558 tunicarum
895 1523 1021 1557 missa.
1050 1521 1205 1556 AEstate

86 1600 144 1630 ea,
175 1600 250 1637 qua
277 1588 359 1624 haec
391 1589 431 1624 in
464 1588 594 1623 Africa
625 1593 731 1636 gesta
764 1593 864 1629 sunt,
894 1586 937 1622 P.
959 1585 1201 1634 Sempronius
1215 1590 1367 1630 Sempro-

85 1652 314 1706 consuLpui
333 1652 476 1687 Bruttii
505 1652 701 1701 provincia
721 1659 814 1693 erat,
838 1651 877 1685 in
907 1662 998 1698 agro
1021 1648 1200 1684 Crotoni—
1213 1643 1291 1708 {¹:¹¹3
1303 1644 1400 1710 “33⁰¹'-

84 1716 164 1750 ensi
181 1729 266 1751 cum
286 1715 504 1751 Hannibale
524 1716 563 1750 in
583 1716 666 1764 ipso
684 1716 817 1750 itinere
837 1714 1084 1749 tumultuario
1100 1726 1200 1763 proe-
1214 1721 1318 1751 nibale
1333 1723 1416 1752 male

85 1778 137 1815 lio
157 1779 351 1815 conflixit:
385 1779 599 1828 agminibus
630 1780 763 1827 magis,
789 1791 901 1827 quam
930 1778 1024 1820 acie,
1054 1790 1200 1827 pugna-
1213 1771 1344 1803 pugnat.

84 1850 166 1880 tum
196 1852 264 1882 est.
321 1845 488 1881 Romani
518 1845 629 1895 pulsi,
661 1852 699 1881 et
728 1844 894 1881 tumultu
920 1845 1057 1887 verim,
1088 1857 1200 1893 quam

84 1922 225 1961 pugna,
246 1911 294 1947 ad
313 1910 414 1946 mille
443 1918 481 1946 et
499 1911 656 1963 ‚ducenti
685 1911 730 1946 de
760 1912 927 1946 exercitu
947 1909 1111 1946 consulis
1141 1910 1201 1945 in⁴

83 1975 255 2011 terfecti:
288 1975 326 2010 in
347 1981 470 2010 castra
490 1974 635 2023 trepide
664 1975 838 2011 reditum.
895 1974 1031 2022 Neque
1051 1973 1200 2023 obpug-

83 2051 174 2074 nare
193 2046 321 2074 tamen
343 2051 386 2074 ca
406 2039 535 2074 hostes
566 2040 670 2074 ausi:
705 2046 869 2075 ceterum
900 2039 1051 2073 silentio
1072 2038 1199 2087 proxi-

83 2114 154 2138 mae
176 2103 300 2139 noctis
329 2103 521 2153 profectus
553 2104 638 2139 iude
668 2104 813 2146 consul,
844 2103 1038 2152 praemisso
1058 2102 1198 2136 nuncio

86 2167 130 2202 ad
160 2166 201 2202 P.
222 2167 412 2203 Licinium
441 2168 720 2217 proconsulem,
749 2176 790 2203 ut
820 2181 903 2203 suas
934 2167 1102 2214 legiones
1133 2166 1198 2201 ad-

84 2238 266 2273 moveret,
290 2232 414 2280 copias
446 2231 668 2280 conjunxit:
702 2233 756 2267 ita
785 2232 859 2267 duo
882 2231 1008 2272 duces,
1030 2230 1104 2265 duo
1134 2242 1199 2264 ex-

84 2294 222 2330 ercitus
251 2295 297 2330 ad
325 2294 584 2331 Hannibalem
614 2296 826 2332 redierunt:
860 2308 929 2331 nec
958 2307 1064 2330 mora
1090 2294 1199 2328 dimi-

84 2358 193 2394 candi
214 2358 315 2396 facta
334 2367 412 2397 est:
437 2373 552 2410 quum
569 2360 714 2397 consuli
735 2360 932 2411 duplicatae
950 2360 1058 2402 vires,
1078 2358 1200 2394 Poeno
