1523 2666
321 191 374 243 76
575 233 577 236 ,
775 208 818 235 T.
844 207 977 236 L1v11
1008 243 1011 245 ‚

127 287 171 318 U·
186 288 223 331 „C-
239 293 506 331 ⁵4⁵·exercitui
527 308 633 332 suum
654 309 790 333 nomen
812 305 956 342 secuto,
979 300 1171 336 concitato
1195 312 1291 350 equo
1319 314 1359 337 se
1386 302 1427 345 in

125 332 166 362 A.
182 332 217 362 C.
237 340 309 368 207.

100 617 271 657 Quinqua-

98 662 188 699 ginta
203 672 258 691 sex

98 704 200 733 millia
218 705 285 735 Poe-

97 756 216 778 norum

96 797 189 820 caesa.

93 998 259 1030 Romano-

93 1053 167 1072 rum
185 1050 255 1074 octo

91 1085 208 1117 millia.

86 1711 172 1741 Nero
188 1711 227 1741 ad

87 1761 263 1784 exercitum

84 1798 177 1829 'redit-

323 359 519 395 cohortem
539 359 754 397 Romanam
774 363 929 399 inmisit.
987 364 1062 407 lbi,
1083 371 1124 400 ut
1149 371 1255 415 patre
1275 365 1424 402 Hamil-

316 436 404 458 care
430 429 468 459 et
494 423 712 461 Hannibale
737 425 853 462 fratre
873 428 1028 476 dignum
1047 435 1140 471 erat,
1171 442 1343 479 pugnans
1364 442 1424 465 ce-

315 488 418 524 cidit.
472 487 691 537 Numquam
711 502 756 525 eo
775 490 876 527 bello
896 505 970 528 una
989 493 1068 528 acie
1088 499 1237 528 tantum
1257 494 1424 529 hostium

314 551 558 588 interfectum
588 560 657 596 est,
685 555 902 604 redditaque
932 570 1038 605 aequa
1066 558 1258 593 Cannensi
1284 556 1423 600 eladeS‚

314 615 374 651 vel
403 617 521 659 ducis,
543 617 601 653 vel
629 619 815 654 exercitus
841 620 1011 664 interitu,
1036 622 1242 658 videbatur.
1299 622 1423 660 Quin-

314 681 497 729 quaginta
519 694 584 718 sex
603 681 722 718 millia
740 683 906 719 hostium
937 686 1083 722 occisa:
1117 692 1227 735 capta
1256 685 1422 734 quinque

313 743 431 780 millia
450 751 487 780 et
506 745 794 794 quadringenti:
827 748 953 797 praeda
973 748 1047 785 alia
1065 762 1203 797 magna
1229 755 1309 784 tum
1338 761 1421 784 om-

310 811 368 846 nis
407 812 568 859 generis,
603 818 683 847 tum
716 813 795 848 auri
829 814 944 849 etiam
981 814 1215 862 argentique.
1273 814 1422 851 Civium

310 875 424 911 etiam
445 875 722 919 Romanorum,
744 877 808 925 qui
829 878 931 927 capti
952 878 1051 929 apud
1069 878 1197 914 hostes
1215 884 1336 921 erant,
1357 891 1420 914 su·

308 951 376 988 pra
402 946 564 988 quatuor
592 939 710 976 millia
736 941 902 990 capitum
937 949 1112 992 recepta:
1145 942 1180 978 id
1202 941 1326 978 solatii
1346 942 1420 979 fuit

307 1015 376 1052 pro
410 1003 555 1039 amissis
587 1017 632 1039 eo
666 1004 801 1053 proelio
835 1005 1033 1042 militibus.
1088 1005 1190 1041 Nam
1222 1006 1418 1055 haudqua-

308 1079 419 1116 quam
440 1068 637 1103 incruenta
657 1068 815 1104 victoria
834 1069 906 1104 fuit
922 1084 929 1105 :
960 1077 1049 1106 octo
1069 1069 1187 1105 ferme
1203 1069 1321 1106 millia
1335 1069 1418 1106 Ro-

306 1144 504 1167 manorum
525 1133 789 1181 sociorumque
810 1134 946 1170 occisa.
1002 1134 1186 1183 Adeoque
1206 1135 1320 1170 etiam
1339 1135 1416 1170 vic-

305 1202 406 1232 tores
428 1197 620 1245 sanguinis
643 1197 827 1245 caedisque
847 1205 997 1246 ceperat
1018 1200 1185 1240 satietas,
1204 1204 1246 1233 ut
1262 1204 1416 1247 postero

305 1260 378 1303 die,
396 1273 509 1309 quum
527 1268 625 1296 esset
641 1262 860 1297 nunciatum
877 1262 987 1298 Livio
1005 1262 1163 1304 consuli,
1182 1261 1313 1298 Gallos
1331 1262 1415 1298 Cis-

304 1324 451 1373 alpinos
473 1325 720 1374 Liguresque,
741 1327 803 1374 qui
831 1333 896 1362 aut
923 1327 1059 1376 proelio
1086 1339 1163 1362 nou
1191 1326 1413 1369 adfuissent,

304 1394 369 1423 aut
389 1389 486 1424 inter
509 1389 648 1424 caedem
672 1389 904 1437 effugissent,
926 1403 1002 1426 uno
1023 1390 1172 1438 agmine
1202 1389 1305 1426 abire
1334 1390 1415 1426 sine

302 1458 407 1488 certo
434 1452 540 1496 duce,
563 1454 643 1489 sine
669 1454 800 1502 signis,
823 1454 901 1489 sine
929 1454 1060 1489 ordine
1088 1453 1178 1495 ullo,
1199 1459 1265 1489 aut
1292 1454 1410 1502 impe-

300 1518 381 1562 ri03
415 1530 539 1566 posse,
561 1518 589 1552 si
620 1530 691 1553 una
716 1519 885 1566 equitum
905 1517 963 1553 ala
983 1518 1169 1560 mittatur,
1193 1530 1325 1553 omnes
1348 1518 1411 1553 de-

299 1579 391 1625 leri3
425 1581 627 1629 Supersz'nt,
648 1582 784 1629 inquit,
806 1582 919 1630 aliqui
938 1583 1072 1624 nuncii,
1094 1587 1128 1617 et
1157 1581 1310 1617 hostium
1336 1583 1412 1618 cla-

301 1645 368 1687 dis,
390 1650 423 1681 et
442 1651 568 1681 nostroe
586 1647 738 1682 virtutis.

352 1709 399 1746 L.
427 1710 533 1745 Nero
563 1723 607 1745 ea
636 1716 762 1752 nocte,
784 1722 865 1758 quae
887 1715 1015 1745 secuta
1035 1715 1091 1745 est
1110 1722 1291 1758 pugnam,
1313 1711 1410 1746 cita-

300 1775 412 1817 tiore,
434 1787 545 1822 quam
566 1774 652 1809 inde
672 1780 838 1815 venerat,
861 1774 1025 1822 agmine,
1047 1773 1107 1808 die
1128 1780 1235 1808 sexto
1259 1774 1306 1809 ad
1332 1780 1409 1810 sta-

300 1839 378 1874 tiva
397 1851 477 1881 sua,
498 1845 611 1887 atque
639 1839 685 1875 ad
715 1839 863 1874 hostem
897 1838 1078 1887 pervenit.
1136 1837 1215 1873 Iter
1234 1837 1313 1886 ejus
1334 1838 1410 1873 fre-

271 1903 455 1952 ⁴quentia
491 1903 651 1944 minore,
687 1903 775 1950 quia
810 1914 922 1937 nemo
959 1907 1201 1951 praecesserat
1234 1902 1408 1945 nuncius,

298 1967 433 2003 laetitia
460 1980 549 2002 vero
581 1973 701 2008 tanta,
729 1967 792 2002 vix
821 1973 859 2001 ut
894 1972 1088 2014 compotes
1120 1966 1302 2001 mentium
1331 1978 1408 2015 prae

298 2031 437 2080 gaudio
458 2038 596 2073 essent,
619 2030 849 2066 celebratum
870 2036 937 2065 est.
994 2029 1097 2065 Nam
1116 2028 1250 2064 Romae
1273 2037 1407 2067 neuter

299 2096 415 2132 animi
438 2095 589 2130 habitus
611 2095 700 2130 satis
721 2095 793 2130 diei
815 2094 1053 2141 enarrarique
1074 2099 1218 2142 potest3
1241 2106 1311 2129 nec
1331 2107 1407 2143 quo

299 2160 444 2195 ineerta
481 2159 765 2208 exspectatione
802 2163 956 2193 eventus
995 2157 1126 2191 civitas
1163 2155 1302 2199 fuerat,
1337 2170 1406 2193 nec

300 2236 374 2272 quo
402 2223 570 2259 victoriae
599 2223 739 2259 famam
770 2222 925 2271 accepit.
982 2220 1201 2268 Numquam
1230 2233 1296 2269 per
1325 2233 1407 2257 om-

297 2300 364 2324 nes
384 2287 477 2330 dies,
499 2300 544 2323 ex
565 2299 639 2336 quo
660 2286 857 2323 Claudium
886 2284 1079 2321 consulem
1107 2284 1320 2334 profectum
1348 2284 1406 2321 fa-

299 2362 361 2388 ma
385 2350 535 2396 adtulit,
556 2350 603 2388 ab
626 2356 712 2388 orto
732 2350 811 2387 sole
830 2350 879 2387 ad
898 2349 1148 2392 occidentem,
1170 2354 1235 2385 aut
1254 2354 1407 2386 senator
