1507 2656
391 200 545 229 LIBER
567 199 748 229 XXXIV.
783 199 889 229 CAP.
913 200 982 230 1v.
1132 197 1215 243 437

102 292 280 327 universos
298 302 424 338 rogare
443 290 547 337 leges,
569 300 657 338 quas
675 300 757 325 mox
774 288 961 336 abrogare,
977 290 1014 325 in
1035 301 1121 338 quos
1136 290 1219 325 latce
1230 293 1273 324 U.
1284 293 1321 322 C.
1340 297 1414 327 ⁵⁵7·

104 360 201 398 sunt,
225 357 398 404 possint?
433 355 521 391 Volo
555 359 673 391 tamen
700 354 842 396 audire,
866 355 953 402 quid
978 356 1040 397 sit,
1072 335 1321 403 propterA·C·
1342 341 1414 368 ¹9⁵·

104 422 199 469 quod
222 425 396 456 matronae
421 425 654 456 consternatae
676 424 933 468 procurrerunt
963 421 1000 455 in
1022 420 1218 468 publicum,

106 496 150 520 ac
181 486 239 520 viz·
259 484 350 533 foro
381 496 418 520 se
445 489 480 520 et
505 486 670 521 concione
695 484 884 520 abstinent.
947 484 997 520 Ut
1018 485 1154 532 captivi
1178 483 1223 519 ab

103 549 310 585 Hannibale
328 549 555 585 redimantur
573 554 753 596 parentes,
775 550 857 590 viri,
879 549 991 591 liberi,
1001 547 1144 596 fratres
1161 560 1223 584 ea-

105 625 187 649 rum
201 615 223 648 ?
255 613 391 650 Procul
406 613 502 650 abest
514 630 526 650 .·
555 613 714 661 absitque
731 625 869 661 semper
885 614 969 649 talis
976 612 1137 662 fortuna
1151 614 1223 649 rei-

101 677 255 727 public-ce
267 694 279 714 .·
306 680 366 715 sed
387 683 519 721 tamen,
537 691 646 727 quum
651 678 747 728 fuit,
766 680 921 725 negastis
936 677 1001 714 hoc
1015 679 1088 726 piis
1104 680 1224 726 preci-

108 743 169 779 bus
188 755 322 780 earum.
379 747 431 780 At
449 756 520 780 non
537 746 656 792 pietas
674 756 737 780 nec
754 744 959 779 sollicitudo
975 756 1044 792 pro
1062 745 1147 786 suis,
1163 744 1226 779 sed

108 808 250 854 religio,
273 809 500 856 congregavit
518 820 588 844 eas.
624 808 783 843 Matrem
805 808 951 850 lilaeam,
972 820 995 843 a
1016 808 1229 844 Pessinunte

109 884 151 911 ex
170 873 334 921 Phrygia
357 874 567 916 venientem,
595 878 794 921 accepturae
824 877 918 910 sunt.
977 873 1076 914 Quid
1101 873 1224 909 hones-

112 941 188 973 tum
217 938 317 973 dictu
344 938 473 973 saltem
496 939 661 973 seditioni
684 938 925 985 praetenditur
944 937 1144 973 muliebri?
1178 937 1228 973 Ut

111 1013 201 1036 auro
216 1005 252 1036 et
268 1013 434 1048 purpura
441 1000 668 1050 fulgeamus,
687 1004 826 1049 inquit;
857 1007 898 1037 ut
917 1003 1106 1050 carpentis,
1117 1001 1229 1049 festis

110 1065 348 1115 profestisque
367 1066 498 1109 diebus,
519 1068 618 1102 velut
644 1066 906 1114 triumphantes
923 1069 967 1102 cle
986 1067 1063 1113 lege
1079 1069 1174 1102 victa
1194 1071 1228 1102 et

112 1131 300 1178 abrogata,
321 1135 358 1166 et
376 1132 492 1178 captis
510 1136 544 1166 et
562 1132 693 1179 ereptis
719 1131 901 1180 suffragiis
924 1132 1061 1173 vestris,
1080 1143 1146 1179 per
1164 1143 1228 1167 ur-

112 1195 186 1231 bem
213 1200 414 1232 vectemur:
441 1208 486 1231 ne
514 1197 611 1232 ullus
642 1197 768 1232 modus
795 1195 978 1239 sumtibus,
1005 1208 1050 1231 ne
1078 1197 1230 1232 luxurioe

109 1262 169 1298 sit.

165 1325 233 1363 IV.
265 1327 367 1375 Saepe
385 1340 441 1364 me
461 1334 663 1376 querentem
683 1329 727 1364 de
735 1327 980 1377 feminarum,
999 1338 1091 1375 saepe
1110 1327 1154 1362 de
1173 1327 1230 1362 vi-

113 1403 249 1433 rorum,
270 1404 333 1428 nec
362 1394 404 1428 (le
419 1394 648 1440 privatorum
671 1395 790 1436 modo,
816 1394 879 1429 sed
903 1394 1013 1429 etiam
1036 1393 1231 1439 magistra-

116 1460 229 1497 tuum,
249 1457 420 1492 sumtibus
434 1458 584 1493 audistis
596 1473 609 1493 .·
640 1458 853 1504 diversisque
868 1458 1002 1493 duobus
1016 1457 1125 1498 vitiis,
1142 1467 1230 1491 ava-

113 1521 200 1556 ritia
219 1525 254 1556 et
274 1522 429 1563 luxuria,
452 1523 632 1558 civitatem
660 1523 849 1558 laborare:
878 1534 955 1570 quae
976 1526 1089 1570 pestes
1111 1521 1232 1556 omnia

114 1596 248 1632 magna
268 1586 419 1634 imperia
438 1591 649 1622 everterunt.
707 1587 797 1622 Haec
821 1598 898 1633 ego,
922 1598 991 1633 quo
1020 1586 1144 1620 melior
1169 1585 1231 1620 lae-

115 1649 253 1697 tiorque
282 1650 318 1685 in
349 1650 423 1686 dies
437 1649 597 1698 fortuna
630 1651 834 1698 reipublicae
871 1654 934 1691 est,
974 1650 1234 1697 ‘imperiumque

116 1715 254 1757 crescit,
280 1719 315 1750 et
334 1712 415 1760 jam
440 1716 477 1750 in
509 1715 684 1750 Graecz‘am
711 1716 906 1762 Asiamque
936 1715 1232 1755 transcendimus,

118 1779 277 1815 omnibus
306 1779 492 1815 libidinum
519 1779 699 1815 inlecebris
722 1781 890 1827 repletam,
918 1784 953 1815 et
980 1780 1098 1825 regias
1123 1780 1235 1813 etiam

116 1845 362 1879 adtractamus
387 1856 510 1891 gazas,
541 1856 580 1879 eo
605 1845 689 1891 plus
716 1844 855 1885 lzorreo,
875 1856 919 1879 ne
946 1845 1018 1880 illoe
1042 1844 1156 1890 magis
1179 1854 1236 1877 res

115 1920 180 1944 nos
204 1910 374 1956 ceperint,
402 1921 509 1957 quani
537 1921 599 1944 nos
629 1909 721 1944 illas.
781 1907 934 1956 Infesta,
967 1908 1056 1943 mibi
1085 1908 1233 1949 credite,

115 1975 218 2022 signa
246 1975 290 2010 ab
316 1974 502 2021 Syracusis
531 1976 648 2010 inlata
679 1979 762 2010 sunt
795 1975 877 2010 huic
905 1974 1005 2011 urbi:
1025 1972 1107 2019 jam
1130 1973 1237 2008 nimis

115 2040 248 2075 multos
273 2040 382 2075 audio
411 2038 575 2074 Corinthi
604 2043 637 2074 et
664 2038 889 2074 Athenarum
913 2042 1128 2074 ornamenta
1154 2037 1235 2072 lau-

118 2103 243 2138 dantes
262 2104 510 2150 mirantesque,
531 2107 566 2138 et
585 2103 741 2151 antefixa
748 2103 889 2150 fictilia
911 2103 1077 2138 Deorum
1099 2101 1236 2136 Roma-

117 2178 246 2202 norum
265 2167 432 2202 ridentes.
490 2167 569 2214 Ego
589 2167 649 2202 hos
668 2167 766 2202 malo
782 2168 961 2215 propitios
980 2167 1100 2209 Deos5
1130 2170 1165 2201 et
1184 2167 1239 2201 ita

118 2242 222 2278 spero
230 2229 397 2281 futuros,
416 2231 448 2266 si
466 2232 503 2266 in
518 2232 589 2266 suis
608 2242 751 2266 manere
769 2231 905 2266 sedibus
916 2230 1111 2279 patiemur.
1160 2230 1238 2265 Pa-

122 2300 218 2330 trum
235 2300 437 2331 nostrorum
454 2296 622 2331 memoria
635 2307 701 2343 per
721 2295 880 2342 legatum
900 2295 1046 2331 Cineam
1063 2293 1238 2341 Pyrrhus,

118 2371 190 2395 non
207 2361 366 2396 virorum
390 2361 510 2403 modo,
536 2360 597 2396 sed
619 2362 728 2395 etiam
754 2361 946 2397 mulierum
971 2360 1110 2395 animos
1139 2359 1241 2395 donis

644 2423 723 2461 U3
