1523 2666
115 268 158 299 U.
171 267 209 298 C.
225 273 296 299 548.

114 312 154 342 Α.
169 310 206 342 C.
223 317 297 343 204.

113 1887 222 1927 CopIae
238 1897 294 1918 na-

111 1939 165 1960 ves
183 1941 258 1961 con-

111 1975 280 2005 scendunt.

314 182 392 227 192
759 185 804 213 T.
832 185 963 213 mvn

311 273 347 310 id
376 285 493 322 genus
524 272 687 309 militum
716 274 1035 324 adspernabatur:
1070 280 1110 310 ut
1136 276 1200 324 qui
1222 287 1344 324 neque
1373 275 1420 310 ad

311 338 463 373 Cannas
483 337 636 386 ignavia
662 350 793 373 eorum
820 338 965 374 cladem
991 344 1185 388 acceptam
1204 339 1331 380 sciret,
1352 350 1419 374 ne-

310 415 383 450 que
410 401 505 438 ullos
533 414 638 450 aeque
665 408 807 438 veteres
835 402 972 438 milites
995 404 1033 438 in
1053 403 1220 439 exercitu
1240 402 1419 439 Romano

310 478 406 508 esse,
424 471 675 516 expertosque
694 478 773 502 non
792 467 904 502 variis
925 466 1067 516 proeliis
1088 467 1216 509 modo,
1233 466 1297 502 sed
1319 465 1421 501 urbi-

308 529 380 566 bus
401 530 516 565 etiam
534 529 813 579 obpugnandis.
853 531 998 569 Quinta
1018 538 1057 566 et
1075 537 1182 567 sexta
1202 531 1420 566 Cannenses

310 600 420 630 erant
438 593 628 642 legiones:
653 606 714 630 eas
735 606 774 629 se
793 593 1040 644 trajecturum
1061 596 1098 630 in
1117 595 1287 631 Africam
1307 605 1424 643 quum

310 658 482 700 dixisset,
502 658 673 706 singulos
700 658 837 694 milites
862 659 1044 708 inspexit:
1078 659 1306 707 relictisque,
1328 669 1433 706 quos

310 734 390 758 non
406 723 563 758 idoneos
580 722 771 765 credebat,
787 724 825 758 in
845 722 970 759 locum
987 736 1117 759 eorum
1134 722 1309 772 subjecit,
1328 733 1421 770 quos

310 799 439 823 secum
458 801 504 824 ex
524 787 637 823 Italia
656 787 862 823 adduxerat
871 804 880 832 ς
914 787 1176 838 supplevitque
1203 787 1258 822 ita
1283 798 1344 822 eas
1368 784 1421 821 le-

310 853 458 900 giones,
481 858 522 887 ut
543 851 701 900 singulae
734 864 824 888 sena
855 852 973 888 millia
1006 859 1042 887 et
1071 852 1236 888 ducenos
1263 851 1420 901 pedites,

310 922 483 952 trecenos
514 916 699 952 haberent
731 917 895 965 equites:
942 917 1133 952 sociorum
1166 916 1257 951 item
1290 914 1423 951 Latini

311 981 476 1017 nominis
513 980 658 1030 pedites
694 982 914 1030 equitesque
952 981 997 1017 de
1030 981 1197 1016 exercitu
1231 978 1423 1015 Cannensi

309 1044 414 1094 legit.

364 1109 496 1146 XXV.
525 1110 724 1149 Quantum
743 1110 907 1147 militum
929 1111 967 1146 in
991 1110 1161 1146 Africam
1187 1114 1422 1158 transporta-

310 1181 393 1212 tum
411 1177 473 1218 sit,
494 1188 572 1211 non
598 1188 715 1225 parvo
736 1188 895 1212 numero
913 1177 1011 1211 inter
1031 1184 1204 1211 auctores
1225 1175 1423 1223 discrepat.

309 1240 415 1276 Alibi
435 1240 565 1276 decem
587 1239 706 1277 millia
732 1241 917 1291 peditum,
939 1241 1013 1276 duo
1037 1239 1154 1275 millia
1180 1246 1218 1275 et
1241 1239 1423 1274 ducentos

311 1305 470 1352 equites,
492 1304 582 1340 alibi
608 1304 771 1340 sedecim
798 1303 917 1339 millia
944 1304 1127 1353 peditum,
1149 1302 1251 1338 mille
1277 1308 1314 1337 et
1340 1313 1424 1337 sex-

310 1374 442 1404 centos
464 1369 634 1418 equites,
659 1368 749 1404 alibi
769 1375 876 1418 parte
896 1367 977 1418 plus
995 1368 1150 1403 dimidia·
1164 1379 1242 1402 rem
1259 1372 1423 1407 auctam,

310 1433 477 1481 quinque
510 1441 549 1469 et
581 1434 740 1482 triginta
773 1433 892 1469 millia
920 1433 1089 1482 peditum
1116 1433 1359 1481 equitumque
1385 1431 1425 1465 in

311 1511 424 1535 naves
446 1500 614 1549 inposita
632 1500 802 1535 invenio:
833 1500 985 1548 quidam
1006 1512 1082 1535 non
1103 1498 1273 1548 adjecere
1292 1509 1424 1532 nume-

310 1578 416 1601 rum:
450 1566 550 1602 intel·
568 1578 663 1615 quos
694 1579 753 1601 me
775 1567 854 1615 ipse
886 1567 925 1601 in
952 1579 990 1601 re
1021 1565 1136 1601 dubia
1161 1564 1252 1614 poni
1281 1563 1423 1599 malim.

309 1628 469 1671 Coelius,
491 1636 534 1664 ut
558 1630 725 1665 abstinet
750 1642 924 1671 numero,
950 1630 1002 1664 ita
1027 1629 1074 1665 ad
1093 1630 1306 1664 inmensum
1328 1625 1423 1661 mul-

307 1693 481 1729 titudinis
498 1694 661 1742 speciem
679 1700 803 1742 auget.
835 1693 1020 1729 Volucres
1038 1694 1083 1729 ad
1100 1700 1240 1728 terram
1250 1691 1419 1741 delapsas

308 1757 473 1793 clamore
499 1758 662 1794 militum
683 1759 750 1800 ait,
771 1764 993 1806 tantamque
1021 1757 1302 1793 multitudinem
1332 1768 1424 1792 con-

308 1821 497 1858 scendisse
514 1835 641 1865 naves,
657 1828 698 1857 ut
710 1834 823 1858 nemo
836 1822 1067 1864 mortalium,
1083 1828 1147 1857 aut
1163 1822 1201 1856 in
1216 1820 1341 1862 Italia,
1359 1825 1423 1855 aut

308 1886 347 1921 in
368 1885 510 1928 Sicilia,
532 1886 694 1935 relinqui
715 1887 817 1921 vider
838 1879 914 1921 stur.
945 1886 1091 1921 Milites
1115 1893 1154 1922 ut
1174 1886 1211 1921 in
1229 1897 1341 1920 naves
1361 1896 1424 1919 or-

309 1948 394 1985 dine
421 1963 465 1986 ac
494 1950 575 1985 sine
601 1949 767 1985 tumultu
797 1950 1108 1992 conscenderent,
1137 1950 1216 1998 ipse
1243 1961 1325 1984 eam
1352 1947 1424 1983 sibi

308 2026 433 2050 curam
449 2015 601 2049 sumsit:
625 2015 798 2049 nauticos
816 2013 1025 2056 C.Laelius,
1043 2014 1106 2062 qui
1124 2013 1251 2049 classis
1268 2012 1424 2062 praefec-

306 2085 366 2114 tus
387 2084 482 2121 erat,
502 2079 541 2113 in
561 2079 736 2121 navibus,
757 2086 845 2114 ante
865 2078 1117 2114 conscendere
1143 2084 1311 2120 coactos,
1333 2090 1426 2113 con-

304 2142 433 2178 tinuit.
491 2142 735 2178 Commeatus
762 2142 969 2192 inponendi
1009 2142 1065 2177 M.
1087 2142 1301 2191 Pomponio
1328 2154 1422 2191 prae-

304 2205 379 2241 tori
402 2217 491 2241 cura
510 2206 617 2241 data:
645 2207 809 2254 quinque
830 2213 867 2241 et
886 2205 1137 2254 quadraginta
1157 2205 1301 2241 dierum
1321 2205 1424 2242 ciba-

303 2272 372 2316 ria,
393 2284 412 2308 e
431 2271 567 2321 quibus
588 2272 800 2321 quindecim
822 2272 966 2308 dierum
993 2278 1115 2314 cocta,
1137 2272 1314 2322 inposita.
1371 2271 1426 2308 Ut
