1507 2656
255 234 409 263 LIBER
434 229 615 261 xxxv1.
648 228 754 257 cAr.
779 227 932 257 XV111.
1064 214 1145 268 581

38 325 122 373 quin
141 324 183 360 ab
210 323 369 359 Gadibus
397 322 445 357 ad
476 332 572 356 mare
590 318 734 354 rubrum
758 319 895 353 Oceano
913 317 1008 365 fines
1028 316 1147 351 termi-
1162 318 1253 349 U.C.
1269 324 1342 350 561.

36 400 171 430 nemus,
194 389 255 436 qui
274 387 388 422 orbem
408 390 584 420 terrarum
604 383 770 431 amplexu
786 382 890 430 finit,
910 385 944 415 et
963 392 1064 415 omne
1084 379 1148 414 Ιιιι-
1162 364 1201 392 Α·
1215 363 1251 392 C.
1271 368 1340 394 ¹9¹·

36 463 179 488 mamam
197 462 308 498 genus
324 449 513 485 secundum
536 447 636 483 Deos
663 458 789 482 nomen
816 445 1019 480 Romanum
1047 455 1149 479 vene-

35 517 167 551 retur?
196 515 239 550 In
259 514 331 550 lzaec
355 518 458 549 tanta
481 513 631 560 proemia
652 513 775 559 (lignos
792 515 922 558 parate
940 511 1088 551 animos,
1109 513 1150 544 ut

35 580 189 615 crastino
210 580 280 621 (lie,
302 579 385 614 bene
395 576 605 624 juvantibus
621 578 722 619 Diis,
743 578 819 612 acie
839 576 1080 611 decernamus.

89 642 244 679 XVIII.
274 642 334 678 Ab
360 643 431 678 hac
461 642 645 678 concione
675 640 816 675 dimissi
846 639 998 682 milites,
1025 639 1145 688 prius-
1159 641 1268 681 Pugna
1285 641 1324 670 ad

1041 702 1146 739 Luce
1158 686 1319 715 Thermo-

35 720 148 756 quam
169 720 329 757 corpora
347 712 536 749 curarent,
558 718 662 741 arma
681 705 831 753 telaque
848 710 994 754 parant.
1160 729 1261 769 pylas*

35 771 171 820 prima,
189 771 299 819 signo
315 783 449 820 pugnae
467 770 679 820 proposito,
696 769 848 804 instruit
865 768 982 804 aciem
1001 766 1146 810 consul,

37 841 120 871 arta
148 834 289 878 fronte,
322 834 369 870 ad
401 841 576 870 naturam
606 839 643 869 et
677 833 870 881 angustias
903 831 990 868 loci.
1046 831 1147 875 Rex,

35 905 237 949 postquam
265 899 374 947 signa
402 898 570 934 hostium
597 897 808 947 conspexit,
837 903 874 933 et
907 897 985 946 ipse
1020 897 1148 947 copias

37 963 179 999 eduxit.
209 962 322 999 Levis
340 969 537 998 armaturae
551 969 696 1012 partem
713 968 801 998 ante
820 960 958 997 vallum
973 961 1009 996 in
1026 960 1149 1011 primo

36 1025 178 1063 locavit
196 1044 206 1072 3
230 1035 311 1063 tum
330 1027 584 1063 Blacedonum
599 1026 729 1069 robur,
747 1039 840 1076 quos
856 1026 1147 1076 Sarissophoros

37 1093 293 1143 adpellabant‚
323 1093 425 1128 velut
458 1093 735 1128 firmamentum
766 1092 864 1126 circa
892 1091 991 1140 ipsas
1022 1090 1147 1126 muni-

35 1157 159 1194 tiones
181 1158 380 1193 constituit
398 1171 405 1193 :
437 1157 495 1193 his
517 1156 563 1192 ab
584 1156 738 1192 sinistro
759 1154 1149 1205 cornujaculatorum

37 1224 395 1273 sagittariorumque
416 1230 453 1259 et
472 1223 705 1259 funditorum
725 1234 877 1258 manum
898 1221 967 1257 sub
988 1221 1076 1271 ipsis
1091 1233 1152 1256 ra-

35 1287 180 1324 dicibus
201 1289 341 1324 montis
363 1289 503 1338 posuit,
527 1294 565 1324 ut
587 1300 632 1324 ex
652 1287 787 1323 altiore
806 1286 892 1322 loco
912 1286 1013 1322 nuda
1032 1285 1152 1322 latera.

36 1351 204 1387 hostium
222 1352 452 1388 incesserent
471 1367 478 1387 z
509 1351 555 1388 ab
577 1352 709 1387 dextro
728 1349 1004 1386 Macedonibus
1027 1350 1071 1385 ad
1093 1350 1151 1399 ip-

39 1428 121 1452 sum
141 1417 461 1453 munimentorum
483 1416 608 1459 finem,
630 1429 703 1465 qua
723 1415 807 1451 loca
827 1427 942 1464 usque
972 1414 1018 1450 ad
1047 1426 1150 1450 mare

38 1480 140 1516 invia
159 1480 316 1531 palustri
337 1481 427 1517 limo
445 1486 482 1516 et
497 1480 738 1529 voraginibus
761 1479 953 1521 claudunt,
971 1478 1150 1528 elephan-

36 1549 98 1580 tos
119 1557 203 1580 cum
222 1545 378 1580 adsueto
395 1545 570 1594 praesidio
588 1545 739 1594 posuit5
771 1552 858 1594 post
878 1555 956 1585 eos,
979 1543 1146 1592 equites3

35 1612 131 1651 tum,
152 1608 302 1644 modico
325 1608 524 1644 intervallo
545 1608 691 1651 relicto,
713 1614 854 1644 ceteras
876 1608 1003 1658 copias
1032 1607 1070 1642 in
1091 1619 1150 1643 se-

39 1672 162 1708 cunda
181 1673 272 1710 acie.
328 1672 576 1716 Macedones,
598 1685 665 1722 pro
686 1672 784 1708 vallo
804 1672 933 1715 locati,
955 1672 1077 1722 primo
1093 1672 1150 1708 sa-

38 1737 109 1772 cile
130 1738 368 1774 sustinebant
395 1737 607 1781 Romanos,
630 1744 821 1774 tentantes
849 1738 895 1773 ab
923 1738 1024 1773 omni
1046 1744 1152 1787 parte

38 1802 186 1838 aditus:
220 1802 378 1838 multum
400 1802 683 1852 adjuvantibus,
705 1804 768 1852 qui
789 1816 833 1838 ex
853 1803 939 1838 loco
960 1802 1153 1852 superiore

35 1864 177 1908 fundis,
198 1865 300 1900 velut
320 1865 504 1908 nimbum,
530 1865 683 1914 glandes
714 1874 751 1901 et
781 1866 937 1914 sagittas
968 1864 1079 1901 simul
1108 1878 1151 1901 ac

29 1927 161 1978 jacula
181 1929 416 1978 ingerebant.
472 1930 637 1972 Deinde,
659 1936 700 1965 ut
731 1929 866 1980 major,
896 1943 965 1966 nec
987 1929 1070 1979 jam
1090 1936 1151 1965 to-

35 1992 190 2029 leranda
221 1994 273 2029 vis
303 1995 469 2030 hostium
506 1994 691 2030 inferebat
718 2007 770 2037 se,
804 1994 902 2044 pulsi
933 1994 1016 2030 loco
1052 1994 1152 2030 intra

37 2057 287 2100 munimenta,
305 2057 496 2093 subductis
519 2057 730 2099 ordinibus,
751 2063 1042 2103 concesserunt5
1065 2058 1151 2093 inde

38 2133 84 2156 ex
101 2119 199 2155 vallo
215 2133 332 2170 prope
348 2120 506 2156 alterum
524 2121 675 2163 vallum,
693 2122 809 2157 hastis
827 2135 902 2171 prae
919 2134 957 2157 se
973 2121 1149 2173 objectis,

37 2184 209 2221 fecerunt
228 2200 234 2221 z
269 2192 306 2220 et
326 2186 379 2220 ita
399 2185 545 2222 modica
567 2185 727 2221 altitudo
749 2186 833 2222 valli
858 2193 952 2229 erat,
975 2193 1015 2223 ut
1035 2194 1071 2222 et
1092 2186 1149 2223 lo-

38 2263 123 2286 cum
158 2251 388 2301 superiorem
420 2251 465 2287 ad
495 2252 739 2301 pugnandum
770 2252 844 2286 suis
883 2250 1081 2300 praeberet,
1112 2258 1150 2289 et

39 2320 194 2365 propter
227 2314 500 2363 longitudinem
531 2316 722 2352 hastarum
753 2313 964 2365 subjectum
995 2313 1150 2352 haberet

39 2378 201 2416 hostem.
256 2379 387 2424 Multi,
409 2387 549 2416 temere
579 2379 781 2417 subcuntes
804 2379 955 2424 vallum,
978 2379 1151 2419 transfixi

517 2443 546 2481 C
568 2456 586 2482 c
606 2445 628 2481 3
