1523 2666
146 281 189 311 U.
202 281 237 311 C.
255 289 313 313 55⁴2

144 327 182 355 A.
198 325 234 356 C.
252 332 314 357 200

342 196 424 239 290
799 196 846 226 T.
869 196 1001 226 mvn

319 303 326 311 ·
341 285 596 322 Macedonum
612 286 852 331 tenebantur,
870 288 909 324 in
925 289 1146 326 societatem
1163 290 1340 341 acceptis.
1376 291 1448 327 At-

319 349 458 387 'talum
479 351 646 400 AEginae,
667 353 772 388 missi
792 354 830 388 in
852 351 1039 390 AEtoliam
1059 356 1202 398 nuncii,
1220 348 1447 406 exspectati-

338 429 411 465 que
434 416 519 452 inde
541 416 670 465 legati,
698 416 928 466 aliquamdiu
953 419 1048 455 nihil
1075 427 1251 469 agentem
1269 425 1446 465 tenuere;

337 485 375 516 et
402 493 522 529 neque
548 480 632 516 illos
664 482 788 516 excire
808 482 854 518 ad
873 496 976 519 arma
996 484 1135 533 potuit,
1164 484 1368 533 gaudentes
1388 489 1449 520 ut-

337 558 497 594 cumque
517 546 728 594 composita
745 558 828 581 cum
846 547 1024 597 Philippo
1044 562 1136 598 pace
1153 564 1159 585 :
1184 555 1221 585 et
1240 550 1320 600 ipse
1338 547 1449 585 Rho-

337 612 477 660 diique,
499 611 529 646 si
553 610 779 646 institissent
804 615 895 646 tunc
925 611 1118 663 Philippo,
1140 615 1333 662 egregium
1352 613 1449 650 libe-

335 682 427 713 ratae
451 689 517 726 per
541 687 580 711 se
601 675 757 711 Graeciae
780 675 933 712 titulum
951 676 1092 714 habere
1113 680 1348 728 potuissent3
1380 692 1448 729 pa-

334 740 465 776 tiendo
491 751 618 776 rursus
639 752 725 775 eum
747 740 784 775 in
809 739 1104 791 Hellespontum
1123 740 1312 791 trajicere,
1333 738 1448 780 occu-

332 812 562 855 pantemque
583 804 740 841 Graeciae
763 811 982 855 opportuna
1007 805 1093 842 loca
1118 806 1214 843 vires
1238 806 1445 856 conligere,

331 869 474 905 bellum
507 869 656 915 aluere3
702 869 937 919 gloriamque
970 868 1050 921 ejus
1084 871 1182 920 gesti
1214 871 1448 923 perfectique

331 932 518 970 Romanis
540 939 821 970 concesserunt,

385 998 497 1035 XVI.
527 998 724 1049 Philippus
745 999 864 1047 magis
881 1000 986 1048 regio
1007 1001 1133 1037 animo
1154 1006 1211 1036 est
1230 1013 1317 1036 usus
1334 1014 1342 1036 :
1365 1001 1444 1050 qui,

330 1077 445 1113 quum
466 1063 640 1100 Attalum
659 1063 910 1112 Rhodiosque
932 1064 1061 1100 hostes
1088 1078 1166 1101 non
1188 1065 1444 1111 sustinuisset,

330 1141 378 1164 ne
397 1128 576 1164 Romano
597 1128 762 1178 quidem,
784 1129 883 1177 quod
906 1130 1131 1173 inminebat,
1151 1129 1254 1166 bello
1275 1131 1444 1176 territus,

299 1184 302 1186 ⁵
329 1193 501 1230 Philocle
521 1193 686 1243 quodam
709 1206 755 1230 ex
781 1193 969 1244 praefectis
991 1194 1066 1230 suis
1087 1207 1172 1231 cum
1192 1194 1339 1232 duobus
1360 1196 1445 1233 mil-

133 1975 298 2016 Philippus

131 2021 284 2059 Abydum

131 2064 264 2095 obsidet.

329 1259 427 1295 libus
466 1259 647 1309 peditum,
687 1258 877 1308 equitibus
912 1258 1083 1295 ducentis
1122 1260 1169 1296 ad
1201 1260 1441 1311 populandos

328 1323 622 1360 Atheniensium
644 1336 754 1372 agros
782 1323 912 1366 misso,
935 1323 1052 1359 classe
1071 1323 1212 1360 tradita
1230 1324 1441 1369 Heraclidi,

325 1394 369 1425 ut
386 1387 613 1424 Maroneam
633 1393 793 1438 peteret,
815 1388 894 1438 ipse
914 1393 1016 1424 terra
1035 1388 1167 1424 eodem
1183 1401 1270 1425 cum
1286 1390 1441 1440 expedi-

324 1454 373 1490 tis
392 1453 538 1490 duobus
560 1453 724 1490 millibus
745 1453 928 1504 peditum,
951 1452 1140 1503 equitibus
1161 1453 1332 1490 ducentis
1355 1467 1442 1504 per-

325 1519 394 1567 git.
450 1518 503 1554 Et
528 1517 755 1554 Maroneam
774 1517 925 1567 quidem
949 1518 1072 1568 primo
1092 1518 1224 1568 inpetu
1245 1530 1440 1570 expugna-

325 1583 402 1619 vit:
435 1583 580 1619 AEnuin
601 1583 686 1619 inde
706 1595 791 1619 cum
810 1595 951 1631 magno
972 1581 1117 1625 labore,
1135 1589 1329 1632 postremo
1352 1596 1441 1634 pro-

326 1648 471 1683 ditione
492 1648 722 1697 Ganymedis
749 1647 919 1697 praefeeti
943 1646 1156 1690 Ptolemaei,
1179 1648 1301 1697 cepit:
1335 1648 1441 1685 dein-

328 1725 414 1762 ceps
445 1712 519 1749 alia
552 1712 719 1755 castella,
756 1711 932 1762 Cypsela,
967 1718 1005 1748 et
1035 1711 1243 1755 Doriscon,
1282 1719 1320 1748 et
1355 1713 1442 1750 Ser-

327 1777 474 1821 rheum,
496 1784 676 1828 occupat:
710 1777 797 1813 inde
826 1789 1047 1828 progressus
1072 1777 1119 1813 ad
1147 1777 1440 1822 Chersonesum,

327 1841 504 1878 Elaeunta
524 1849 562 1878 et
581 1842 928 1892 Alopeconnesum,
951 1840 1188 1877 tradentibus
1210 1842 1316 1892 ipsis,
1337 1854 1441 1880 rece-

328 1908 396 1957 pit.
427 1906 622 1957 Callipolis
644 1919 795 1956 quoque
816 1912 852 1941 et
871 1905 1052 1956 BIadytos
1071 1906 1212 1949 dedita,
1229 1912 1266 1942 et
1286 1906 1441 1944 castella

329 1972 500 2021 quaedam
521 1971 715 2021 ignobilia.
772 1970 960 2020 Abydeni,
981 1983 1028 2006 ne
1048 1959 1181 2019 legatis
1203 1971 1353 2020 quidem
1374 1973 1441 2009 ad-

329 2037 465 2079 missis,
500 2038 579 2085 regi
612 2043 740 2086 portas
767 2036 1005 2072 clauserunt:
1039 2049 1083 2072 ea
1109 2035 1346 2086 obpugnatio
1377 2037 1442 2074 diu

327 2102 546 2151 Philippum
572 2102 719 2138 tenuit:
753 2102 920 2152 eripique
947 2115 993 2137 ex
1019 2100 1231 2144 obsidione,
1253 2101 1292 2137 ni
1315 2114 1439 2139 cessa-

327 2177 406 2203 tum
428 2166 474 2202 ab
495 2166 628 2202 Attalo
645 2172 683 2202 et
702 2165 863 2202 Rhodiis
883 2166 996 2209 foret,
1019 2173 1237 2216 potuerunt.
1284 2166 1437 2203 Attalus

325 2238 516 2267 trecentos
537 2237 685 2267 tantum
707 2230 843 2267 milites
871 2231 907 2266 in
928 2231 1157 2282 praesidium,
1178 2230 1323 2267 Rhodii
1343 2243 1435 2281 qua-

325 2296 523 2332 driremem
543 2308 657 2331 unam
673 2308 718 2331 ex
735 2295 866 2339 classe,
888 2309 1003 2346 quum
1023 2296 1069 2332 ad
1088 2296 1285 2332 Tenedum
1305 2302 1436 2340 staret,

325 2360 531 2397 miserunt:
565 2360 696 2397 eodem
719 2366 866 2412 postea,
887 2373 1003 2411 quum
1022 2358 1105 2410 jain
1124 2362 1187 2397 vix
1207 2360 1435 2398 sustinerent
