1523 2666
98 303 142 334 U.
157 304 281 335 C.5s⁵.

100 348 140 378 A.
154 347 191 380 C.
209 350 280 380 197.

96 1274 170 1312 Argi
187 1273 254 1303 Na-

94 1316 158 1346 bidi
176 1323 239 1347 tra-

96 1362 227 1390 duntur.

94 1722 226 1753 Nabidis

97 1772 223 1794 avaritia
239 1771 269 1795 et

93 1809 274 1839 crudelitas.

292 192 378 248 376
749 204 795 232 T.
820 203 953 233 mvn

294 295 339 332 de
357 295 513 332 Achaiae
534 292 705 338 urbibus,
727 295 894 344 regionis
916 293 962 331 ab
983 306 1022 330 se
1043 292 1210 339 diversae,
1231 299 1270 332 et
1290 299 1406 346 magis

293 366 421 396 tamen
442 359 486 395 de
505 359 634 407 Argis,
654 371 768 408 quain
795 358 840 395 de
861 358 1064 401 Corintho,
1086 358 1286 403 sollicitus,
1307 361 1407 410 opti-

292 436 398 460 mum
426 429 529 459 ratus
558 423 702 459 Nabidi
731 435 815 458 eam
843 422 1223 458 Lacedaernoniorum
1243 430 1406 472 tyranno

294 488 398 525 velut
417 488 648 524 fiduciariam
669 488 771 530 dare,
793 494 835 524 ut
856 487 988 523 victori
1010 486 1082 522 sibi
1104 488 1344 533 restitueret;
1377 488 1409 524 si

295 552 385 601 quid
415 551 558 587 adversi
589 551 799 593 accidisset,
828 551 908 600 ipse
936 550 1112 595 haberet3
1146 550 1323 594 Philocli,
1345 551 1410 600 qui

296 615 485 651 Corintho
517 616 707 664 Argisque
738 620 913 664 praeerat,
950 613 1094 657 scribit,
1130 621 1171 650 ut
1205 622 1406 664 tyrannum

295 680 375 730 ipse
398 680 630 716 conveniret.
688 679 892 722 Philocles,
923 685 1174 729 praeterquam
1204 680 1305 728 quod
1324 679 1408 729 jam

293 744 470 781 veniebat
490 757 575 780 cum
594 756 763 787 munere,
785 743 916 794 adjicit
937 743 983 779 ad
1004 744 1142 793 pignus
1162 743 1300 779 futurae
1326 744 1407 792 regi

293 823 379 846 cum
409 816 573 859 tyranno
608 810 799 852 amicitiae,
834 809 928 845 filias
964 821 1050 844 suas
1083 820 1212 856 regem
1245 807 1406 845 Nabidis

293 874 377 911 filiis
398 875 643 910 matrimonio
664 874 898 924 conjungere
918 872 1024 910 velle.
1062 872 1263 922 Tyrannus
1283 873 1407 923 primo

290 951 444 987 negare,
466 937 575 974 aliter
595 937 726 973 urbem
747 950 830 973 eam
855 950 895 973 se
921 943 1178 987 accepturum,
1200 937 1272 972 nisi
1293 937 1405 986 Argi-

290 1014 424 1038 vorum
443 1003 612 1052 ipsorum
632 1002 784 1038 decreto
805 1002 1005 1037 arcessitus
1029 1001 1077 1036 ad
1100 1000 1281 1036 auxilium
1303 1000 1405 1036 urbis

290 1073 413 1103 esset:
447 1066 593 1108 deinde,
615 1072 655 1101 ut
678 1066 867 1115 frequenti
889 1067 1077 1102 concione
1104 1078 1183 1102 non
1203 1065 1406 1114 adsperna-

290 1139 352 1168 tos
371 1132 501 1175 modo,
522 1131 587 1168 sed
607 1131 848 1168 abominatos
870 1132 984 1167 etiarn
1008 1144 1147 1167 nomen
1167 1131 1319 1179 tyranni
1339 1144 1406 1167 au-

291 1197 398 1240 divit,
413 1208 583 1233 caussam
597 1208 636 1232 se
652 1195 839 1246 spoliandi
856 1209 919 1232 eos
936 1203 1090 1232 nactum
1106 1202 1224 1238 ratuS,
1241 1195 1403 1238 tradere,

291 1261 356 1298 ubi
376 1261 502 1305 vellet,
525 1261 671 1304 urbem,
692 1260 902 1296 Philoclem
916 1259 1044 1310 jussit.
1101 1260 1242 1304 Nocte,
1263 1261 1404 1308 ignaris

288 1324 480 1368 omnibus,
515 1331 692 1375 acceptus
721 1325 759 1360 in
791 1324 922 1360 urbem
954 1330 1011 1359 est
1040 1329 1242 1373 tyrannus:
1284 1324 1407 1373 prima

288 1390 372 1426 lnce
393 1395 555 1439 occupat
575 1389 770 1439 superiora
791 1390 919 1425 omnia
946 1388 1054 1425 loca:
1087 1394 1281 1438 portaeque
1301 1388 1405 1425 clau·

289 1467 351 1490 sae..
392 1454 529 1490 Paucis
545 1454 758 1504 principum
779 1453 984 1490 tumultum
1003 1453 1101 1489 inter
1120 1454 1283 1503 primum
1303 1453 1406 1503 elap-

289 1520 353 1563 sis,
376 1532 506 1555 eorum
527 1519 742 1555 absentium
763 1518 917 1568 direptae
938 1518 1122 1554 fortunae:
1154 1518 1403 1568 praesentibus

290 1597 422 1620 aurum
443 1589 556 1633 atque
577 1590 776 1633 argentum
798 1583 990 1619 ablatum:
1023 1583 1194 1633 pecuniae
1211 1583 1404 1632 imperatae

289 1649 464 1697 ingentes
481 1663 488 1684 z
522 1650 677 1696 quinon
699 1654 922 1684 cunctanter
938 1647 1146 1690 contulere,
1168 1647 1248 1684 sine
1268 1654 1406 1683 contu-

288 1712 402 1749 melia
436 1719 473 1748 et
503 1713 733 1749 laceratione
764 1725 966 1763 corporum
996 1718 1084 1748 sunt
1113 1712 1275 1748 dimissi:
1309 1724 1403 1761 quos

291 1777 463 1814 occulere
480 1784 545 1814 aut
564 1778 755 1813 retrahere
776 1777 918 1826 aliquid
938 1778 1103 1827 suspicio
1121 1777 1208 1820 fuit,
1229 1777 1268 1813 in
1289 1778 1406 1813 servi-

289 1842 362 1878 lem
383 1843 538 1878 modum
556 1842 712 1878 lacerati
743 1848 855 1891 atque
881 1843 1034 1879 extorti.
1092 1842 1290 1879 Concione
1317 1842 1404 1878 inde

290 1907 488 1948 advocata,
510 1907 751 1954 rogationem
777 1907 1058 1956 promulgavit3
1093 1920 1205 1943 unam
1226 1907 1271 1942 de
1290 1907 1403 1943 tabu-

289 1970 334 2007 lis
358 1971 481 2012 novis,
509 1969 667 2005 alteram
696 1969 740 2005 de
767 1983 859 2018 agro
887 1971 1026 2006 viritim
1053 1970 1278 2015 dividend03
1311 1970 1403 2007 duas

289 2035 390 2071 faces
411 2034 641 2070 novantibus
666 2047 722 2070 res
750 2034 796 2070 ad
815 2034 963 2085 plebem
985 2035 1023 2071 in
1044 2035 1247 2086 optimates
1268 2047 1403 2072 accen-

289 2099 460 2135 (leudam.

345 2162 546 2199 XXXIX.
576 2162 785 2211 Postquam
806 2163 844 2199 in
862 2169 1051 2214 potestate
1068 2165 1297 2213 Argivorum
1313 2164 1405 2201 civi·

289 2235 347 2264 tas
368 2233 462 2270 erat,
479 2226 576 2263 nihil
596 2227 674 2277 ejus
697 2240 842 2263 memor
861 2235 1059 2278 tyrannus,
1081 2241 1102 2265 a
1119 2242 1194 2278 quo
1210 2242 1292 2265 eam
1313 2229 1403 2265 civi-

287 2298 420 2336 tatem,
443 2300 479 2329 et
507 2307 618 2342 quam
649 2295 685 2329 in
718 2295 977 2331 conditionem
1008 2295 1229 2345 accepisset,
1256 2295 1401 2344 legatos

286 2356 455 2394 Elatiam
482 2358 529 2394 ad
563 2358 802 2403 Quinctium,
832 2366 868 2396 et
891 2359 1064 2396 Attalum
1091 2359 1245 2409 AEginae
1277 2359 1403 2396 hiber-
