1507 2656
317 194 467 222 Lmen
493 191 683 220 xxv111.
717 171 992 218 εΑΡ.’ΧΧιΧ.
1130 184 1208 230 125

96 288 219 318 contra
241 283 329 318 cives
348 286 478 318 vestros
487 280 641 329 ferretis
655 281 675 315 Γ)
703 278 871 326 Africam
891 279 1024 320 Italiae,
1047 277 1209 314 Kartha·
1224 283 1265 312 U.
1280 282 1316 311 C.
1330 287 1401 311 546.

97 349 214 393 ginem
251 347 329 382 urbi
366 345 537 381 Romame
573 346 751 392 imperare
793 344 966 379 velletis?
1013 343 1133 383 Quam
1169 342 1211 378 ob
1224 326 1404 357 A.C.206.

99 423 225 446 noxam
243 412 374 458 patriae
387 411 408 444 ζ)

152 475 309 510 XXIX.
343 473 573 509 Coriolanum
617 472 797 519 quondam
843 471 1030 506 danmatio
1063 469 1212 516 injusta,

97 541 262 574 miserum
288 542 322 573 et
348 538 533 584 indignum
559 536 735 577 exsilium,
767 539 808 570 ut
833 536 903 571 iret
932 536 981 570 ad
1006 535 1212 583 obpugnan-

97 604 180 638 dam
198 603 369 650 patriam,
392 601 550 648 inpulit:
577 601 756 635 revocavit
786 603 904 634 tamen
925 612 946 634 a
962 598 1107 646 publico
1123 612 1214 647 par-

95 668 222 702 ricidio
239 667 384 714 privata
401 666 528 713 pietas.
590 663 658 698 Vos
677 665 737 711 qui
757 664 874 705 dolor,
897 675 973 710 quoe
1000 664 1058 698 ira
1084 664 1213 699 incita-

95 732 178 766 vit?
206 730 480 777 Stipendiunme
505 727 624 762 diebus
645 728 775 774 paucis
803 728 1020 774 imperatore
1047 739 1142 774 (egro
1160 739 1214 763 se-

97 797 173 831 rius
190 798 416 830 numeratum
432 793 520 827 sutis
539 792 647 838 digna
667 803 790 827 caussa
799 790 895 839 fuit,
921 803 984 826 eur
1000 793 1131 838 patriae
1160 793 1215 827 in-

97 859 262 894 diceretis
287 858 415 893 bellum
431 857 451 891 ἑ)
480 867 542 891 cur
567 855 616 890 ad
643 855 814 902 Ilergetes
841 855 1076 890 descisceretis
1103 868 1126 891 α
1147 868 1215 904 po-

94 923 185 971 pulo
205 922 370 958 Romano
386 924 407 956 ἕ)
436 932 498 956 cur
516 919 609 955 nihil
628 920 832 955 divinarum
859 919 1141 956 hurrzanarumve
1158 932 1216 957 re-

97 1001 179 1025 rum
200 988 407 1024 inviolatum
436 986 531 1021 vobis
553 990 641 1021 esset
657 987 678 1020 ‚9
707 987 896 1022 Insanistz's
921 985 1098 1034 profecto,
1122 987 1217 1022 mili-

99 1057 174 1089 tes:
204 1064 267 1088 nec
298 1049 414 1096 major
441 1052 478 1085 in
506 1061 633 1097 corpus
659 1061 776 1085 meum
804 1051 856 1086 vis
885 1051 1011 1092 morbi,
1044 1062 1151 1097 quam
1179 1053 1217 1085 in

97 1122 232 1154 vestras
254 1121 400 1158 mentes,
428 1116 570 1150 invasit.
627 1114 763 1150 Horret
792 1116 933 1150 animus
960 1113 1111 1163 referre,
1133 1116 1219 1162 quid

99 1183 318 1218 crediderint
337 1181 504 1223 homines,
527 1179 613 1227 quid
630 1180 866 1226 speraverint,
893 1180 979 1227 quid
1001 1180 1218 1228 optaverint.

97 1246 255 1296 Auferat
274 1247 394 1282 omnia
411 1246 521 1280 irrita
539 1244 681 1287 oblivio,
701 1246 730 1279 si
749 1249 891 1292 potest:
918 1245 949 1280 si
971 1256 1055 1287 non,
1076 1248 1216 1280 utcum-

98 1323 167 1359 que
182 1311 364 1346 silentium
384 1313 493 1356 tegat.
541 1308 624 1344 Non
643 1309 860 1355 negaverim,
883 1308 1020 1344 tristem
1040 1312 1216 1344 atrocem-

101 1387 168 1424 que
201 1376 297 1412 vobis
334 1376 446 1411 visam
480 1375 678 1409 orationem
715 1385 853 1417 meam,-
901 1378 1035 1421 quanto
1072 1374 1219 1409 creditis

90 1439 201 1489 facta
225 1445 343 1477 vestra
373 1440 554 1475 atrociora
579 1449 662 1480 esse,
695 1450 802 1485 quam
832 1439 931 1473 dicta
959 1438 1072 1473 mea?
1099 1441 1134 1473 et
1163 1448 1219 1473 me

99 1516 156 1547 ea,
173 1517 250 1553 quae
258 1504 414 1553 fecistis,
433 1503 515 1551 pati
534 1514 673 1550 aequum
695 1503 864 1538 censetis:
893 1513 953 1537 vos
974 1512 1018 1537 ne
1037 1502 1109 1537 dici
1137 1502 1217 1549 qui-

100 1570 182 1605 dem
211 1570 333 1605 omnia
358 1579 457 1616 (equo
483 1568 603 1602 animo
620 1565 808 1615 ferretis.9
836 1565 910 1601 Sed
938 1577 982 1601 ne
1007 1577 1049 1601 ea
1074 1566 1218 1613 quidem

96 1634 176 1680 ipsa
193 1633 294 1669 ultra
313 1631 640 1680 exprobrabantur:
669 1631 809 1665 utinam
837 1634 910 1664 tam
929 1628 1049 1677 facile
1075 1641 1134 1665 vos
1155 1628 1215 1665 ob-

100 1698 314 1733 liviscamini
332 1708 467 1738 eorum,
489 1707 595 1743 quam
619 1706 683 1741 ego
703 1694 900 1730 obliviscar.
959 1693 1102 1741 Itaque,
1123 1695 1217 1741 quod

98 1763 147 1797 ad
166 1773 224 1797 vos
241 1763 421 1797 universos
439 1761 592 1802 adtinet,
612 1761 642 1794 si
662 1760 790 1794 erroris
807 1759 966 1805 pcenitet,
986 1759 1074 1794 satis
1091 1770 1216 1806 super-

100 1837 166 1873 que
191 1837 379 1874 poenarum
405 1824 527 1860 habeo.
583 1823 710 1858 Albius
738 1822 902 1864 Calenus,
924 1827 959 1857 et
976 1823 1104 1857 Atrius
1129 1822 1216 1858 Um-

99 1889 170 1932 ber,
192 1894 228 1925 et
247 1890 353 1925 ceteri
379 1887 530 1936 nefariae
556 1887 740 1923 seditionis
762 1890 936 1928 auctores,
956 1887 1131 1932 sanguine
1160 1887 1215 1922 ῑιι-

98 1958 170 1996 ent,
199 1955 293 2002 quod
321 1955 553 1989 admiserunt.
615 1951 716 1986 Vobis
740 1951 908 1998 supplicii
927 1962 1048 1986 eorum
1076 1955 1217 1998 specta-

97 2018 218 2053 culum
246 2029 317 2053 non
347 2018 452 2052 modo
480 2028 550 2051 rzon
583 2015 761 2056 acerbum,
791 2014 853 2049 sed
879 2015 1001 2049 laetum
1030 2016 1152 2057 etiam,
1186 2017 1218 2050 si

97 2094 187 2118 suna
212 2093 310 2117 mens
334 2082 455 2122 rediit,
478 2080 578 2115 debet
597 2091 692 2115 esse:
722 2080 766 2114 cle
790 2079 898 2114 nullis
917 2080 1024 2120 enim,
1046 2091 1154 2126 quam
1174 2080 1217 2114 de

96 2146 203 2188 vobis,
224 2145 386 2194 infestius
405 2150 469 2181 aut
492 2145 669 2180 inimicius
688 2144 954 2179 consuluerunt.
1009 2142 1083 2178 Vix
1102 2142 1216 2179 finem

100 2209 247 2245 dicendi
272 2209 428 2252 fecerat,
450 2221 565 2257 quum
592 2221 637 2244 ex
664 2214 878 2257 praeparato
905 2206 1016 2242 simul
1046 2207 1216 2242 omnium

100 2284 224 2308 rerum
244 2278 366 2308 terror
394 2272 511 2308 oculis
542 2271 771 2319 auribusque
791 2277 847 2306 est
867 2270 1037 2307 obfusuS.
1093 2269 1215 2306 Exer-

99 2336 212 2380 citus,
234 2337 297 2389 qui
326 2349 469 2374 corona
488 2336 713 2373 concionem
742 2335 1052 2378 circumdederat,
1081 2334 1214 2384 gladiis

615 2398 691 2436 G3
