1523 2666
102 241 146 273 U.
159 242 194 273 C.
212 249 284 277 ⁵57.

100 286 142 316 A.
155 285 195 318 C.
213 293 285 320 195.

104 1922 249 1955 Valerius

107 1969 200 1998 Boios
217 1969 286 1998 vin-

104 2018 159 2042 Cit-

297 131 381 186 456
756 145 803 174 Τ.
831 145 965 175 L1v11

298 234 468 283 quendos
489 233 752 279 Suessetanos,
769 248 843 285 qua
862 235 1053 274 silentium
1071 251 1114 275 ac
1130 238 1298 276 solitudo
1313 247 1408 283 erat,

299 300 337 335 in
367 299 498 335 urbem
527 299 694 336 inducit:
729 301 906 350 priusque
935 303 1064 338 omnia
1093 305 1207 354 cepit,
1229 317 1342 353 quam
1370 316 1411 341 se

297 365 509 414 reciperent
529 363 722 400 Lacetani.
780 365 876 401 Mox
897 366 1014 416 ipsos,
1034 367 1131 403 nihil
1150 374 1287 418 praeter
1305 380 1410 406 arma

296 430 496 472 habentes,
512 431 547 465 in
570 430 801 466 deditionem
821 433 978 482 accepit.

350 494 468 531 XXI.
500 494 712 530 Confestim
734 496 820 531 inde
840 497 961 532 victor
981 498 1027 534 ad
1044 498 1227 548 Vergium
1246 505 1412 537 castrum

297 561 422 598 ducit:
455 559 735 608 receptaculum
753 560 791 596 id
811 562 973 597 maxime
994 564 1215 612 praedonum
1235 570 1340 601 erat:
1373 570 1414 600 et

297 626 385 662 inde
419 624 653 661 incursiones
687 625 723 660 in
759 637 870 673 agros
904 633 1060 675 pacatos
1094 629 1298 678 provinciae
1331 628 1411 678 ejus

298 689 452 726 fiebant.
490 688 715 737 Transfugit
734 689 821 725 inde
841 690 887 726 ad
906 690 1101 728 consulem
1120 693 1295 743 princeps
1316 692 1412 728 Ver-

299 761 492 804 gestanus,
523 760 561 789 et
597 765 759 804 purgare
795 766 834 789 se
863 767 906 790 ac
937 755 1136 806 populares
1167 757 1310 807 coepit:
1341 769 1414 793 non

301 833 373 857 esse
404 822 440 855 in
472 831 581 855 manu
615 820 700 866 ipsis
731 820 985 867 rempublicam
1002 837 1014 857 :
1039 823 1225 869 praedones
1260 827 1418 871 receptos

303 891 415 923 totum
434 897 506 921 sztoe
522 885 710 932 potestatis
731 885 767 920 id
787 890 943 921 castrum
961 885 1106 934 fecisse.
1165 886 1309 923 Consul
1330 899 1416 923 eum

300 951 453 987 domum
479 949 614 991 redire,
637 947 802 984 conficta
831 949 958 998 aliqua
986 950 1189 1000 probabili,
1211 964 1277 987 cur
1306 950 1416 987 abfu-

299 1016 404 1057 isset,
426 1026 559 1050 caussa
580 1011 709 1063 jussit.
770 1014 887 1055 Quum
907 1027 943 1051 se.
962 1028 1081 1051 muros
1099 1016 1226 1052 subisse
1244 1020 1415 1058 cerneret,

300 1083 522 1127 intentosque
539 1079 724 1126 proedones
742 1080 791 1114 ad
815 1081 948 1115 tuenda
976 1082 1106 1116 moenia
1133 1093 1226 1125 esse,-
1257 1086 1332 1118 tum
1363 1082 1417 1117 uti

301 1159 381 1183 cum
400 1158 472 1181 succ
490 1143 669 1194 factionis
699 1144 895 1180 hominibus
923 1148 1137 1182 meminisset
1165 1159 1283 1183 arcem
1313 1159 1416 1183 occu-

296 1224 398 1260 pare.
447 1210 505 1252 ld,
528 1210 582 1244 uti
603 1215 846 1258 praeceperat,
868 1209 1023 1246 factum.
1081 1210 1255 1261 Repente
1276 1223 1414 1261 anceps

300 1284 435 1318 terror,
465 1275 554 1310 hinc
585 1286 711 1309 muros
742 1273 1058 1311 adscendentibus
1088 1275 1289 1319 Romanis,
1311 1275 1415 1312 illinc

301 1354 387 1378 arce
420 1346 544 1389 capta,
575 1338 757 1374 barbaros
795 1339 1047 1377 circumvasit.
1105 1340 1232 1391 Hujus
1266 1342 1411 1391 potitus

300 1405 374 1442 loci
405 1402 538 1440 consul
567 1415 646 1445 θος,
669 1403 733 1451 qui
762 1415 887 1439 arcem
915 1411 1132 1448 tenuerant,
1163 1405 1302 1442 liberos
1333 1417 1414 1442 esse

301 1482 387 1506 cum
421 1467 607 1517 cognatiS,
638 1478 780 1515 suaque
816 1467 956 1504 habere
983 1468 1123 1519 jussit:
1156 1469 1413 1518 Vergestanos

301 1541 462 1576 ceteros,
484 1531 677 1581 quaestori,
701 1536 741 1566 ut
766 1532 958 1576 venderet,
990 1534 1212 1583 imperavit:
1246 1533 1292 1569 de
1320 1546 1415 1583 prae—

301 1598 464 1636 donibus
484 1595 710 1647 supplicium
731 1596 875 1632 sumsit.
905 1596 1047 1634 Pacata
1066 1598 1275 1648 provincia,
1296 1598 1413 1634 vecti-

302 1663 403 1714 galia
440 1673 579 1709 magna
615 1659 781 1695 instituit
810 1672 855 1696 ex
885 1660 1050 1697 ferrariis
1085 1662 1409 1711 argentariisque,

300 1730 436 1781 quibus
456 1734 536 1764 tum
564 1724 765 1767 institutis,
786 1723 1014 1776 locupletior
1043 1728 1082 1763 in
1111 1727 1189 1763 dies
1219 1726 1415 1777 provincia

298 1799 384 1835 fuit.
431 1794 493 1830 Ob
513 1794 580 1829 has
600 1803 658 1827 res
679 1797 804 1839 gestas
825 1792 862 1827 in
884 1792 1074 1844 Hispania
1093 1793 1410 1844 supplicationem

300 1864 339 1898 in
359 1861 525 1898 triduum
546 1858 677 1894 Patres
694 1856 952 1895 decreverunt.

354 1925 494 1964 XXII.
522 1924 667 1960 Eadem
704 1927 834 1959 aestate
867 1922 963 1959 alter
999 1923 1132 1959 consul
1168 1923 1214 1959 L.
1238 1921 1410 1959 Valerius

299 1991 458 2030 Flaccus
480 1990 517 2025 in
538 1987 663 2024 Gallia
683 2000 768 2024 cum
789 1987 973 2023 Boiorum
994 2000 1108 2024 manu
1128 1993 1284 2038 propter
1303 1986 1412 2022 Lita-

299 2070 389 2094 nam
422 2055 569 2097 silvam,
604 2053 722 2101 signis
753 2052 929 2095 conlatis,
960 2053 1125 2088 secundo
1155 2052 1291 2103 proelio
1322 2064 1413 2087 con-

299 2123 409 2160 flixit.
468 2119 570 2156 Octo
597 2118 716 2154 millia
743 2117 942 2154 Gallorum
972 2130 1069 2154 caesa
1097 2117 1320 2153 traduntur:
1353 2129 1414 2152 ce-

297 2189 385 2231 teri,
407 2186 548 2222 omisso
567 2184 684 2227 bello,
705 2184 742 2219 in
763 2184 866 2219 vicos
888 2195 974 2219 suos
996 2193 1109 2231 atque
1129 2195 1241 2231 agros
1265 2180 1427 2231 dilapsi.-

299 2252 445 2290 Consul
472 2251 659 2301 reliquum
680 2251 821 2287 aestatis
847 2250 947 2285 circa
970 2249 1114 2285 Padum
1145 2247 1348 2284 Placentiae
1377 2254 1415 2283 et

300 2318 500 2354 Cremonae
527 2316 734 2353 exercitum
758 2315 909 2360 habuit,
929 2314 1184 2364 restituitque,
1205 2326 1288 2364 quae
1309 2312 1345 2349 in
1366 2312 1410 2349 iis
