1523 2666
284 159 369 213 526
739 173 786 203 τ.
810 173 944 204 mvn

90 255 182 328 ug
202 259 368 303 560·t1·is,
389 260 453 308 qui
471 259 679 304 nunciavit,
698 260 932 298 Antiochum
952 274 1078 312 regem
1101 262 1393 316 Hellespontum

89 298 132 330 A'
173 320 182 330 '
203 307 371 359 1⁴⁵³⁹'cum
392 325 559 360 exercitu
577 326 780 372 transisse3
813 333 851 363 et
875 326 1029 363 AEtolos
1049 328 1104 365 ita
1127 341 1166 365 se
1186 343 1332 380 parare,
1352 336 1395 367 ut

284 387 354 423 sub
375 389 575 425 adventum
596 389 675 440 ejus
696 390 735 426 in
755 392 866 427 armis
888 398 1024 428 essent.
1070 393 1124 430 Et
1144 393 1309 430 Eumeni
1327 394 1396 431 ab-

283 452 396 496 senti,
417 459 455 489 et
474 454 649 503 praesenti
673 454 806 490 Attalo
826 457 957 504 gratiae
978 463 1095 493 actae:
1129 464 1167 494 et
1183 458 1279 494 aedes
1299 457 1395 495 libe-

282 528 348 559 rae,
374 515 494 559 locus,
514 517 633 553 lautia
652 518 816 561 decreta,
837 524 875 554 et
897 532 1055 556 munera
1073 520 1176 564 data,
1198 522 1284 570 equi
1304 521 1394 566 duo,

282 579 373 616 bina
393 581 581 629 equestria
597 594 714 624 arma,
728 588 765 617 et
780 594 870 618 vasa
889 590 1069 631 argentea
1084 591 1235 622 centum
1250 587 1395 636 pondO,

282 650 321 679 et
340 656 453 679 aurea
473 643 607 691 viginti
627 645 767 694 pondo.

335 707 490 744 XXIV.
519 708 649 747 Quum
678 708 742 744 alii
772 714 885 758 atque
915 709 980 746 alii
1008 711 1140 747 nuncii
1167 710 1308 748 bellum
1336 712 1397 750 in-

281 778 381 808 stare
401 772 605 815 adferrent,
623 760 763 810 ad⁰rem
783 774 972 824 pertinere
989 775 1113 811 visum
1133 781 1204 819 est,
1221 775 1394 813 consules

281 837 404 886 primo
425 850 575 888 quoque
603 844 775 888 tempore
802 840 932 875 creari.
989 839 1126 889 Itaque
1146 846 1394 878 senatuscon-

281 900 422 938 sultum
446 901 590 939 factum
610 909 680 946 est,
702 908 744 938 ut
769 903 826 940 M.
846 902 1001 940 Fulvius
1021 909 1162 954 praetor
1181 903 1308 941 literas
1328 917 1394 942 ex-

280 967 424 1017 templo
445 967 491 1003 ad
514 967 707 1003 consulem
735 968 918 1012 mitteret,
943 967 1078 1017 quibus
1105 969 1245 1004 certior
1272 968 1393 1013 fieret,

281 1031 429 1066 senatui
456 1030 617 1080 placere,
642 1031 838 1082 provincia
863 1032 1106 1080 exercituque
1130 1031 1269 1068 tradito
1288 1032 1393 1082 lega-

282 1095 344 1138 tis,
374 1094 542 1131 Romam
566 1096 702 1131 reverti
729 1108 829 1138 eum,
850 1102 888 1131 et
922 1109 968 1132 ex
997 1097 1133 1132 itinere
1164 1097 1393 1146 praemittere

281 1159 460 1202 edictum,
482 1172 559 1208 quo
586 1159 741 1195 comitia
769 1159 987 1196 consulibus
1017 1160 1187 1196 creandis
1217 1160 1390 1197 ediceret.

280 1224 413 1260 Paruit
438 1224 497 1260 his
524 1223 642 1261 literis
668 1223 815 1267 consul,
836 1230 887 1266 et,
914 1224 1109 1274 praemisso
1139 1224 1278 1267 edicto,
1308 1224 1390 1261 Ro-

281 1302 381 1326 mam
401 1290 517 1325 venit.
572 1288 633 1324 Eo
653 1301 803 1337 quoque
829 1301 930 1324 anno
957 1300 1097 1337 magna
1125 1287 1284 1325 ambitio
1303 1288 1390 1333 fuit,

282 1356 383 1403 quod
401 1353 550 1405 patricii
569 1359 645 1389 tres
665 1353 704 1388 in
724 1365 841 1389 unum
859 1351 985 1389 locum
1005 1352 1209 1402 petierunt,
1230 1352 1274 1390 P.
1295 1353 1389 1390 Cor-

281 1420 403 1455 nelius
425 1420 495 1456 Cn.
515 1419 558 1456 F.
579 1419 721 1469 Scipio,
742 1419 806 1468 qui
825 1419 950 1469 priore
969 1432 1071 1455 anno
1091 1419 1279 1469 repulsam
1294 1419 1391 1456 tule-

282 1491 357 1528 rat,
384 1491 423 1521 et
453 1484 500 1521 L.
522 1483 719 1520 Cornelius
744 1484 885 1533 Scipio,
913 1490 952 1520 et
981 1484 1051 1520 Cn.
1071 1483 1239 1520 Manlius
1259 1483 1392 1521 Vulso.

280 1550 325 1587 P.
347 1548 530 1600 Scipioni,
551 1555 593 1584 ut
619 1547 775 1585 dilatum
792 1548 874 1583 viro
902 1547 983 1591 tali,
1004 1560 1081 1584 non
1107 1554 1301 1597 negatum,
1321 1549 1391 1585 ho-

280 1627 414 1651 norem
444 1614 654 1663 adpareret,
682 1612 899 1649 consulatus
928 1612 1037 1649 datus
1067 1618 1143 1649 est:
1176 1612 1324 1649 additur
1357 1615 1391 1649 ei

281 1679 327 1714 de
346 1678 456 1728 plebe
479 1676 639 1726 collega,
669 1676 739 1713 Μ’.
757 1676 901 1712 Acilius
921 1676 1092 1714 Glabrio,
1150 1676 1311 1714 Postero
1331 1678 1391 1714 die

280 1748 461 1793 praetores
492 1742 622 1784 creati,
656 1740 703 1777 L.
723 1740 902 1776 AEmilius
931 1740 1100 1784 Paullus,
1133 1740 1190 1777 M.
1211 1740 1390 1778 AEmilius

280 1808 460 1859 Lepidus,
481 1809 538 1846 M.
555 1808 578 1844 J
583 1808 691 1844 unius
711 1807 868 1850 Brutus,
889 1808 935 1844 A.
950 1807 1148 1843 Cornelius
1163 1807 1388 1852 Mammula,

279 1874 323 1910 C.
350 1873 497 1916 Livius,
522 1879 561 1909 et
591 1872 638 1909 L.
658 1872 805 1922 Oppius
820 1889 831 1917 3
864 1873 1012 1922 utrique
1042 1885 1172 1909 eorum
1199 1873 1389 1910 Salinator

277 1950 491 1987 cognomen
512 1942 603 1974 erat.
639 1937 785 1987 Oppius
806 1938 835 1973 is
857 1943 950 1980 erat,
973 1937 1037 1986 qui
1056 1936 1212 1973 classem
1228 1938 1385 1986 triginta

275 2003 430 2038 navium
450 2002 488 2037 in
507 2001 673 2037 Siciliam
689 2001 857 2038 duxerat.
915 2001 1073 2037 Interim
1093 2002 1181 2037 dum
1201 2002 1290 2038 novi
1306 2014 1385 2039 ma-

275 2066 456 2113 gistratus
477 2066 701 2100 sortirentur
719 2065 947 2114 provincias,
967 2065 1023 2102 M.
1043 2065 1196 2101 Baebius
1217 2078 1240 2102 a
1258 2065 1383 2103 Brun-

273 2129 371 2166 disio
402 2142 487 2166 cum
515 2129 690 2165 omnibns
725 2130 842 2179 copiis
873 2130 1033 2165 transire
1065 2130 1105 2165 in
1136 2129 1296 2180 Epirum
1327 2137 1384 2167 est

265 2193 411 2243 jussus,
444 2200 481 2229 et
516 2194 617 2230 circa
648 2194 893 2244 Apolloniam
926 2194 1055 2243 copias
1089 2195 1302 2231 continere:
1345 2202 1382 2232 et

270 2256 328 2294 M.
348 2257 483 2294 Fulvio
515 2259 668 2309 praetori
696 2258 841 2295 urbano
870 2259 1069 2307 negotium
1093 2259 1222 2296 datum
1248 2265 1318 2303 est,
1340 2267 1382 2300 ut

270 2323 559 2372 quinqueremes
580 2336 696 2360 novas
717 2324 994 2374 quinquaginta
1012 2323 1165 2361 faceret.
