1507 2656
296 151 449 180 LIBER
473 150 651 179 xxxlv.
685 149 792 177 CAP.
815 150 995 178 XXXVI.
1109 148 1191 193 473

86 241 149 276 ciis
172 242 300 288 populi
331 241 490 278 Romani
520 241 721 278 civitatibus
747 243 925 284 redderet,
953 246 988 277 et
1012 242 1195 278 Illas-seniis
1207 246 1296 278 U.c.
1317 253 1390 282 557·

86 307 219 347 omnia,
240 318 317 353 quoe
334 311 592 354 comparerent,
614 317 758 353 quaeque
778 306 914 341 domini
936 311 1193 353 cognoscerent.
1205 291 1246 321 A·
1262 290 1297 320 C·
1321 298 1394 322 ³9⁵·

86 368 271 405 Exsulibus
289 382 426 418 quoque
443 370 725 406 Lacedaemoniis
753 370 878 405 liberos
896 375 932 405 et
958 369 1120 418 conjuges
1137 383 1194 407 re·

83 434 257 475 stitueret,
284 446 362 481 quae
388 446 511 469 earum.
533 435 626 470 viros
652 435 750 482 sequi
771 434 987 469 voluissent:
1016 436 1128 470 invita
1150 447 1195 470 ne

82 508 154 543 qua
171 498 300 533 exsulis
317 510 431 534 comes
447 503 545 534 esset.
602 499 911 534 Mercenariorum
936 499 1089 534 rnilitum
1111 499 1192 534 Na-

79 559 180 603 bidis,
198 563 258 609 qui
283 567 346 598 aut
371 564 406 598 in
431 565 592 599 civitates
606 575 701 606 suas,
722 568 786 599 aut
804 564 853 599 ad
872 563 1054 599 Romanos
1074 568 1191 598 trans-

78 625 197 668 issent,
219 627 262 661 z‘is
289 638 344 662 res
367 639 439 663 suae
462 639 579 663 omnes
599 631 694 663 recte
720 628 960 664 redderentur.
1019 628 1063 663 In
1085 628 1193 663 Creta

76 689 194 724 insula
213 701 256 725 ne
274 703 379 738 quam
406 691 523 727 urbem
549 691 714 727 haberet:
743 704 832 739 quas
851 692 1040 734 habuisset,
1061 693 1190 728 redde-

74 758 130 788 ret
149 752 333 791 Romanis.
390 756 448 791 Ne
472 768 579 803 quam
607 757 812 792 societatem
841 768 917 791 cum
949 757 1024 791 ullo
1045 755 1191 791 Creten-

74 817 165 852 sium
183 822 248 853 aut
278 830 454 866 quoquam
473 820 547 854 alio
567 821 780 862 institueret,
801 831 870 854 neu
889 819 1020 855 bellum
1036 825 1189 867 gereret.

78 879 287 918 Civitatibus
314 883 487 926 omnibus,
515 896 602 932 quas
630 885 704 933 ipse
731 885 953 926 restituisset,
983 896 1128 932 quoeque
1154 897 1191 920 se

72 956 204 993 suaque
223 947 259 981 in
274 947 387 995 fidem
415 961 459 983 ac
487 949 658 984 ditionem
684 950 811 997 populi
838 949 997 984 Romani
1016 950 1187 985 tradidis-

70 1014 161 1052 sent,
183 1012 302 1046 omnia
328 1013 496 1059 proesidia
522 1014 728 1049 deduceret:
755 1025 859 1061 seque
882 1015 955 1061 ipse
979 1026 1126 1062 suosque
1144 1013 1188 1050 ab

72 1071 127 1109 his
149 1073 351 1110 abstineret.
408 1076 466 1111 Ν]
484 1077 580 1123 quod
610 1078 796 1124 oppidum,
816 1089 861 1112 ne
879 1077 973 1124 quod
1000 1078 1186 1113 castellum

69 1138 107 1173 in
125 1149 188 1174 suo
207 1139 367 1175 alienove
385 1151 473 1187 agro
492 1141 670 1177 conderet.
730 1140 885 1182 Obsides,
907 1152 949 1176 ea
966 1141 1021 1176 ita
1029 1140 1183 1189 futura,

68 1202 173 1238 daret
209 1205 376 1252 quinque,
411 1216 496 1251 quos
524 1206 736 1252 imperatori
769 1205 935 1241 Romano
965 1206 1159 1253 placuisset
1170 1222 1183 1248 ,-

53 1266 179 1315 fllium
201 1268 237 1302 in
257 1267 310 1303 his
327 1279 430 1304 suum
443 1284 456 1304 .·
483 1273 518 1304 et
539 1268 678 1304 talenta
698 1274 838 1305 centum
865 1271 1008 1316 argenti
1034 1271 1069 1305 in
1086 1281 1181 1317 prce-

66 1333 171 1373 senti,
203 1336 238 1368 et
270 1334 528 1381 quinquaginta
557 1334 694 1369 talenta
723 1335 760 1369 in
788 1335 948 1382 singulos
976 1345 1088 1370 annos
1114 1345 1181 1381 per

6 1416 12 1451 ssss
66 1407 178 1431 annos
197 1401 287 1432 octo.

118 1459 314 1497 XXXVI.
344 1460 440 1497 Haec
460 1462 689 1512 conscripta,
711 1462 842 1498 castris
869 1463 1023 1512 propius
1046 1462 1175 1498 urbem
1190 1476 1250 1507 Ea.
1267 1479 1387 1518 respui}

63 1525 194 1567 motis,
232 1524 546 1562 Lacedaemonem
577 1527 804 1562 mittuntur:
843 1539 913 1562 nec
947 1539 1038 1563 sane
1067 1526 1175 1576 quid·
1189 1519 1303 1551 Nabis.

63 1601 175 1638 quam
213 1602 342 1625 eorum
377 1591 467 1626 satis
506 1589 682 1639 placebat
718 1597 905 1639 tyranno:
948 1591 1020 1626 nisi
1058 1591 1174 1640 quod,

61 1658 198 1702 praeter
223 1666 341 1703 spem,
373 1654 671 1690 reducendorum
700 1654 873 1690 exsulum.
906 1655 1050 1690 mentio
1069 1653 1175 1690 nulla

60 1716 163 1752 facta
181 1724 284 1753 erat:
317 1719 480 1754 maxime
499 1724 625 1755 autem
653 1720 820 1754 omnium
844 1732 888 1754 ea
913 1731 970 1754 res
991 1718 1172 1755 obfende-

60 1780 140 1823 bat,
166 1782 265 1830 quod
290 1788 327 1817 et
356 1794 483 1825 Πᾶνες,
515 1789 551 1818 et
581 1783 779 1819 maritimae
810 1784 980 1819 civitates
1012 1783 1172 1819 ademtae

62 1850 181 1881 erant.
236 1844 378 1881 Fuerat
407 1852 533 1882 autem
563 1847 595 1882 ei
626 1859 765 1894 magno
791 1846 930 1882 fructui
953 1859 1068 1888 mare,
1090 1859 1171 1882 om-

59 1920 145 1944 nem
166 1921 270 1945 oram
296 1909 434 1946 Maleae
463 1911 699 1960 praedatoriis
721 1911 878 1946 navibus
907 1910 1081 1946 infestam
1103 1910 1171 1946 ha-

0 1966 2 1979 '
57 1971 188 2008 beuti:
221 1972 463 2022 juventutem
498 1980 679 2023 praeterea
712 1975 921 2010 civitatium
960 1987 1086 2009 earum
1124 1973 1171 2009 ad

58 2035 359 2085 supplementum
381 2037 495 2086 longe
519 2039 653 2088 optimi
686 2039 833 2086 generis
861 2038 1022 2073 militum
1052 2036 1169 2073 habe-

57 2097 135 2135 bat.
192 2098 274 2137 Has
306 2101 558 2144 conditiones,
591 2114 818 2150 quamquam
849 2103 928 2150 ipse
958 2102 995 2136 in
1022 2107 1168 2136 secreto

55 2161 290 2199 volutaverat
319 2177 403 2200 cum
437 2166 581 2207 amicis,
607 2165 719 2214 vulgo
749 2173 876 2201 tamen
907 2178 1037 2200 omues
1066 2164 1169 2200 fama

56 2225 242 2269 ferebant,
264 2229 383 2271 vanis,
406 2235 446 2265 ut
473 2229 518 2265 ad
546 2236 709 2265 ceteram
736 2229 859 2271 fidem,
883 2230 935 2264 sic
955 2229 1001 2264 ad
1023 2234 1168 2264 secreta

54 2289 229 2337 tegenda,
264 2291 470 2329 satellitum
503 2293 691 2341 regiorum
730 2294 903 2341 ingeniis.
961 2292 1054 2328 Non
1088 2299 1166 2329 tam
