1523 2666
322 159 404 201 260
786 170 832 199 Τ.
863 170 990 200 mvn

127 264 219 296 U.C
234 272 306 297 550.
319 260 389 297 bus
421 261 468 297 ad
496 259 683 296 Tunetem
714 263 874 297 nuncius
908 262 1070 304 adlatus,
1100 262 1332 306 Verminam,
1365 263 1434 312 Sy»

132 309 215 339 ⁵⁸⁹0·
233 316 273 341 ²⁰
255 317 307 341 ⁰²⁸
319 326 449 375 phacis
469 325 600 368 filium,
622 338 707 361 eum
738 326 926 375 equitibus
956 326 1140 376 pluribus,
1161 340 1272 375 quam
1301 327 1436 377 pediti-

318 391 403 434 bus,
424 392 550 427 venire
569 391 954 439 Karthaginiensibus
986 391 1150 427 auxilio:
1185 405 1268 441 pars
1293 393 1435 428 exerci-

319 461 380 491 tus
408 469 493 492 cum
523 456 627 492 omni
657 457 828 504 equitatu
858 456 1119 492 Saturnalibus
1146 457 1275 505 primis
1301 468 1436 505 agmen

318 519 509 568 adgressa,
529 519 715 555 Numidas
735 518 807 554 levi
827 521 1032 555 certamine
1061 519 1159 555 fudit
1176 533 1183 554 :
1216 520 1321 555 exitu
1340 533 1434 568 quo-

319 597 393 634 que
411 585 511 633 fugae
532 584 752 627 intercluso,
774 597 796 620 a
815 591 921 634 parte
943 587 1046 620 omui
1072 586 1310 621 circumdatis
1331 586 1435 634 equi-

318 648 435 691 tibus,
468 648 683 697 quindecim
716 648 834 684 millia
867 649 1065 684 hominum
1099 662 1218 694 caesa3
1263 649 1364 685 mille
1399 656 1437 684 et

317 711 472 747 ducenti
497 713 571 748 vivi
602 713 703 762 capti
734 718 836 755 sunt,
857 719 895 748 et
926 713 1012 761 equi
1041 712 1232 748 Numidici
1266 712 1367 748 mille
1400 718 1438 748 et

317 778 530 826 quingenti,
552 779 661 827 signa
689 777 869 814 militaria
889 778 963 814 duo
985 785 1022 814 et
1048 779 1301 827 septuaginta.
1357 777 1435 814 Re-

317 841 428 891 gulus
448 843 528 892 ipse
548 843 646 878 inter
665 841 871 878 tumultum
888 855 971 878 cum
991 843 1120 893 paucis
1138 842 1280 890 effugit.
1336 842 1436 878 Tum

318 907 366 944 ad
393 907 582 943 Tunetem
608 908 752 949 eodem,
778 919 853 955 quo
880 914 1005 949 antea,
1032 906 1118 942 loco
1146 914 1268 942 castra
1298 908 1433 955 posita,

316 970 508 1020 legatique
538 972 697 1020 triginta
729 970 969 1020 Karthagine
997 971 1044 1007 ad
1074 971 1293 1021 Scipionem
1323 983 1435 1006 vene-

318 1043 430 1072 runt:
463 1043 501 1072 et
520 1036 574 1071 illi
595 1036 745 1084 quidem
764 1035 885 1071 multo
906 1035 1169 1078 miserabilius,
1191 1048 1300 1084 quam
1333 1041 1434 1078 ante,

321 1104 414 1149 (quo
434 1101 553 1149 magis
575 1101 737 1149 cogebat
755 1100 929 1147 fortuna)
949 1106 1131 1149 egerunt:
1155 1100 1218 1136 sed
1239 1100 1433 1148 aliquanto

317 1166 465 1201 minore
485 1178 569 1201 cum
590 1166 847 1201 misericordia
877 1165 924 1201 ab
945 1165 1088 1201 recenti
1114 1164 1296 1200 memoria
1324 1163 1436 1213 perfi-

317 1231 388 1267 diae
419 1232 538 1267 auditi
568 1238 668 1267 sunt.
726 1231 772 1267 In
806 1231 968 1266 consilio
999 1243 1226 1280 quamquam
1245 1229 1352 1279 justa
1380 1230 1437 1266 ira

317 1307 449 1331 omnes
483 1295 530 1331 ad
560 1294 756 1331 delendam
791 1294 1012 1330 stimulabat
1041 1294 1345 1341 Karthaginem3
1377 1299 1435 1329 ta-

316 1372 419 1403 men,
440 1373 570 1408 quum,
592 1366 630 1395 et
650 1366 791 1408 quanta
812 1372 868 1395 res
890 1365 1003 1401 esset,
1023 1364 1061 1394 et
1083 1370 1195 1406 quam
1214 1357 1321 1405 longi
1341 1365 1436 1394 tem-

316 1424 420 1474 poris
441 1423 589 1460 obsidio
609 1431 688 1460 tam
708 1424 864 1460 munitae
884 1429 922 1459 et
942 1429 1019 1459 tam
1038 1422 1170 1458 validae
1191 1421 1305 1464 urbis,
1326 1434 1436 1472 repu-

316 1493 458 1532 tarent,
480 1495 517 1525 et
547 1490 670 1539 ipsum
697 1489 915 1539 Scipionem
941 1487 1175 1538 exspectatio
1195 1487 1435 1527 successoris,

317 1549 467 1585 venturi
487 1549 534 1585 ad
554 1554 727 1599 paratam
747 1550 900 1585 alterius
929 1548 1060 1584 labore
1089 1561 1132 1584 ac
1151 1547 1319 1598 periculo
1339 1547 1437 1584 finiti

316 1612 409 1650 belli
439 1613 594 1658 famam,
625 1614 861 1658 sollicitaret,
891 1613 938 1650 ad
965 1625 1097 1663 pacem
1122 1613 1290 1648 omnium
1322 1612 1438 1649 animi

319 1678 417 1713 versi
440 1684 540 1715 sunt.

123 1741 292 1791 Conditio-
375 1742 594 1779 XXXVII.
623 1742 786 1779 Postero
806 1742 880 1784 die,
908 1741 1094 1778 revocatis
1125 1740 1274 1789 legatis,
1296 1746 1333 1777 et
1352 1753 1437 1777 cum

121 1795 299 1867 {lg-Scffigffe
320 1807 441 1844 multa
460 1809 712 1857 castigatione
735 1807 899 1858 perfidiae
920 1807 1091 1848 monitis,
1112 1811 1168 1849 ut,
1188 1813 1247 1841 tot
1267 1805 1435 1842 cladibus

124 1870 227 1902 dictae-
320 1872 458 1915 edocti,
475 1873 630 1909 tandem
649 1872 754 1908 Deos
776 1880 812 1908 et
825 1871 1094 1921 jusjurandum
1115 1883 1194 1906 esse
1215 1870 1433 1914 crederent3

318 1936 557 1972 conditiones
585 1937 687 1986 pacis
713 1936 844 1971 dictae:
885 1936 932 1971 Ut
956 1935 1054 1970 liberi
1085 1935 1216 1980 legibus
1243 1936 1315 1969 suis
1344 1936 1436 1970 vive-

316 2006 421 2037 rent:
450 2013 536 2049 quas
555 2001 669 2042 urbes,
691 2012 843 2048 quosque
862 2012 978 2046 agros,
1001 1999 1190 2046 quibusque
1200 1998 1335 2047 finibus
1354 2003 1438 2034 ante

317 2066 446 2101 bellum
479 2067 681 2106 tenuissent,
703 2069 873 2106 tenerent,
901 2064 1173 2111 populandique
1188 2064 1303 2110 finem
1323 2074 1361 2097 eo
1381 2063 1439 2098 die

316 2129 504 2165 Romanus
511 2129 669 2177 faceret.
727 2129 921 2177 Peifugas,
941 2127 1203 2176 fugitivosque,
1225 2132 1258 2162 et
1279 2128 1438 2174 captivos

317 2205 435 2231 omnes
463 2194 652 2229 redderent
679 2194 865 2235 Romanis,
897 2198 930 2228 et
956 2205 1061 2228 nares
1090 2195 1276 2233 rostratas,
1304 2195 1436 2238 praeter

316 2258 435 2293 decem
465 2259 636 2299 triremes,
667 2258 864 2299 traderent,
892 2257 1180 2305 elephantosque,
1212 2267 1298 2302 quos
1327 2244 1430 2290 habe-

316 2326 397 2358 rent
416 2322 568 2358 domitos
581 2338 594 2358 .·
622 2334 733 2371 neque
752 2323 939 2359 domarent
958 2322 1055 2359 alios.
1149 2321 1254 2357 ellum
1285 2330 1367 2355 neve
1394 2319 1430 2353 in
