1523 2666
280 161 361 201 104
731 164 776 192 T.
802 165 934 194 LIVII

88 249 390 286 U.C.546.hosti.
448 250 602 287 Cornua
630 252 785 302 ancipiti
815 254 950 303 proelio
973 255 1227 303 urgebantur:
1259 269 1386 306 eques,

87 294 172 324 A'C‘
191 300 262 326 ⁹⁰⁶·
275 312 442 363 levisque
470 322 675 359 armatura,
703 317 847 361 velites,
879 318 1141 354 circumductis
1168 319 1235 355 alis
1266 322 1304 356 in
1333 322 1388 358 la-

275 386 355 415 tera
390 379 657 426 incurrebant;
691 383 866 418 cohortes
900 396 921 418 a
954 383 1080 419 fronte
1114 384 1312 433 urgebant,
1347 394 1390 423 ut

276 442 543 494 abrumperent
564 459 705 482 cornua
725 460 745 482 a
765 454 890 483 cetera
910 448 1001 484 acie.

329 507 418 545 XV.
447 510 499 545 Et
519 523 634 558 quum
664 510 710 546 ab
734 511 836 546 omni
866 518 973 560 parte
1001 511 1292 561 haudquaquam
1322 526 1390 563 par

277 584 404 621 pugna
434 580 528 615 erat,
549 580 629 608 tum
660 574 761 622 quod
789 574 901 609 turba
920 572 1128 610 Baliarium
1147 575 1388 626 tironumque

277 636 538 687 Hispanorum
558 637 737 674 Romano
757 639 974 688 Latinoque
994 639 1104 675 militi
1121 639 1273 690 objecta
1292 649 1385 686 erat,

276 707 327 743 et,
348 701 576 750 procedente
598 701 682 751 jam
698 702 771 745 die,
791 703 886 738 vires
908 703 1020 738 etiam
1043 702 1198 739 deficere
1218 702 1390 741 Hasdru-

273 762 369 800 halis
401 765 608 801 exercitum
634 773 842 816 coeperant,
871 766 1072 816 obpressos
1106 767 1294 803 matutino
1327 775 1388 805 tu-

273 828 395 864 multu
429 836 671 878 coactosque,
705 831 921 879 priusquam
957 829 1043 865 cibo
1073 842 1234 879 corpora
1263 831 1388 868 firma-

273 899 372 936 rent,
407 895 545 943 raptim
576 895 613 929 in
645 895 764 930 aciem
790 895 903 930 exire.
960 894 1021 930 Ad
1054 893 1091 930 id
1128 894 1257 930 sedulo
1290 896 1389 933 diem

271 963 489 993 extraxerat
522 958 664 1008 Scipio,
699 966 741 994 ut
777 971 860 994 sera
893 971 1020 1008 pugna
1054 964 1178 995 esset:
1220 972 1312 995 nam
1340 960 1387 996 ab

272 1021 433 1071 septima
456 1022 606 1058 demum
629 1023 723 1058 hora
747 1023 915 1072 peditum
944 1023 1053 1069 signa
1072 1021 1248 1058 cornibus
1279 1024 1386 1060 incu-

271 1092 491 1122 currerunt:
525 1087 570 1122 ad
592 1087 731 1123 medias
753 1088 850 1123 acies
871 1087 1067 1135 aliquanto
1082 1088 1197 1122 serius
1216 1088 1389 1137 pervenit

270 1160 422 1199 pugna:
456 1150 507 1185 ita
529 1157 569 1185 ut
590 1151 691 1200 prius
723 1157 836 1186 aestus
859 1163 880 1186 a
899 1151 1109 1186 meridiano
1135 1150 1228 1193 sole,
1259 1150 1386 1187 labor-

270 1225 344 1261 que
373 1213 498 1248 standi
528 1213 596 1249 sub
624 1215 751 1256 armis,
773 1220 809 1249 et
837 1213 946 1250 simul
966 1213 1082 1250 fames
1113 1215 1270 1263 sitisque
1300 1227 1385 1251 cor-

270 1289 364 1327 pora
384 1277 602 1321 adficerent,
621 1291 732 1327 quam
750 1291 882 1314 manus
903 1291 989 1314 cum
1005 1278 1115 1314 hoste
1132 1285 1387 1316 consererent,

270 1339 406 1389 Itaque
443 1348 630 1377 steterunt
664 1342 779 1377 scutis
817 1342 953 1377 innisi:
990 1355 1078 1378 nam
1115 1355 1227 1392 super
1262 1349 1387 1378 cetera

269 1403 462 1453 elephanti
483 1405 611 1447 etiam,
633 1404 869 1441 tumultuoso
899 1418 1035 1455 genere
1064 1418 1200 1457 pugnae
1220 1407 1387 1454 equitum

267 1467 499 1517 velitumque
527 1475 563 1504 et
595 1468 684 1504 levis
712 1475 912 1505 armaturae
941 1470 1188 1512 consternati,
1216 1482 1235 1504 e
1262 1470 1387 1505 corni·

268 1530 338 1567 bus
360 1533 398 1567 in
419 1532 578 1567 mediam
604 1532 723 1568 aciem
754 1544 833 1568 sese
863 1532 1082 1569 intulerant.
1138 1532 1242 1568 Fessi
1271 1533 1389 1581 igitur

269 1596 491 1646 corporibus
530 1597 739 1645 animisque
772 1597 933 1633 retulere
966 1597 1112 1647 pedem,
1144 1597 1294 1633 ordines
1327 1603 1386 1632 ta-

268 1672 354 1695 men
385 1667 589 1701 servanteS,
617 1660 718 1695 haud
745 1673 864 1703 secus,
899 1673 1011 1708 quam
1038 1661 1068 1696 si
1096 1660 1255 1710 imperio
1281 1660 1386 1695 ducis

267 1724 443 1760 cederent
475 1724 623 1772 integra
652 1725 762 1760 acies.
820 1725 893 1760 Sed
922 1738 1037 1773 quum
1064 1738 1110 1760 eo
1140 1725 1221 1774 ipso
1247 1724 1382 1765 acrius,

268 1788 331 1823 ubi
352 1788 571 1824 inclinatam
593 1801 740 1824 sensere
761 1802 852 1831 rem,
874 1790 1034 1825 victores
1062 1801 1100 1824 se
1132 1789 1295 1837 undique
1325 1788 1384 1823 in-

265 1852 459 1895 veherent,
482 1865 550 1888 nec
570 1852 680 1888 facile
702 1853 850 1901 inpetus
871 1854 1044 1888 sustiueri
1067 1859 1218 1903 posset3
1253 1865 1384 1900 quam-

265 1929 377 1965 quam
412 1916 614 1959 retinebat,
648 1916 933 1966 obsistebatque
960 1917 1178 1952 cedentibus
1208 1916 1382 1952 Hasdru-

264 1979 342 2023 bal,
364 1981 407 2016 ab
427 1986 524 2028 tergo
544 1993 614 2016 esse
634 1982 738 2016 colles
767 1986 951 2028 tutumque
978 1986 1172 2028 receptum,
1192 1982 1223 2015 si
1247 1980 1385 2015 modice

264 2056 301 2080 se
332 2047 541 2092 reciperent,
577 2044 790 2087 clamitans,
826 2052 967 2087 tamen,
1001 2046 1175 2080 vincente
1204 2055 1386 2079 verecun-

265 2107 365 2143 diam
396 2114 512 2150 metu,
537 2109 669 2156 (quum
698 2109 891 2158 proximus
922 2109 1078 2156 quisque
1108 2108 1255 2142 hostem
1276 2106 1386 2142 cede—

264 2172 338 2218 ret)
368 2179 475 2220 terga
495 2172 685 2222 extemplo
709 2173 810 2214 data,
840 2178 951 2221 atque
978 2173 1014 2207 in
1039 2171 1168 2220 fugam
1198 2183 1278 2206 sese
1302 2182 1384 2205 om-

264 2251 330 2274 ncs
355 2238 577 2275 effuderunt.
634 2240 691 2275 Ac
711 2239 833 2289 primo
853 2238 1059 2274 consistere
1089 2236 1197 2283 signa
1216 2235 1252 2269 in
1284 2234 1383 2270 radi-

876 2290 897 2302 0

264 2302 369 2338 cibus
390 2302 557 2346 collium,
579 2317 621 2340 ac
641 2316 817 2339 revocare
839 2303 874 2339 in
896 2302 1044 2339 ordines
1073 2300 1233 2336 militem
1254 2310 1379 2348 coepe-
