<?xml version="1.0" encoding="UTF-8"?>
<!DOCTYPE html PUBLIC "-//W3C//DTD XHTML 1.0 Transitional//EN"
    "http://www.w3.org/TR/xhtml1/DTD/xhtml1-transitional.dtd">
<html xmlns="http://www.w3.org/1999/xhtml" xml:lang="en" lang="en">
 <head>
  <title>
</title>
<meta http-equiv="Content-Type" content="text/html;charset=utf-8" />
  <meta name='ocr-system' content='tesseract 3.04.00' />
  <meta name='ocr-capabilities' content='ocr_page ocr_carea ocr_par ocr_line ocrx_word'/>
</head>
<body>
  <div class='ocr_page' id='page_1' title='image "./historiarumquaes03livyuoft/historiarumquaes03livyuoft_0436.png"; bbox 0 0 1523 2666; ppageno 0'>
   <div class='ocr_carea' id='block_1_1' title="bbox 315 173 976 224">
    <p class='ocr_par' dir='ltr' id='par_1_1' title="bbox 315 173 976 224">
     <span class='ocr_line' id='line_1_1' title="bbox 315 173 976 224; baseline -0.003 -9"><span class='ocrx_word' id='word_1_1' title='bbox 315 173 402 224; x_wconf 75' lang='lat'>426</span> <span class='ocrx_word' id='word_1_2' title='bbox 771 184 817 213; x_wconf 74' lang='grc' dir='ltr'>Τ.</span> <span class='ocrx_word' id='word_1_3' title='bbox 843 184 976 214; x_wconf 76' lang='lat' dir='ltr'>mvn</span> 
     </span>
    </p>
   </div>
   <div class='ocr_carea' id='block_1_2' title="bbox 121 272 1429 392">
    <p class='ocr_par' dir='ltr' id='par_1_2' title="bbox 121 272 1429 392">
     <span class='ocr_line' id='line_1_2' title="bbox 124 272 1429 327; baseline 0.004 -18"><span class='ocrx_word' id='word_1_4' title='bbox 124 277 166 309; x_wconf 87' lang='lat' dir='ltr'>U.</span> <span class='ocrx_word' id='word_1_5' title='bbox 179 278 216 309; x_wconf 93' lang='lat' dir='ltr'>C.</span> <span class='ocrx_word' id='word_1_6' title='bbox 232 274 425 314; x_wconf 79' lang='lat' dir='ltr'>557.cinus</span> <span class='ocrx_word' id='word_1_7' title='bbox 451 272 649 317; x_wconf 90' lang='lat' dir='ltr'>urbanam,</span> <span class='ocrx_word' id='word_1_8' title='bbox 682 274 725 311; x_wconf 91' lang='lat' dir='ltr'>C.</span> <span class='ocrx_word' id='word_1_9' title='bbox 743 275 895 311; x_wconf 83' lang='lat' dir='ltr'>Atinius</span> <span class='ocrx_word' id='word_1_10' title='bbox 925 274 1058 312; x_wconf 84' lang='lat' dir='ltr'>Labeo</span> <span class='ocrx_word' id='word_1_11' title='bbox 1085 278 1335 327; x_wconf 80' lang='lat' dir='ltr'>peregrinam,</span> <span class='ocrx_word' id='word_1_12' title='bbox 1357 279 1429 315; x_wconf 89' lang='lat' dir='ltr'>Cn.</span> 
     </span>
     <span class='ocr_line' id='line_1_3' title="bbox 121 321 1429 392; baseline 0.003 -18"><span class='ocrx_word' id='word_1_13' title='bbox 121 321 162 352; x_wconf 64' lang='lat' dir='ltr'>A·</span> <span class='ocrx_word' id='word_1_14' title='bbox 176 321 213 354; x_wconf 78' lang='lat' dir='ltr'>C·</span> <span class='ocrx_word' id='word_1_15' title='bbox 233 329 485 375; x_wconf 78' lang='lat' dir='ltr'>¹⁹⁵·Manlius</span> <span class='ocrx_word' id='word_1_16' title='bbox 505 338 626 374; x_wconf 82' lang='lat' dir='ltr'><strong>Vulso</strong></span> <span class='ocrx_word' id='word_1_17' title='bbox 646 339 827 383; x_wconf 81' lang='lat' dir='ltr'>Siciliam,</span> <span class='ocrx_word' id='word_1_18' title='bbox 849 341 923 390; x_wconf 89' lang='lat' dir='ltr'>Ap.</span> <span class='ocrx_word' id='word_1_19' title='bbox 940 340 1120 377; x_wconf 88' lang='lat' dir='ltr'>Claudius</span> <span class='ocrx_word' id='word_1_20' title='bbox 1149 341 1256 378; x_wconf 78' lang='lat' dir='ltr'>Nero</span> <span class='ocrx_word' id='word_1_21' title='bbox 1286 342 1429 392; x_wconf 85' lang='lat' dir='ltr'>Hispa-</span> 
     </span>
    </p>
   </div>
   <div class='ocr_carea' id='block_1_3' title="bbox 125 2162 277 2291">
    <p class='ocr_par' dir='ltr' id='par_1_3' title="bbox 125 2162 277 2291">
     <span class='ocr_line' id='line_1_4' title="bbox 126 2162 246 2193; baseline 0 0"><span class='ocrx_word' id='word_1_22' title='bbox 126 2162 211 2193; x_wconf 81' lang='lat' dir='ltr'>Vieti</span> <span class='ocrx_word' id='word_1_23' title='bbox 227 2172 246 2193; x_wconf 78' lang='lat' dir='ltr'>a</span> 
     </span>
     <span class='ocr_line' id='line_1_5' title="bbox 127 2206 277 2238; baseline 0.007 -1"><span class='ocrx_word' id='word_1_24' title='bbox 127 2206 277 2238; x_wconf 75' lang='lat' dir='ltr'>MInucio</span> 
     </span>
     <span class='ocr_line' id='line_1_6' title="bbox 125 2248 277 2291; baseline 0.02 -11"><span class='ocrx_word' id='word_1_25' title='bbox 125 2248 277 2291; x_wconf 81' lang='lat' dir='ltr'>Hispani.</span> 
     </span>
    </p>
   </div>
   <div class='ocr_carea' id='block_1_4' title="bbox 314 402 1441 2393">
    <p class='ocr_par' dir='ltr' id='par_1_4' title="bbox 314 402 1438 1487">
     <span class='ocr_line' id='line_1_7' title="bbox 316 402 1430 453; baseline 0.001 -13"><span class='ocrx_word' id='word_1_26' title='bbox 316 404 421 440; x_wconf 88' lang='lat' dir='ltr'>niam</span> <span class='ocrx_word' id='word_1_27' title='bbox 440 402 672 446; x_wconf 83' lang='lat' dir='ltr'>ulteriorem,</span> <span class='ocrx_word' id='word_1_28' title='bbox 689 403 732 440; x_wconf 89' lang='lat' dir='ltr'>P.</span> <span class='ocrx_word' id='word_1_29' title='bbox 747 403 903 440; x_wconf 91' lang='lat' dir='ltr'>Porcius</span> <span class='ocrx_word' id='word_1_30' title='bbox 923 404 1038 441; x_wconf 84' lang='lat' dir='ltr'>Laeca</span> <span class='ocrx_word' id='word_1_31' title='bbox 1059 405 1178 449; x_wconf 80' lang='lat' dir='ltr'>Pisas,</span> <span class='ocrx_word' id='word_1_32' title='bbox 1196 412 1238 442; x_wconf 87' lang='lat' dir='ltr'>ut</span> <span class='ocrx_word' id='word_1_33' title='bbox 1253 405 1300 442; x_wconf 84' lang='lat' dir='ltr'>ab</span> <span class='ocrx_word' id='word_1_34' title='bbox 1319 412 1430 453; x_wconf 84' lang='lat' dir='ltr'>tergo</span> 
     </span>
     <span class='ocr_line' id='line_1_8' title="bbox 315 467 1430 520; baseline 0.003 -17"><span class='ocrx_word' id='word_1_35' title='bbox 315 467 522 517; x_wconf 82' lang='lat' dir='ltr'><strong>Liguribus</strong></span> <span class='ocrx_word' id='word_1_36' title='bbox 543 474 667 504; x_wconf 83' lang='lat' dir='ltr'>esset:</span> <span class='ocrx_word' id='word_1_37' title='bbox 700 468 742 504; x_wconf 92' lang='lat' dir='ltr'>P.</span> <span class='ocrx_word' id='word_1_38' title='bbox 760 468 928 505; x_wconf 84' lang='lat' dir='ltr'>Manlius</span> <span class='ocrx_word' id='word_1_39' title='bbox 959 470 998 505; x_wconf 90' lang='lat' dir='ltr'>in</span> <span class='ocrx_word' id='word_1_40' title='bbox 1029 470 1255 520; x_wconf 76' lang='lat' dir='ltr'>Hispaniam</span> <span class='ocrx_word' id='word_1_41' title='bbox 1277 470 1430 506; x_wconf 80' lang='lat' dir='ltr'>citerio-</span> 
     </span>
     <span class='ocr_line' id='line_1_9' title="bbox 314 532 1429 583; baseline -0.001 -13"><span class='ocrx_word' id='word_1_42' title='bbox 314 546 395 570; x_wconf 86' lang='lat' dir='ltr'>rem</span> <span class='ocrx_word' id='word_1_43' title='bbox 424 532 576 582; x_wconf 78' lang='lat' dir='ltr'>adjutor</span> <span class='ocrx_word' id='word_1_44' title='bbox 603 533 749 568; x_wconf 85' lang='lat' dir='ltr'>consuli</span> <span class='ocrx_word' id='word_1_45' title='bbox 779 533 900 570; x_wconf 85' lang='lat' dir='ltr'>datur.</span> <span class='ocrx_word' id='word_1_46' title='bbox 957 534 1003 571; x_wconf 89' lang='lat' dir='ltr'>T.</span> <span class='ocrx_word' id='word_1_47' title='bbox 1026 536 1224 577; x_wconf 80' lang='lat' dir='ltr'>Quinctio,</span> <span class='ocrx_word' id='word_1_48' title='bbox 1247 534 1429 583; x_wconf 74' lang='lat' dir='ltr'>suspectis</span> 
     </span>
     <span class='ocr_line' id='line_1_10' title="bbox 315 596 1431 640; baseline 0.001 -7"><span class='ocrx_word' id='word_1_49' title='bbox 315 609 394 633; x_wconf 89' lang='lat' dir='ltr'>non</span> <span class='ocrx_word' id='word_1_50' title='bbox 425 596 548 632; x_wconf 90' lang='lat' dir='ltr'>solum</span> <span class='ocrx_word' id='word_1_51' title='bbox 573 597 769 632; x_wconf 86' lang='lat' dir='ltr'>Antiocho</span> <span class='ocrx_word' id='word_1_52' title='bbox 799 604 837 632; x_wconf 84' lang='lat' dir='ltr'>et</span> <span class='ocrx_word' id='word_1_53' title='bbox 862 597 1019 640; x_wconf 82' lang='lat' dir='ltr'>AEtolis,</span> <span class='ocrx_word' id='word_1_54' title='bbox 1041 599 1106 634; x_wconf 85' lang='lat' dir='ltr'>sed</span> <span class='ocrx_word' id='word_1_55' title='bbox 1136 600 1249 634; x_wconf 76' lang='lat' dir='ltr'>etiarn</span> <span class='ocrx_word' id='word_1_56' title='bbox 1278 597 1431 634; x_wconf 79' lang='lat' dir='ltr'>Nabide</span> 
     </span>
     <span class='ocr_line' id='line_1_11' title="bbox 314 660 1426 710; baseline -0.001 -13"><span class='ocrx_word' id='word_1_57' title='bbox 314 660 695 697; x_wconf 57' lang='lat' dir='ltr'>Lacedaemoniorum</span> <span class='ocrx_word' id='word_1_58' title='bbox 726 668 904 710; x_wconf 84' lang='lat' dir='ltr'>tyranno,</span> <span class='ocrx_word' id='word_1_59' title='bbox 935 668 1183 710; x_wconf 75' lang='lat' dir='ltr'>prorogatum</span> <span class='ocrx_word' id='word_1_60' title='bbox 1216 662 1255 696; x_wconf 87' lang='lat' dir='ltr'>in</span> <span class='ocrx_word' id='word_1_61' title='bbox 1285 673 1426 697; x_wconf 84' lang='lat' dir='ltr'>annum</span> 
     </span>
     <span class='ocr_line' id='line_1_12' title="bbox 315 725 1429 774; baseline 0 -13"><span class='ocrx_word' id='word_1_62' title='bbox 315 725 518 774; x_wconf 84' lang='lat' dir='ltr'>imperium</span> <span class='ocrx_word' id='word_1_63' title='bbox 538 733 608 768; x_wconf 86' lang='lat' dir='ltr'>est,</span> <span class='ocrx_word' id='word_1_64' title='bbox 630 725 721 761; x_wconf 89' lang='lat' dir='ltr'>duas</span> <span class='ocrx_word' id='word_1_65' title='bbox 751 725 920 774; x_wconf 72' lang='lat' dir='ltr'>legiones</span> <span class='ocrx_word' id='word_1_66' title='bbox 953 732 994 761; x_wconf 88' lang='lat' dir='ltr'>ut</span> <span class='ocrx_word' id='word_1_67' title='bbox 1022 726 1202 761; x_wconf 72' lang='lat' dir='ltr'>haberet:</span> <span class='ocrx_word' id='word_1_68' title='bbox 1235 727 1274 760; x_wconf 87' lang='lat' dir='ltr'>iu</span> <span class='ocrx_word' id='word_1_69' title='bbox 1305 737 1367 761; x_wconf 84' lang='lat' dir='ltr'>eas</span> <span class='ocrx_word' id='word_1_70' title='bbox 1397 726 1429 760; x_wconf 80' lang='lat' dir='ltr'>si</span> 
     </span>
     <span class='ocr_line' id='line_1_13' title="bbox 317 789 1434 841; baseline -0.002 -15"><span class='ocrx_word' id='word_1_71' title='bbox 317 790 408 839; x_wconf 91' lang='lat' dir='ltr'>quid</span> <span class='ocrx_word' id='word_1_72' title='bbox 439 790 693 841; x_wconf 74' lang='lat' dir='ltr'>supplementi</span> <span class='ocrx_word' id='word_1_73' title='bbox 722 803 815 840; x_wconf 88' lang='lat' dir='ltr'>opus</span> <span class='ocrx_word' id='word_1_74' title='bbox 847 797 958 833; x_wconf 83' lang='lat' dir='ltr'>esset,</span> <span class='ocrx_word' id='word_1_75' title='bbox 986 790 1161 825; x_wconf 61' lang='lat' dir='ltr'>consules</span> <span class='ocrx_word' id='word_1_76' title='bbox 1192 789 1370 833; x_wconf 87' lang='lat' dir='ltr'>scribere,</span> <span class='ocrx_word' id='word_1_77' title='bbox 1395 795 1434 826; x_wconf 89' lang='lat' dir='ltr'>et</span> 
     </span>
     <span class='ocr_line' id='line_1_14' title="bbox 317 854 1438 905; baseline -0.001 -15"><span class='ocrx_word' id='word_1_78' title='bbox 317 855 471 891; x_wconf 70' lang='lat' dir='ltr'>mittere</span> <span class='ocrx_word' id='word_1_79' title='bbox 498 856 537 891; x_wconf 87' lang='lat' dir='ltr'>in</span> <span class='ocrx_word' id='word_1_80' title='bbox 558 855 827 892; x_wconf 83' lang='lat' dir='ltr'>Macedoniam</span> <span class='ocrx_word' id='word_1_81' title='bbox 852 854 964 905; x_wconf 88' lang='lat' dir='ltr'>jussi.</span> <span class='ocrx_word' id='word_1_82' title='bbox 1020 857 1095 905; x_wconf 80' lang='lat' dir='ltr'>Ap.</span> <span class='ocrx_word' id='word_1_83' title='bbox 1118 854 1279 891; x_wconf 83' lang='lat' dir='ltr'>Claudio</span> <span class='ocrx_word' id='word_1_84' title='bbox 1301 860 1438 904; x_wconf 81' lang='lat' dir='ltr'>praeter</span> 
     </span>
     <span class='ocr_line' id='line_1_15' title="bbox 315 917 1434 969; baseline 0 -15"><span class='ocrx_word' id='word_1_85' title='bbox 315 917 523 967; x_wconf 84' lang='lat' dir='ltr'>legionem,</span> <span class='ocrx_word' id='word_1_86' title='bbox 546 933 658 968; x_wconf 81' lang='lat' dir='ltr'>quam</span> <span class='ocrx_word' id='word_1_87' title='bbox 677 920 726 959; x_wconf 86' lang='lat' dir='ltr'>Q.</span> <span class='ocrx_word' id='word_1_88' title='bbox 747 920 886 956; x_wconf 80' lang='lat' dir='ltr'>Fabius</span> <span class='ocrx_word' id='word_1_89' title='bbox 907 919 1107 962; x_wconf 79' lang='lat' dir='ltr'>habuerat,</span> <span class='ocrx_word' id='word_1_90' title='bbox 1130 919 1204 955; x_wconf 86' lang='lat' dir='ltr'>duo</span> <span class='ocrx_word' id='word_1_91' title='bbox 1225 918 1343 955; x_wconf 87' lang='lat' dir='ltr'>millia</span> <span class='ocrx_word' id='word_1_92' title='bbox 1367 931 1434 969; x_wconf 91' lang='lat' dir='ltr'>pe-</span> 
     </span>
     <span class='ocr_line' id='line_1_16' title="bbox 316 982 1436 1033; baseline 0.001 -16"><span class='ocrx_word' id='word_1_93' title='bbox 316 982 438 1019; x_wconf 85' lang='lat' dir='ltr'>ditum</span> <span class='ocrx_word' id='word_1_94' title='bbox 472 989 510 1019; x_wconf 89' lang='lat' dir='ltr'>et</span> <span class='ocrx_word' id='word_1_95' title='bbox 539 984 723 1020; x_wconf 80' lang='lat' dir='ltr'>ducentos</span> <span class='ocrx_word' id='word_1_96' title='bbox 753 985 898 1033; x_wconf 76' lang='lat' dir='ltr'>equites</span> <span class='ocrx_word' id='word_1_97' title='bbox 928 996 1048 1020; x_wconf 84' lang='lat' dir='ltr'>novos</span> <span class='ocrx_word' id='word_1_98' title='bbox 1078 983 1318 1020; x_wconf 80' lang='lat' dir='ltr'>conscribere</span> <span class='ocrx_word' id='word_1_99' title='bbox 1351 995 1436 1032; x_wconf 84' lang='lat' dir='ltr'>per-</span> 
     </span>
     <span class='ocr_line' id='line_1_17' title="bbox 317 1047 1436 1098; baseline 0 -15"><span class='ocrx_word' id='word_1_100' title='bbox 317 1047 488 1084; x_wconf 77' lang='lat' dir='ltr'>missum.</span> <span class='ocrx_word' id='word_1_101' title='bbox 545 1048 620 1084; x_wconf 83' lang='lat' dir='ltr'>Par</span> <span class='ocrx_word' id='word_1_102' title='bbox 638 1060 816 1085; x_wconf 86' lang='lat' dir='ltr'>numerus</span> <span class='ocrx_word' id='word_1_103' title='bbox 841 1049 1010 1098; x_wconf 82' lang='lat' dir='ltr'>peditum</span> <span class='ocrx_word' id='word_1_104' title='bbox 1041 1050 1286 1097; x_wconf 77' lang='lat' dir='ltr'>equitumque</span> <span class='ocrx_word' id='word_1_105' title='bbox 1315 1059 1436 1083; x_wconf 89' lang='lat' dir='ltr'>novo-</span> 
     </span>
     <span class='ocr_line' id='line_1_18' title="bbox 316 1112 1433 1163; baseline -0.001 -15"><span class='ocrx_word' id='word_1_106' title='bbox 316 1122 401 1148; x_wconf 83' lang='lat' dir='ltr'>rum</span> <span class='ocrx_word' id='word_1_107' title='bbox 431 1113 474 1149; x_wconf 91' lang='lat' dir='ltr'>P.</span> <span class='ocrx_word' id='word_1_108' title='bbox 495 1112 646 1149; x_wconf 78' lang='lat' dir='ltr'>Manlio</span> <span class='ocrx_word' id='word_1_109' title='bbox 673 1114 710 1149; x_wconf 93' lang='lat' dir='ltr'>in</span> <span class='ocrx_word' id='word_1_110' title='bbox 732 1113 947 1150; x_wconf 85' lang='lat' dir='ltr'>citeriorem</span> <span class='ocrx_word' id='word_1_111' title='bbox 977 1113 1205 1163; x_wconf 75' lang='lat' dir='ltr'>Hispaniam</span> <span class='ocrx_word' id='word_1_112' title='bbox 1236 1113 1433 1148; x_wconf 81' lang='lat' dir='ltr'>decretus:</span> 
     </span>
     <span class='ocr_line' id='line_1_19' title="bbox 317 1175 1436 1227; baseline -0.001 -15"><span class='ocrx_word' id='word_1_113' title='bbox 317 1181 357 1212; x_wconf 87' lang='lat' dir='ltr'>et</span> <span class='ocrx_word' id='word_1_114' title='bbox 386 1175 487 1226; x_wconf 85' lang='lat' dir='ltr'>legio</span> <span class='ocrx_word' id='word_1_115' title='bbox 517 1177 662 1219; x_wconf 83' lang='lat' dir='ltr'>eadem,</span> <span class='ocrx_word' id='word_1_116' title='bbox 690 1190 772 1227; x_wconf 87' lang='lat' dir='ltr'>quae</span> <span class='ocrx_word' id='word_1_117' title='bbox 802 1177 926 1214; x_wconf 85' lang='lat' dir='ltr'>fuerat</span> <span class='ocrx_word' id='word_1_118' title='bbox 955 1177 1025 1214; x_wconf 85' lang='lat' dir='ltr'>sub</span> <span class='ocrx_word' id='word_1_119' title='bbox 1055 1178 1230 1213; x_wconf 86' lang='lat' dir='ltr'>Minucio</span> <span class='ocrx_word' id='word_1_120' title='bbox 1259 1182 1436 1226; x_wconf 83' lang='lat' dir='ltr'>praetore,</span> 
     </span>
     <span class='ocr_line' id='line_1_20' title="bbox 317 1239 1435 1278; baseline -0.004 0"><span class='ocrx_word' id='word_1_121' title='bbox 317 1239 417 1278; x_wconf 89' lang='lat' dir='ltr'>data.</span> <span class='ocrx_word' id='word_1_122' title='bbox 475 1241 528 1278; x_wconf 87' lang='lat' dir='ltr'>Et</span> <span class='ocrx_word' id='word_1_123' title='bbox 547 1241 589 1278; x_wconf 90' lang='lat' dir='ltr'>P.</span> <span class='ocrx_word' id='word_1_124' title='bbox 610 1242 749 1278; x_wconf 83' lang='lat' dir='ltr'>Porcio</span> <span class='ocrx_word' id='word_1_125' title='bbox 768 1241 892 1278; x_wconf 80' lang='lat' dir='ltr'>Laecae</span> <span class='ocrx_word' id='word_1_126' title='bbox 913 1243 959 1278; x_wconf 79' lang='lat' dir='ltr'>ad</span> <span class='ocrx_word' id='word_1_127' title='bbox 979 1242 1173 1278; x_wconf 80' lang='lat' dir='ltr'>Etruriam</span> <span class='ocrx_word' id='word_1_128' title='bbox 1199 1242 1298 1277; x_wconf 83' lang='lat' dir='ltr'>circa</span> <span class='ocrx_word' id='word_1_129' title='bbox 1328 1240 1435 1276; x_wconf 82' lang='lat' dir='ltr'>Pisas</span> 
     </span>
     <span class='ocr_line' id='line_1_21' title="bbox 317 1303 1438 1357; baseline -0.001 -16"><span class='ocrx_word' id='word_1_130' title='bbox 317 1303 396 1341; x_wconf 86' lang='lat' dir='ltr'>duo</span> <span class='ocrx_word' id='word_1_131' title='bbox 425 1305 543 1343; x_wconf 83' lang='lat' dir='ltr'>millia</span> <span class='ocrx_word' id='word_1_132' title='bbox 572 1306 741 1357; x_wconf 80' lang='lat' dir='ltr'>pediturn</span> <span class='ocrx_word' id='word_1_133' title='bbox 772 1314 810 1343; x_wconf 90' lang='lat' dir='ltr'>et</span> <span class='ocrx_word' id='word_1_134' title='bbox 829 1307 1029 1356; x_wconf 81' lang='lat' dir='ltr'>quingenti</span> <span class='ocrx_word' id='word_1_135' title='bbox 1051 1307 1194 1356; x_wconf 83' lang='lat' dir='ltr'>equites</span> <span class='ocrx_word' id='word_1_136' title='bbox 1219 1319 1264 1342; x_wconf 78' lang='lat' dir='ltr'>ex</span> <span class='ocrx_word' id='word_1_137' title='bbox 1287 1304 1438 1342; x_wconf 85' lang='lat' dir='ltr'>Gallico</span> 
     </span>
     <span class='ocr_line' id='line_1_22' title="bbox 318 1371 1435 1423; baseline 0 -17"><span class='ocrx_word' id='word_1_138' title='bbox 318 1371 488 1407; x_wconf 82' lang='lat' dir='ltr'>exercitu</span> <span class='ocrx_word' id='word_1_139' title='bbox 521 1372 673 1409; x_wconf 84' lang='lat' dir='ltr'>decreti.</span> <span class='ocrx_word' id='word_1_140' title='bbox 731 1372 777 1408; x_wconf 86' lang='lat' dir='ltr'>In</span> <span class='ocrx_word' id='word_1_141' title='bbox 814 1372 989 1408; x_wconf 80' lang='lat' dir='ltr'>Sardinia</span> <span class='ocrx_word' id='word_1_142' title='bbox 1024 1380 1277 1423; x_wconf 85' lang='lat' dir='ltr'>prorogatum</span> <span class='ocrx_word' id='word_1_143' title='bbox 1314 1371 1435 1422; x_wconf 88' lang='lat' dir='ltr'>impe-</span> 
     </span>
     <span class='ocr_line' id='line_1_23' title="bbox 317 1433 838 1487; baseline 0.008 -17"><span class='ocrx_word' id='word_1_144' title='bbox 317 1433 418 1471; x_wconf 82' lang='lat' dir='ltr'>rium</span> <span class='ocrx_word' id='word_1_145' title='bbox 438 1435 665 1487; x_wconf 86' lang='lat' dir='ltr'>Sempronio</span> <span class='ocrx_word' id='word_1_146' title='bbox 685 1437 838 1486; x_wconf 79' lang='lat' dir='ltr'>Longo,</span> 
     </span>
    </p>

    <p class='ocr_par' dir='ltr' id='par_1_5' title="bbox 316 1499 1441 2393">
     <span class='ocr_line' id='line_1_24' title="bbox 375 1499 1438 1551; baseline 0 -15"><span class='ocrx_word' id='word_1_147' title='bbox 375 1499 524 1538; x_wconf 88' lang='lat' dir='ltr'>XLIV.</span> <span class='ocrx_word' id='word_1_148' title='bbox 555 1502 765 1539; x_wconf 73' lang='lat' dir='ltr'>Provinciis</span> <span class='ocrx_word' id='word_1_149' title='bbox 788 1504 840 1538; x_wconf 78' lang='lat' dir='ltr'>ita</span> <span class='ocrx_word' id='word_1_150' title='bbox 859 1501 1085 1544; x_wconf 83' lang='lat' dir='ltr'>distributis,</span> <span class='ocrx_word' id='word_1_151' title='bbox 1106 1501 1295 1544; x_wconf 86' lang='lat' dir='ltr'>consules,</span> <span class='ocrx_word' id='word_1_152' title='bbox 1315 1501 1438 1551; x_wconf 87' lang='lat' dir='ltr'>prius-</span> 
     </span>
     <span class='ocr_line' id='line_1_25' title="bbox 316 1565 1440 1617; baseline 0.002 -18"><span class='ocrx_word' id='word_1_153' title='bbox 316 1575 434 1613; x_wconf 85' lang='lat' dir='ltr'>quam</span> <span class='ocrx_word' id='word_1_154' title='bbox 455 1565 503 1602; x_wconf 83' lang='lat' dir='ltr'>ab</span> <span class='ocrx_word' id='word_1_155' title='bbox 531 1567 623 1603; x_wconf 85' lang='lat' dir='ltr'>urbe</span> <span class='ocrx_word' id='word_1_156' title='bbox 648 1567 992 1617; x_wconf 86' lang='lat' dir='ltr'>proficiscerentur,</span> <span class='ocrx_word' id='word_1_157' title='bbox 1014 1579 1077 1601; x_wconf 89' lang='lat' dir='ltr'>ver</span> <span class='ocrx_word' id='word_1_158' title='bbox 1097 1579 1244 1602; x_wconf 87' lang='lat' dir='ltr'>sacrum</span> <span class='ocrx_word' id='word_1_159' title='bbox 1271 1578 1317 1601; x_wconf 84' lang='lat' dir='ltr'>ex</span> <span class='ocrx_word' id='word_1_160' title='bbox 1342 1577 1440 1615; x_wconf 90' lang='lat' dir='ltr'>pon-</span> 
     </span>
     <span class='ocr_line' id='line_1_26' title="bbox 318 1628 1441 1681; baseline 0.001 -16"><span class='ocrx_word' id='word_1_161' title='bbox 318 1628 465 1666; x_wconf 83' lang='lat' dir='ltr'>tificum</span> <span class='ocrx_word' id='word_1_162' title='bbox 489 1629 602 1678; x_wconf 83' lang='lat' dir='ltr'>jussu</span> <span class='ocrx_word' id='word_1_163' title='bbox 630 1631 768 1675; x_wconf 72' lang='lat' dir='ltr'>fecere,</span> <span class='ocrx_word' id='word_1_164' title='bbox 799 1631 901 1681; x_wconf 88' lang='lat' dir='ltr'>quod</span> <span class='ocrx_word' id='word_1_165' title='bbox 931 1632 977 1667; x_wconf 89' lang='lat' dir='ltr'>A.</span> <span class='ocrx_word' id='word_1_166' title='bbox 1000 1630 1198 1667; x_wconf 87' lang='lat' dir='ltr'>Cornelius</span> <span class='ocrx_word' id='word_1_167' title='bbox 1227 1628 1441 1666; x_wconf 63' lang='lat' dir='ltr'>BIammula</span> 
     </span>
     <span class='ocr_line' id='line_1_27' title="bbox 319 1692 1438 1745; baseline 0.004 -18"><span class='ocrx_word' id='word_1_168' title='bbox 319 1698 463 1742; x_wconf 77' lang='lat' dir='ltr'>praetor</span> <span class='ocrx_word' id='word_1_169' title='bbox 479 1701 631 1728; x_wconf 78' lang='lat' dir='ltr'>voverat</span> <span class='ocrx_word' id='word_1_170' title='bbox 649 1692 694 1728; x_wconf 90' lang='lat' dir='ltr'>de</span> <span class='ocrx_word' id='word_1_171' title='bbox 711 1692 1074 1732; x_wconf 62' lang='lat' dir='ltr'>senatussententia</span> <span class='ocrx_word' id='word_1_172' title='bbox 1093 1694 1299 1745; x_wconf 87' lang='lat' dir='ltr'>populique</span> <span class='ocrx_word' id='word_1_173' title='bbox 1311 1696 1438 1745; x_wconf 64' lang='lat' dir='ltr'>jussm</span> 
     </span>
     <span class='ocr_line' id='line_1_28' title="bbox 322 1754 1440 1810; baseline 0.004 -19"><span class='ocrx_word' id='word_1_174' title='bbox 322 1756 393 1792; x_wconf 88' lang='lat' dir='ltr'>Cn.</span> <span class='ocrx_word' id='word_1_175' title='bbox 423 1756 597 1800; x_wconf 77' lang='lat' dir='ltr'>Servilio,</span> <span class='ocrx_word' id='word_1_176' title='bbox 634 1758 677 1794; x_wconf 89' lang='lat' dir='ltr'>C.</span> <span class='ocrx_word' id='word_1_177' title='bbox 704 1754 1171 1796; x_wconf 49' lang='lat' dir='ltr'>Flanxinioikeonsulibus:</span> <span class='ocrx_word' id='word_1_178' title='bbox 1205 1760 1313 1796; x_wconf 79' lang='lat' dir='ltr'>annis</span> <span class='ocrx_word' id='word_1_179' title='bbox 1350 1765 1440 1810; x_wconf 86' lang='lat' dir='ltr'>post</span> 
     </span>
     <span class='ocr_line' id='line_1_29' title="bbox 320 1823 1437 1873; baseline 0.004 -17"><span class='ocrx_word' id='word_1_180' title='bbox 320 1833 399 1856; x_wconf 87' lang='lat' dir='ltr'>uno</span> <span class='ocrx_word' id='word_1_181' title='bbox 421 1827 457 1857; x_wconf 89' lang='lat' dir='ltr'>et</span> <span class='ocrx_word' id='word_1_182' title='bbox 477 1823 612 1871; x_wconf 84' lang='lat' dir='ltr'>viginti</span> <span class='ocrx_word' id='word_1_183' title='bbox 636 1823 777 1859; x_wconf 83' lang='lat' dir='ltr'>factum</span> <span class='ocrx_word' id='word_1_184' title='bbox 799 1831 868 1866; x_wconf 88' lang='lat' dir='ltr'>est,</span> <span class='ocrx_word' id='word_1_185' title='bbox 886 1838 998 1873; x_wconf 90' lang='lat' dir='ltr'>quam</span> <span class='ocrx_word' id='word_1_186' title='bbox 1019 1832 1162 1862; x_wconf 88' lang='lat' dir='ltr'>votum.</span> <span class='ocrx_word' id='word_1_187' title='bbox 1193 1825 1267 1861; x_wconf 88' lang='lat' dir='ltr'>Per</span> <span class='ocrx_word' id='word_1_188' title='bbox 1285 1825 1437 1861; x_wconf 87' lang='lat' dir='ltr'>eosdem</span> 
     </span>
     <span class='ocr_line' id='line_1_30' title="bbox 319 1884 1438 1939; baseline 0.004 -19"><span class='ocrx_word' id='word_1_189' title='bbox 319 1884 399 1921; x_wconf 87' lang='lat' dir='ltr'>dies</span> <span class='ocrx_word' id='word_1_190' title='bbox 432 1887 474 1922; x_wconf 92' lang='lat' dir='ltr'>C.</span> <span class='ocrx_word' id='word_1_191' title='bbox 505 1887 699 1931; x_wconf 84' lang='lat' dir='ltr'>Claudius,</span> <span class='ocrx_word' id='word_1_192' title='bbox 731 1889 805 1939; x_wconf 90' lang='lat' dir='ltr'>Ap.</span> <span class='ocrx_word' id='word_1_193' title='bbox 833 1888 945 1932; x_wconf 86' lang='lat' dir='ltr'>filius,</span> <span class='ocrx_word' id='word_1_194' title='bbox 978 1890 1139 1926; x_wconf 85' lang='lat' dir='ltr'>Pulcher</span> <span class='ocrx_word' id='word_1_195' title='bbox 1167 1902 1288 1939; x_wconf 88' lang='lat' dir='ltr'>augur</span> <span class='ocrx_word' id='word_1_196' title='bbox 1316 1890 1355 1925; x_wconf 90' lang='lat' dir='ltr'>in</span> <span class='ocrx_word' id='word_1_197' title='bbox 1386 1889 1438 1926; x_wconf 79' lang='lat' dir='ltr'>Q.</span> 
     </span>
     <span class='ocr_line' id='line_1_31' title="bbox 319 1950 1435 2005; baseline 0 -17"><span class='ocrx_word' id='word_1_198' title='bbox 319 1950 429 1988; x_wconf 86' lang='lat' dir='ltr'>Fabii</span> <span class='ocrx_word' id='word_1_199' title='bbox 450 1953 612 1990; x_wconf 44' lang='lat' dir='ltr'>Maximi</span> <span class='ocrx_word' id='word_1_200' title='bbox 633 1955 772 1999; x_wconf 84' lang='lat' dir='ltr'>locum,</span> <span class='ocrx_word' id='word_1_201' title='bbox 794 1956 856 2004; x_wconf 90' lang='lat' dir='ltr'>qui</span> <span class='ocrx_word' id='word_1_202' title='bbox 879 1956 1003 2005; x_wconf 86' lang='lat' dir='ltr'>priore</span> <span class='ocrx_word' id='word_1_203' title='bbox 1025 1968 1128 1991; x_wconf 87' lang='lat' dir='ltr'>anno</span> <span class='ocrx_word' id='word_1_204' title='bbox 1148 1961 1318 1990; x_wconf 67' lang='lat' dir='ltr'>mortuus</span> <span class='ocrx_word' id='word_1_205' title='bbox 1340 1958 1435 1995; x_wconf 84' lang='lat' dir='ltr'>erat,</span> 
     </span>
     <span class='ocr_line' id='line_1_32' title="bbox 319 2015 1437 2069; baseline 0 -17"><span class='ocrx_word' id='word_1_206' title='bbox 319 2015 439 2053; x_wconf 85' lang='lat' dir='ltr'>lectus</span> <span class='ocrx_word' id='word_1_207' title='bbox 471 2019 793 2069; x_wconf 82' lang='lat' dir='ltr'>inauguratusque</span> <span class='ocrx_word' id='word_1_208' title='bbox 824 2026 892 2057; x_wconf 89' lang='lat' dir='ltr'>est.</span> <span class='ocrx_word' id='word_1_209' title='bbox 948 2019 1181 2056; x_wconf 71' lang='lat' dir='ltr'>Nlirantibus</span> <span class='ocrx_word' id='word_1_210' title='bbox 1209 2017 1293 2068; x_wconf 83' lang='lat' dir='ltr'>jam</span> <span class='ocrx_word' id='word_1_211' title='bbox 1322 2017 1437 2067; x_wconf 86' lang='lat' dir='ltr'>vulgo</span> 
     </span>
     <span class='ocr_line' id='line_1_33' title="bbox 319 2081 1434 2135; baseline 0 -19"><span class='ocrx_word' id='word_1_212' title='bbox 319 2081 554 2126; x_wconf 84' lang='lat' dir='ltr'>hominibus,</span> <span class='ocrx_word' id='word_1_213' title='bbox 570 2084 669 2133; x_wconf 88' lang='lat' dir='ltr'>quod</span> <span class='ocrx_word' id='word_1_214' title='bbox 692 2084 881 2135; x_wconf 86' lang='lat' dir='ltr'>Hispania</span> <span class='ocrx_word' id='word_1_215' title='bbox 901 2086 1095 2126; x_wconf 88' lang='lat' dir='ltr'>movisset,</span> <span class='ocrx_word' id='word_1_216' title='bbox 1117 2083 1258 2119; x_wconf 86' lang='lat' dir='ltr'>bellum</span> <span class='ocrx_word' id='word_1_217' title='bbox 1277 2081 1434 2131; x_wconf 84' lang='lat' dir='ltr'>negligi,</span> 
     </span>
     <span class='ocr_line' id='line_1_34' title="bbox 321 2145 1439 2195; baseline 0.001 -14"><span class='ocrx_word' id='word_1_218' title='bbox 321 2145 441 2183; x_wconf 84' lang='lat' dir='ltr'>literae</span> <span class='ocrx_word' id='word_1_219' title='bbox 462 2161 483 2184; x_wconf 84' lang='lat' dir='ltr'>a</span> <span class='ocrx_word' id='word_1_220' title='bbox 503 2149 550 2188; x_wconf 86' lang='lat' dir='ltr'>Q.</span> <span class='ocrx_word' id='word_1_221' title='bbox 570 2149 747 2186; x_wconf 68' lang='lat' dir='ltr'>Minucio</span> <span class='ocrx_word' id='word_1_222' title='bbox 775 2149 909 2186; x_wconf 85' lang='lat' dir='ltr'>adlatae</span> <span class='ocrx_word' id='word_1_223' title='bbox 929 2156 1032 2192; x_wconf 89' lang='lat' dir='ltr'>sunt,</span> <span class='ocrx_word' id='word_1_224' title='bbox 1054 2150 1102 2186; x_wconf 85' lang='lat' dir='ltr'>Se</span> <span class='ocrx_word' id='word_1_225' title='bbox 1121 2150 1170 2185; x_wconf 78' lang='lat' dir='ltr'>ad</span> <span class='ocrx_word' id='word_1_226' title='bbox 1193 2148 1349 2184; x_wconf 74' lang='lat' dir='ltr'>Turbam</span> <span class='ocrx_word' id='word_1_227' title='bbox 1374 2159 1439 2195; x_wconf 84' lang='lat' dir='ltr'>op-</span> 
     </span>
     <span class='ocr_line' id='line_1_35' title="bbox 319 2211 1436 2262; baseline -0.001 -15"><span class='ocrx_word' id='word_1_228' title='bbox 319 2212 448 2259; x_wconf 78' lang='lat' dir='ltr'>pidum</span> <span class='ocrx_word' id='word_1_229' title='bbox 467 2225 544 2248; x_wconf 79' lang='lat' dir='ltr'>cum</span> <span class='ocrx_word' id='word_1_230' title='bbox 574 2215 721 2250; x_wconf 59' lang='lat' dir='ltr'>Emisere</span> <span class='ocrx_word' id='word_1_231' title='bbox 739 2220 773 2250; x_wconf 74' lang='lat' dir='ltr'>et</span> <span class='ocrx_word' id='word_1_232' title='bbox 794 2215 976 2257; x_wconf 77' lang='lat' dir='ltr'>Besczside,</span> <span class='ocrx_word' id='word_1_233' title='bbox 999 2213 1273 2262; x_wconf 75' lang='lat' dir='ltr'>imperatoribus</span> <span class='ocrx_word' id='word_1_234' title='bbox 1302 2211 1436 2259; x_wconf 74' lang='lat' dir='ltr'>Hispa-</span> 
     </span>
     <span class='ocr_line' id='line_1_36' title="bbox 323 2276 1439 2328; baseline 0 -18"><span class='ocrx_word' id='word_1_235' title='bbox 323 2277 391 2319; x_wconf 75' lang='lat' dir='ltr'>nis,</span> <span class='ocrx_word' id='word_1_236' title='bbox 411 2278 522 2324; x_wconf 84' lang='lat' dir='ltr'>signis</span> <span class='ocrx_word' id='word_1_237' title='bbox 541 2280 694 2315; x_wconf 74' lang='lat' dir='ltr'>conlatis</span> <span class='ocrx_word' id='word_1_238' title='bbox 717 2290 887 2328; x_wconf 79' lang='lat' dir='ltr'>prospere</span> <span class='ocrx_word' id='word_1_239' title='bbox 911 2291 1115 2328; x_wconf 76' lang='lat' dir='ltr'>pugnasse:</span> <span class='ocrx_word' id='word_1_240' title='bbox 1144 2278 1325 2314; x_wconf 79' lang='lat' dir='ltr'>duodecim</span> <span class='ocrx_word' id='word_1_241' title='bbox 1356 2276 1439 2311; x_wconf 82' lang='lat' dir='ltr'>mil-</span> 
     </span>
     <span class='ocr_line' id='line_1_37' title="bbox 325 2341 1441 2393; baseline 0 -17"><span class='ocrx_word' id='word_1_242' title='bbox 325 2341 376 2377; x_wconf 77' lang='lat' dir='ltr'>lia</span> <span class='ocrx_word' id='word_1_243' title='bbox 411 2342 566 2380; x_wconf 69' lang='lat' dir='ltr'>hostium</span> <span class='ocrx_word' id='word_1_244' title='bbox 603 2356 716 2382; x_wconf 78' lang='lat' dir='ltr'>coesa:</span> <span class='ocrx_word' id='word_1_245' title='bbox 762 2346 947 2382; x_wconf 78' lang='lat' dir='ltr'>Budarem</span> <span class='ocrx_word' id='word_1_246' title='bbox 980 2346 1234 2393; x_wconf 79' lang='lat' dir='ltr'>imperatorem</span> <span class='ocrx_word' id='word_1_247' title='bbox 1270 2345 1441 2390; x_wconf 76' lang='lat' dir='ltr'>captum.-</span> 
     </span>
    </p>
   </div>
  </div>
 </body>
</html>
