1507 2656
350 175 504 204 LIBER
527 172 649 202 xxx.
683 171 789 200 CAP.
812 171 932 201 xnt.
1113 174 1198 217 229

83 267 166 302 simi
192 267 227 302 in
254 266 356 301 terris
380 265 566 300 tribuerint
589 262 728 310 populi,
751 261 936 297 Romanus
958 261 1195 311 Karthagini-

84 332 255 378 ensisque,
281 334 323 366 ut
351 329 471 376 Scipio
499 329 695 374 imperator
722 338 805 361 suas
832 327 880 361 ad
902 328 1099 363 amicitiam
1125 327 1198 374 ejus

79 396 284 442 petendam,
304 394 431 429 relicta
445 393 634 440 provincia
653 391 833 438 Hispania
851 392 1086 439 exercituque,
1106 393 1197 428 dua-

83 458 145 494 bus
172 457 474 506 quinqueremibus
501 458 538 492 in
558 455 725 504 Africam
752 456 1002 502 navigaverit:
1030 456 1198 492 Hasdru-

81 523 152 566 bal,
181 524 371 559 Poenorum
401 523 609 569 imperator,
637 533 707 556 non
741 522 814 568 ipse
843 520 946 555 modo
975 521 1024 555 ad
1052 532 1132 556 eum
1161 522 1199 557 in

79 599 229 634 regnum
259 588 405 628 venerit,
430 587 491 621 sed
518 587 628 621 etiam
644 586 767 634 filiam
801 586 833 620 ei
864 589 1015 632 nuptum
1048 585 1198 623 dederit.

81 651 256 687 Habuisse
274 663 353 686 eum
373 663 443 686 uno
464 655 619 698 tempore
639 651 674 685 in
690 654 871 697 potestate
890 650 976 684 duos
1001 651 1196 697 imperato-

82 728 149 758 res,
172 716 319 751 Poenum
339 715 621 762 Romanumque.
679 713 782 749 Sicut
811 714 853 749 ab
875 714 964 749 Diis
991 715 1197 750 inmortali-

85 779 145 815 bus
160 792 246 827 pars
266 784 417 828 utraque
445 779 568 814 hostiis
592 778 793 813 mactandis
818 789 941 825 pacem
965 779 1124 825 petisset,
1146 780 1198 813 ita

83 843 126 879 ab
145 855 185 878 eo
202 844 382 890 utrimque
405 845 545 890 pariter
564 842 761 877 amicitiam
786 841 951 888 petitam.
1007 840 1095 876 Jam
1116 846 1199 877 tan-

84 911 139 942 tas
166 907 324 942 habuisse
353 918 445 954 opes,
467 912 508 941 ut
526 906 755 941 issasinissam
783 916 892 951 regno
908 905 1053 952 pulsum
1080 917 1121 941 eo
1139 917 1195 941 re-

82 972 229 1018 degerit,
251 975 292 1006 ut
318 972 393 1005 vita
421 969 494 1015 ejus
510 969 624 1017 fama.
652 971 777 1005 mortis
795 974 830 1004 et
849 969 1005 1011 latebris,
1025 968 1197 1017 ferarum

78 1035 182 1071 modo
201 1036 237 1069 in
253 1035 352 1069 silvis
369 1038 476 1081 rapto
496 1034 654 1075 viventis,
673 1037 859 1079 tegeretur.
917 1031 990 1066 His
1011 1032 1195 1067 sermoni-

79 1099 150 1135 bus
177 1098 501 1134 circumstantium
522 1096 732 1132 celebratus
757 1108 823 1132 rex
842 1097 881 1131 in
901 1096 1119 1145 praetorium
1149 1096 1196 1132 ad

81 1165 296 1214 Scipionem
312 1169 368 1198 est
387 1163 601 1212 perductus.
644 1161 771 1198 Movit
791 1168 828 1197 et
843 1162 1058 1211 Scipionem
1080 1174 1195 1210 quum

79 1228 235 1265 fortuna
253 1228 413 1278 pristina
431 1227 501 1262 viri
531 1226 708 1276 praesenti
737 1225 901 1262 fortunae
927 1225 1092 1268 conlata,
1114 1232 1195 1261 tum

80 1292 292 1329 recordatio
312 1291 468 1342 hospitii
489 1291 704 1339 dextraeque
723 1290 834 1333 datae,
857 1295 894 1325 ct
915 1289 1066 1326 foederis
1096 1289 1193 1339 pub-

79 1356 151 1392 lice
187 1369 231 1392 ac
263 1356 436 1406 privatim
467 1353 606 1404 juncti.
662 1354 808 1389 Eadem
841 1354 921 1389 haee
955 1359 993 1389 et
1029 1353 1191 1404 Syphaci

80 1421 247 1456 animum
293 1419 476 1455 dederunt
522 1418 561 1453 in
608 1417 846 1465 adloquendo
887 1417 1054 1453 victore:
1104 1429 1190 1453 nam

79 1499 193 1536 quum
223 1486 364 1535 Scipio,
396 1485 482 1532 quid
505 1484 571 1519 sibi
598 1485 774 1525 voluisset,
803 1489 999 1531 quaereret,
1031 1485 1091 1531 qui
1122 1496 1193 1519 non

77 1553 279 1587 societatem
305 1550 418 1585 solum
438 1549 614 1584 abnuisset
634 1548 850 1589 Romanam,
871 1549 931 1582 secl
950 1548 1044 1582 ultro
1064 1548 1192 1583 bellum

79 1616 277 1657 tntulisset‚·
306 1619 387 1649 tum
416 1612 492 1656 ille,
513 1624 675 1660 peccasse
694 1613 835 1660 quidem
863 1624 935 1647 sese
963 1617 1070 1660 atque
1097 1614 1194 1647 insa·-

77 1681 179 1720 nisse,
200 1677 412 1720 fatebatur,
444 1678 505 1711 sed
520 1689 587 1711 non
608 1681 683 1711 tum
704 1677 857 1717 demum,
879 1687 986 1722 quum
1005 1688 1108 1711 arma
1129 1678 1193 1712 ad-

77 1754 194 1778 versus
210 1742 381 1789 populum
404 1741 607 1775 Romanum
626 1741 770 1787 cepisset
782 1755 794 1781 ,-
823 1741 957 1774 exitam
984 1741 1038 1773 sui
1053 1738 1199 1786 suroris

69 1806 200 1855 fuisse,
220 1816 289 1840 non
311 1806 541 1851 principium.
605 1803 703 1838 Tunc
728 1814 764 1837 se
791 1803 974 1843 insanisse,
1001 1807 1085 1837 tuuc
1114 1803 1192 1837 hos-

74 1872 172 1919 pitia
188 1871 332 1918 privata
352 1873 386 1904 et
408 1868 551 1916 publica
570 1867 716 1916 foedera
736 1868 857 1902 omnia
876 1878 917 1901 ex
936 1867 1054 1901 animo
1074 1864 1191 1911 ejecis-

77 1947 126 1977 se,
148 1946 254 1982 quum
279 1933 615 1979 Karthaginiensem
643 1935 846 1966 matronam
876 1932 1019 1965 domum
1048 1942 1193 1978 accepe-

77 2001 137 2035 rit.
179 1999 257 2034 IIiis
276 1997 496 2045 nuptialibus
500 1996 646 2044 facibus
666 1997 804 2042 regiam
824 1994 1057 2043 conflagrasse
1071 2007 1194 2030 suam:

79 2063 337 2110 illamfuriam
362 2066 564 2110 pestemque
592 2061 749 2096 omnibus
778 2060 1017 2095 delinimentis
1035 2060 1194 2093 animum

79 2139 179 2163 suum
209 2129 375 2162 avertisse
399 2132 505 2174 atque
532 2127 727 2161 alienasse:
756 2137 819 2160 nec
844 2126 1055 2171 conquiesse,
1087 2125 1195 2159 donec

79 2192 158 2239 ipsa
176 2191 334 2226 manibus
351 2192 422 2226 suis
451 2189 593 2238 nefaria
619 2190 684 2224 sibi
706 2201 809 2224 arma
827 2189 994 2223 adversus
1022 2186 1196 2234 hospitem

79 2259 187 2302 atque
223 2255 375 2290 amicum
418 2255 583 2289 induerit.
641 2254 791 2288 Perdito
829 2257 946 2287 tamen
983 2256 1091 2298 atquc
1126 2252 1196 2286 acl-

65 2319 173 2369 flicto
191 2319 257 2355 sibi
284 2318 348 2355 hoc
376 2320 412 2354 in
441 2319 590 2355 miseriis
616 2319 738 2354 sota-tii
757 2328 838 2360 esse,
860 2316 953 2364 quod
982 2317 1017 2350 in
1037 2316 1199 2352 omnium-

1210 271 1250 300 U.
1264 271 1300 300 C.
1317 277 1393 304 549,

1208 314 1246 343 A.
1265 314 1306 343 C,
1318 320 1393 346 208.

1205 1363 1382 1402 Conloqui-

1204 1412 1255 1436 tur
1269 1416 1347 1436 cum

1205 1450 1365 1490 Scipione·
