1507 2656
8 310 13 340 ἐ

265 158 418 186 Lmen
443 156 622 185 xxxur.
653 156 760 183 CAP.
784 156 1014 184 xxxvln.
1100 152 1183 197 475

77 250 213 280 eventu
251 245 470 281 commissa:
503 244 636 293 quinto
671 243 731 279 die
767 256 885 294 prope
915 243 1021 293 justa
1056 255 1183 293 pugna
1198 249 1238 280 U.
1253 249 1289 279 C.
1305 255 1379 286 557,

78 308 172 344 adeo
200 316 377 360 paventes
410 310 450 344 in
478 308 659 357 oppidum
687 308 968 344 Lacedaemonii
1000 306 1183 356 compulsi
1196 294 1234 323 Α·
1248 291 1285 322 C·
1304 299 1377 325 19⁵.

77 378 179 416 sunt,
201 382 242 409 ut
267 373 417 421 quidam
446 372 584 408 milites
616 372 798 416 Romani,
819 383 927 420 terga
953 371 1182 419 fugientium

74 437 273 480 caedentes,
294 450 361 487 per
379 437 605 481 intermissa,
626 443 669 473 ut
698 443 789 474 tunc
818 443 938 479 erant,
959 436 1100 472 muenia
1122 447 1182 470 ur-

71 498 159 536 bem
179 500 366 537 intrarint.

123 563 363 601 XXXVIII,
393 564 446 600 Et
475 571 567 601 tunc
598 564 748 614 quidem
774 563 991 607 Quinctius,
1013 563 1103 599 satis
1133 576 1179 598 eo

68 633 213 664 terrore
233 630 405 664 coercitis
427 629 712 666 excursionibus
733 629 914 671 hostium,
932 627 1028 664 nihil
1043 634 1180 677 praeter

68 690 184 741 ipsius
205 692 530 743 obpugnationem
553 693 653 730 urbis
681 705 875 742 superesse
901 698 1017 735 ratus,
1039 692 1176 734 missis,

67 756 132 804 qui
151 769 281 793 omnes
301 757 452 794 navales
474 759 597 794 socios
618 772 639 794 a
660 758 804 807 Gythio
831 762 1075 798 arcesserent,
1098 756 1177 804 ipse

65 820 217 858 interim
234 835 317 859 cum
338 821 499 858 tribunis
525 822 688 859 militum
715 822 762 858 ad
787 821 981 858 visendum
1002 820 1103 856 urbis
1124 819 1174 855 si-

64 890 146 920 tum
174 887 317 922 moenia
345 888 648 924 circumvehitur.
704 887 843 923 Fuerat
873 886 1063 935 quondam
1093 884 1173 920 sine
1186 879 1304 929 Spssflae
1316 890 1391 913 mu·

62 959 171 984 muro
192 950 349 999 Sparta:
373 952 524 1000 tyranni
544 965 664 1001 nuper
683 951 775 988 locis
796 950 1013 1001 patentibus
1031 949 1173 1000 planis·
1186 930 1335 957 mnones.

62 1025 135 1062 que
153 1012 373 1063 objecerant
402 1027 570 1051 murum:
604 1015 741 1052 altiora
768 1015 866 1058 loca,
895 1022 933 1050 et
961 1013 1174 1051 difficiliora

62 1077 180 1121 aditu,
201 1079 430 1116 stationibus
451 1086 684 1116 armatorum
701 1093 771 1130 pro
787 1080 1025 1116 munimento
1042 1079 1172 1129 objec-

59 1141 108 1177 tis
141 1142 375 1181 tutabantur.
434 1143 512 1180 Ubi
538 1144 628 1180 satis
659 1145 787 1181 omnia
816 1144 995 1193 inspexit,
1028 1156 1173 1180 corona

59 1204 357 1256 obpugnandum
385 1213 503 1251 ratus,
533 1208 709 1245 omnibus
744 1209 862 1258 copiis
893 1210 1019 1256 (erant
1042 1214 1170 1244 autem

57 1268 323 1308 Romanorum
343 1273 621 1322 sociorumque,
643 1272 754 1308 simul
782 1273 952 1322 peditum
978 1273 1168 1322 equitum-

56 1348 144 1385 que,
179 1335 290 1372 simul
322 1338 556 1374 terrestrium
589 1350 632 1374 ac
661 1337 852 1374 navalium
882 1338 1090 1387 copiarum,
1120 1337 1168 1373 ad
1180 1336 1304 1368 Corona
1319 1337 1376 1369 ob-

57 1400 332 1450 quinquaginta
361 1401 478 1438 millia
506 1402 721 1447 hominum)
744 1401 876 1438 urbem
901 1402 1033 1439 cinxit.
1089 1402 1169 1439 Alii
1180 1388 1349 1421 pugnatur.

56 1465 190 1509 scalas,
212 1465 276 1502 alii
293 1468 433 1515 ignem,
456 1467 519 1504 alii
540 1467 626 1511 alia,
649 1467 783 1517 quibus
804 1480 882 1504 non
899 1467 1168 1517 obpugnarent

54 1529 183 1572 modo,
204 1530 269 1566 sed
289 1531 403 1567 etiam
423 1537 622 1574 terrerent,
641 1531 868 1580 portabant:
885 1530 982 1581 jussi
1001 1530 1168 1567 clamore

55 1593 206 1630 sublato
232 1595 358 1631 subire
380 1596 546 1645 undique
566 1608 712 1638 omnes,
734 1601 787 1638 ut,
809 1609 882 1644 qua
912 1596 1074 1645 primum
1094 1594 1165 1631 ob-

54 1665 261 1700 currerent,
282 1672 402 1707 quave
427 1672 539 1709 opem
567 1659 722 1702 ferrent,
752 1659 799 1696 ad
819 1660 947 1696 omnia
966 1658 1077 1694 simul
1096 1671 1163 1708 pa-

52 1728 182 1759 ventes
202 1722 484 1760 Lacedaemonii
512 1726 744 1773 ignorarent.
802 1725 914 1764 Quod
943 1724 1090 1760 roboris
1123 1724 1162 1759 in

53 1788 222 1823 exercitu
247 1795 342 1831 erat,
363 1789 546 1826 trifariam
568 1790 726 1825 divisum
743 1805 751 1826 :
784 1798 890 1840 parte
909 1802 984 1825 una
1004 1802 1026 1824 a
1044 1788 1161 1824 Phoe-

51 1849 138 1893 beo,
167 1850 286 1888 altera
307 1865 330 1888 a
361 1851 594 1902 DictynneO,
629 1854 742 1889 tertia
770 1853 817 1889 ab
848 1866 894 1889 eo
920 1853 1020 1895 loco,
1049 1865 1160 1901 quem

50 1913 316 1964 Heptagonias
347 1916 540 1966 adpellant
571 1918 717 1964 (omnia
756 1924 881 1954 autem
914 1918 995 1954 haec
1028 1923 1160 1966 aperta

48 1978 129 2014 sine
154 1992 263 2016 muro
288 1979 374 2017 loca
399 1982 504 2028 sunt)
533 1982 823 2032 adgredijubet.
880 1983 1008 2021 Quum
1027 1986 1157 2017 tantus

47 2042 212 2091 undique
231 2050 353 2080 terror
372 2045 503 2082 urbem
523 2047 846 2091 circumvasisset,
879 2047 1001 2095 primo
1027 2052 1156 2094 tyran-

47 2117 118 2141 nus
139 2111 176 2142 et
202 2106 246 2142 ad
274 2107 455 2144 clamores
482 2111 715 2159 repentinos,
737 2116 775 2144 et
794 2109 840 2145 ad
860 2110 1019 2145 nuncios
1041 2110 1155 2158 trepi-

48 2170 114 2206 dos
134 2177 276 2214 motus,
297 2178 339 2207 nt
358 2173 516 2221 quisque
544 2174 706 2209 maxime
733 2173 924 2209 laboraret
951 2172 1070 2215 locus,
1091 2180 1157 2208 aut

47 2233 128 2284 ipse
154 2233 395 2279 obem-ebat,
417 2242 482 2272 aut
507 2236 653 2285 aliquos
682 2237 880 2273 mittebat:
914 2236 1062 2279 deinde,
1083 2237 1155 2272 cir-

46 2297 219 2335 cumfuso
247 2298 411 2351 undique
436 2313 590 2352 pavore,
617 2302 669 2339 ita
693 2302 903 2353 obtorpuit,
932 2308 973 2337 ut
999 2313 1070 2338 uec
1099 2300 1155 2336 di<
