1507 2656
394 189 547 218 LIBER
573 186 770 216 XXVIII.
804 186 910 214 CAP.
934 186 1017 214 XX.
1180 188 1255 217 111

143 280 232 327 peti.
278 279 345 316 Ubi
363 280 507 327 quisque
524 281 671 312 mortem
679 275 874 323 ,obpeteress
897 277 933 311 id
952 275 1086 324 referre
1097 293 1109 320 ,·
1139 282 1258 315 utrum
1271 288 1313 318 U.
1325 287 1362 318 C.
1381 293 1455 319 546.

148 345 183 379 z'n
196 357 319 392 pugna
338 349 371 379 et
386 345 422 379 z'n
441 343 529 383 acie,
546 342 606 376 ubi
625 341 728 376 Mars
747 341 939 376 communis
957 345 992 375 et
1009 342 1142 377 victum
1169 355 1260 391 saepe
1270 332 1310 361 Α·
1325 331 1362 362 C·
1380 336 1458 363 9⁰⁶·

146 409 309 455 erigeret,
330 413 365 443 et
383 406 568 456 affligeret
586 406 777 446 victorem5
807 416 854 449 αῃ
880 406 1081 451 postmodo,
1103 412 1262 443 cremata

144 477 179 508 et
207 473 328 507 diruta
356 471 453 512 urhe,
487 474 569 505 ante
600 481 663 504 ora
694 473 881 515 captarum
914 465 1102 516 conjugum
1133 470 1259 506 libero-

143 547 307 583 rumque,
328 537 420 571 inter
437 535 582 570 verbera
599 539 633 569 et
651 534 809 574 vincula,
826 534 944 568 omnia
953 532 1060 581 soecla
1079 538 1186 581 atque
1204 536 1259 570 in-

144 601 255 647 digna
272 600 380 648 passi,
404 599 636 646 exspirarent.
694 596 818 644 Igitur
846 609 924 632 non
944 596 1116 633 militaris
1146 598 1258 634 modo

144 648 247 704 aetaS,
279 668 344 698 aut
374 662 443 696 viri
473 667 636 703 tantum,
671 659 735 695 sed
761 659 911 695 feminae
941 660 1121 708 puerique
1146 673 1260 710 supra

143 725 258 763 animi
276 725 521 775 corporisque
540 724 632 759 vires
655 722 814 758 adsunt:
838 723 1166 772 propugnantibus
1182 724 1260 760 tela

142 791 372 832 ministrant,
390 802 479 826 saxa
499 791 537 825 in
558 802 684 825 muros
705 788 964 825 munientibus
986 797 1135 837 gerunt.
1164 790 1257 827 Nou

141 853 296 890 libertas
327 853 449 890 solum
479 854 675 902 agebatur,
697 867 779 902 quae
809 853 974 889 virorum
994 853 1151 889 fortium
1171 861 1257 890 tan<-

142 923 220 952 tum
251 923 406 966 pectora
440 918 565 961 acuit3
598 917 664 952 sed
694 916 823 952 ultima
857 917 1026 952 omnium
1057 916 1254 966 supplicia,

141 986 179 1016 et
197 980 297 1016 foeda
311 992 412 1015 mors
433 979 482 1015 ob
503 979 633 1016 oculos
655 986 747 1015 erat.
803 979 1120 1016 Accendebantur
1139 981 1255 1016 animi

140 1050 179 1080 et
198 1044 402 1080 certamine
428 1043 567 1080 laboris
589 1057 631 1080 ac
651 1043 822 1093 periculi,
843 1051 957 1092 atque
986 1045 1069 1092 ipso
1088 1044 1187 1080 inter
1216 1057 1255 1082 se

140 1115 357 1159 conspectu.
414 1108 549 1157 Itaque
586 1115 696 1144 tanto
727 1108 860 1144 ardore
893 1114 1081 1144 certamen
1118 1109 1254 1145 initum

139 1178 208 1214 est,
238 1178 277 1207 ut
307 1172 472 1208 domitor
502 1171 563 1207 ille
593 1172 710 1208 totius
744 1171 943 1221 Hispaniae
971 1173 1173 1213 exercitus,
1205 1173 1252 1208 ab

139 1236 248 1272 unius
269 1236 397 1285 oppidi
411 1235 612 1285 juventute
634 1248 731 1285 saepe
758 1235 927 1285 repulsus
948 1249 970 1271 a
996 1237 1124 1279 muris,
1153 1236 1254 1272 haud

139 1300 229 1335 satis
253 1299 390 1335 decoro
411 1299 546 1348 proelio
566 1300 782 1348 trepidaret.
840 1299 883 1334 Id
911 1298 974 1334 ubi
995 1299 1087 1334 vidit
1109 1300 1251 1349 Scipio,

138 1363 292 1405 veritus,
312 1375 359 1398 ne
380 1363 484 1398 vanis
505 1362 704 1398 conatibus
727 1374 880 1397 suorum
901 1367 938 1397 et
957 1362 1130 1397 hostibus
1152 1375 1251 1398 cres-

138 1433 239 1462 ceret
257 1428 417 1469 animus,
439 1433 477 1462 et
495 1428 647 1474 segnior
673 1426 777 1461 miles
798 1426 916 1469 fieret,
938 1426 1088 1462 sibimet
1109 1440 1250 1463 conan-

137 1490 224 1526 dum
245 1503 288 1525 ac
308 1496 451 1540 partem
473 1489 628 1539 periculi
650 1490 916 1538 capessendam
936 1502 1016 1525 esse
1046 1497 1163 1532 ratus,
1192 1492 1250 1526 in-

137 1554 280 1603 crepita
296 1554 445 1602 ignavia
462 1553 640 1597 militum,
657 1554 745 1589 ferri
762 1553 879 1589 scalas
893 1552 1005 1603 jubet
1022 1569 1028 1588 ε
1053 1566 1092 1589 se
1112 1554 1249 1603 ipsum,

136 1619 166 1654 si
187 1619 300 1654 ceteri
321 1625 558 1661 cunctentur,
577 1631 817 1654 escensurum
833 1619 1010 1654 minatur.
1040 1618 1125 1654 Jam
1147 1619 1250 1655 subi-

136 1689 216 1718 erat
244 1682 344 1718 haud
376 1682 554 1718 mediocri
586 1682 753 1732 periculo
783 1683 937 1725 moenia,
966 1695 1079 1731 quum
1109 1683 1251 1719 clamor

137 1747 299 1795 undique
336 1746 382 1782 ab
421 1746 591 1782 sollicitis
630 1747 747 1782 vicem
787 1747 1024 1796 imperatoris
1065 1746 1246 1783 militibus

136 1809 319 1853 sublatus,
341 1810 522 1859 scalaeque
544 1811 668 1846 multis
693 1810 804 1846 simul
833 1811 1002 1860 partibus
1023 1812 1116 1858 erigi
1142 1823 1246 1860 coep-

134 1880 196 1911 tae.
251 1874 302 1910 Et
323 1888 369 1910 ex
395 1874 512 1910 altera
539 1882 645 1924 parte
676 1875 816 1911 Laelius
844 1876 970 1911 instat.
1027 1875 1124 1910 Tum
1147 1876 1246 1911 victa

133 1938 409 1988 oppidanorum
427 1939 496 1981 vis,
517 1938 746 1988 dejectisque
766 1939 1111 1989 propugnatoribus
1132 1952 1246 1975 occu-

131 2009 270 2053 pantur
288 2003 407 2038 muri:
440 2016 505 2039 arx
535 2004 647 2039 etiam
676 2004 722 2040 ab
744 2017 787 2039 ea
816 2011 936 2053 parte,
958 2017 1032 2053 qua
1060 2005 1245 2054 inexpug-

132 2066 268 2103 nabilis
290 2066 498 2109 videbatur,
520 2067 617 2102 inter
637 2068 839 2104 tumultum
860 2075 970 2118 capta
990 2075 1058 2104 est.

186 2131 281 2166 XX.
310 2131 533 2180 Transfugae
555 2131 652 2175 Afri,
679 2133 743 2181 qui
763 2138 843 2168 tum
874 2134 971 2168 inter
1002 2132 1141 2168 auxilia
1159 2131 1241 2168 Ro-

133 2206 244 2230 mana
263 2202 384 2237 erant,
405 2201 443 2230 et
462 2195 660 2245 oppidanis
680 2196 719 2231 in
740 2208 783 2231 ea
801 2196 955 2238 tuenda,
978 2196 1075 2232 unde
1094 2195 1242 2245 pericu·

131 2256 207 2293 lum
229 2258 435 2302 videbatur,
458 2260 585 2301 versis,
607 2265 643 2295 et
669 2258 855 2295 Romanis
885 2258 1146 2301 subeuntibus,
1167 2271 1242 2308 qua

131 2320 230 2357 adire
249 2328 439 2372 poterant,
461 2328 739 2373 conspexerunt
759 2323 1003 2360 editissimam
1024 2322 1125 2360 urbis
1155 2335 1241 2374 par-
