1523 2666
322 161 401 205 288
767 172 812 199 Τ.
841 172 973 202 mvn

125 265 169 295 U.
182 265 219 295 C.
235 272 307 296 552.
321 262 544 299 voluntariis
562 273 608 297 ex
627 261 810 297 Africano
830 262 997 298 exercitu
1018 263 1058 298 in
1077 262 1244 313 legiones
1265 252 1428 316 descrip-

125 308 166 339 A'
181 308 218 340 Ο·
235 315 309 339 ²⁰⁰⁸
324 328 386 371 tis,
406 326 640 375 navibusque
660 338 705 361 ex
725 325 844 362 classe
863 327 1027 362 consulis
1046 328 1214 364 Cornelii
1233 328 1355 372 lectis,
1376 329 1430 366 al-

323 398 406 428 tera
424 392 497 433 die,
519 403 631 440 quam
658 404 681 426 a
704 390 911 427 Brundisio
938 391 1066 434 solvit,
1096 393 1135 428 in
1164 392 1434 430 Macedoniam

128 455 302 485 Athenaea
324 454 487 506 trajecit.
543 455 605 490 Ibi
632 455 666 490 ei
691 460 830 503 praesto
860 453 965 491 fuere
984 456 1276 492 Atheniensium
1302 456 1434 505 legati,

130 498 302 572 aeasiggign.
325 526 493 563 orantes,
515 525 557 555 ut
576 531 615 554 se
632 518 830 554 obsidione
850 520 1043 557 eximeret.
1079 520 1222 556 Missus
1243 521 1436 570 extemplo

323 586 496 621 Athenas
518 590 575 620 est
601 584 644 620 C.
666 583 846 619 Claudius
864 584 1030 628 Centho,
1051 598 1136 621 cum
1155 586 1293 634 viginti
1311 585 1436 634 longis

323 649 499 692 navibus,
530 654 568 684 et
603 648 766 684 militum
797 649 935 699 copiis:
967 640 1089 699 neque
1121 651 1222 687 enim
1258 652 1339 700 ipse
1371 664 1438 688 rex

324 715 497 749 Athenas
533 712 755 750 obsidebat:
789 727 835 749 eo
861 715 1025 750 maxime
1057 720 1229 764 tempore
1261 714 1449 764 Abydum,

328 777 591 828 obpugnabat,
612 777 696 828 jam
723 791 810 813 cum
839 777 1001 814 Rhodiis
1032 786 1070 814 et
1088 778 1222 814 Attalo
1241 779 1437 816 navalibus

329 842 613 885 certaminibus,
630 848 767 878 neutro
782 841 943 878 feliciter
962 842 1113 892 proelio,
1134 844 1228 879 vires
1249 850 1437 894 expertus.

328 908 401 943 Sed
420 909 566 943 animos
584 907 617 942 ei
636 906 815 950 faciebat,
834 913 970 956 praeter
984 907 1165 944 ferociam
1181 909 1348 951 insitam,
1365 909 1438 945 foe-

328 975 394 1010 dus
415 975 531 1010 ictum
552 986 638 1009 cum
664 974 859 1009 Antiocho
883 974 999 1023 Syriae
1019 987 1119 1024 rege,
1140 975 1438 1026 diviszequejam

329 1054 414 1077 cum
441 1052 487 1076 eo
505 1039 667 1089 AEgypti
693 1051 808 1089 opes3
841 1040 915 1082 cui,
937 1046 1059 1076 morte
1085 1041 1213 1076 audita
1242 1040 1440 1077 Ptolemaei

135 1108 254 1139 Caussa
330 1105 442 1153 regis,
464 1103 577 1139 ambo
607 1101 857 1139 inminebant.
915 1103 1198 1140 Contraxerant
1221 1111 1348 1140 autem
1367 1105 1440 1141 sibi

135 1150 318 1181 belliAthe-
514 1168 520 1175 ·
541 1168 548 1175 ·
985 1169 991 1175 -

330 1182 415 1206 cum
451 1167 630 1217 Ph1l1pp0
666 1166 807 1203 bellum
851 1168 1103 1204 Athenienses
1148 1169 1440 1218 haudquaquam

135 1203 317 1224 nxensesxn-

135 1245 182 1268 ter
196 1243 226 1265 et
246 1236 317 1265 Phi·
330 1234 445 1282 digna
465 1245 618 1269 caussa:
651 1231 741 1267 dum
769 1244 816 1267 ex
844 1238 969 1268 vetere
998 1233 1153 1269 fortuna
1177 1233 1272 1269 nihil
1303 1240 1441 1283 praeter

135 1281 273 1320 hppum.
330 1299 476 1335 animos
497 1303 659 1333 servant.
707 1297 926 1332 Acarnanes
947 1297 1022 1332 duo
1036 1296 1196 1346 juvenes
1216 1310 1282 1347 per
1302 1297 1439 1334 Initio-

328 1376 411 1399 rum
432 1363 523 1405 dies,
544 1374 622 1397 non
642 1361 797 1403 initiati,
814 1362 996 1411 templum
1014 1363 1176 1406 Cereris,
1197 1363 1440 1413 inprudentes

328 1427 539 1476 religionis,
558 1439 643 1462 cum
673 1430 800 1462 cetera
828 1426 940 1463 turba
969 1427 1129 1475 ingressi
1158 1433 1257 1463 sunt.
1314 1427 1441 1463 Facile

331 1505 395 1529 eos
416 1504 539 1527 sermo
559 1490 739 1540 prodidit,
761 1490 923 1527 absurde
942 1492 1112 1540 quaedam
1129 1497 1439 1541 percunctantes:

333 1556 559 1604 deductique
581 1555 627 1591 ad
654 1556 843 1591 antistites
870 1556 1016 1605 templi,
1037 1569 1152 1604 quum
1177 1555 1301 1605 palam
1329 1561 1441 1598 esset,

333 1632 399 1670 per
428 1632 594 1656 errorem
624 1619 829 1667 ingressos,
857 1626 1049 1668 tamquam
1077 1619 1126 1654 ob
1147 1620 1342 1655 infandum
1363 1632 1443 1655 sce-

332 1684 404 1727 lus,
449 1683 640 1719 interfecti
677 1690 777 1720 sunt.
851 1683 896 1719 Id
934 1691 1012 1719 tam
1049 1683 1150 1720 foede
1199 1690 1312 1732 atque
1352 1685 1442 1719 hos-

331 1750 450 1785 tiliter
481 1750 624 1785 factum
659 1761 750 1796 gens
777 1748 1022 1784 Acarnanum
1055 1748 1101 1783 ad
1136 1747 1353 1797 Philippum
1379 1748 1443 1784 de-

332 1814 443 1850 tulit:
490 1814 769 1862 inpetravitque
796 1812 843 1848 ab
875 1825 934 1853 eo,
965 1818 1019 1854 ut,
1054 1812 1150 1847 datis
1187 1811 1444 1848 Macedonum

335 1878 499 1920 auxiliis,
520 1877 660 1913 bellurn
691 1890 730 1912 se
756 1877 894 1912 inferre
922 1876 1220 1912 Atheniensibus
1241 1882 1445 1924 pateretur.

334 1943 412 1979 Hic
432 1943 632 1983 exercitus,
663 1935 786 1990 primo
806 1948 946 1976 terram
965 1941 1135 1976 Atticam
1161 1940 1262 1975 ferro
1291 1940 1447 1988 ignique

334 2007 597 2057 depopulatus,
619 2018 702 2041 cum
731 2006 853 2041 omnis
885 2006 1031 2054 generis
1058 2005 1184 2055 praeda
1211 2005 1248 2039 in
1275 2005 1446 2040 Acarna-

335 2073 437 2108 niam
464 2071 597 2107 rediit:
632 2076 669 2106 et
698 2071 861 2106 irritatio
891 2072 1102 2106 animorum
1134 2082 1177 2104 ea
1206 2070 1326 2118 prima
1351 2069 1443 2105 fuit:

335 2142 467 2186 postea
492 2134 642 2185 justum
669 2133 811 2169 bellum
841 2134 1000 2170 decretis
1031 2133 1194 2169 civitatis
1227 2131 1325 2167 ultro
1348 2132 1446 2168 indi-

138 2207 265 2237 Attalus
337 2202 457 2238 cendo
476 2201 631 2237 factum.
688 2200 841 2236 Attalus
862 2201 962 2236 enim
982 2213 1047 2236 rex
1067 2198 1299 2246 Rhodiique,
1321 2211 1446 2247 perse-

139 2251 285 2280 Athenis.
337 2266 414 2301 cuti
453 2265 647 2301 cedentem
684 2264 724 2298 in
756 2264 1027 2300 Macedoniam
1063 2262 1296 2311 Philippum,
1331 2274 1446 2310 quum

336 2328 521 2379 AEginam
550 2329 762 2375 venissent5
795 2341 862 2367 rex
895 2328 1094 2369 Piraeeum,
1129 2325 1353 2362 renovandae
1383 2324 1444 2361 fir-
