1523 2666
299 217 385 272 596
765 230 809 258 T.
835 229 966 260 mvn

103 324 147 355 U.
161 325 198 355 C.
215 331 287 357 561.
301 318 423 354 hostis
445 318 662 359 adventum,
688 324 754 354 aut
773 318 1009 355 infestiorem
1031 319 1158 363 etiam,
1182 333 1255 367 quo
1278 320 1426 370 justius

101 368 142 399 A·
158 368 195 399 C·
216 377 388 419 19'¹·ix·ati
409 389 530 425 erant,
552 382 815 418 Romanorum
836 383 1120 432 exspectabant.
1181 385 1309 420 'l'ur'na
1334 391 1416 421 erat

299 447 353 483 ibi
379 447 576 484 incondita
604 448 796 495 regiorum
814 461 821 482 ι
854 448 932 496 qui,
955 449 1079 498 primo
1099 462 1209 498 pauci
1230 450 1269 485 in
1289 449 1417 499 praesi-

298 511 362 546 dio
381 511 517 553 relicti,
538 518 672 560 postea
700 510 838 560 plures,
860 510 1029 559 plerique
1052 513 1229 555 inermes,
1251 525 1295 548 ex
1316 525 1418 562 proe-

296 574 351 611 lio
371 576 527 611 adverso
556 575 646 623 fuga
673 575 801 617 delati,
826 588 893 610 nea*
916 577 1064 618 virium,
1086 589 1156 612 nec
1182 578 1297 613 animi
1327 578 1417 613 satis

298 639 345 675 ad
374 639 614 675 obsidionem
643 636 880 674 tolerandam
910 638 1130 675 habebant:
1163 640 1292 688 itaque
1320 653 1418 690 prae-

297 705 421 741 missis
441 718 463 740 a
483 704 676 754 Philippo,
695 704 757 752 qui
776 715 881 753 spem
899 703 1137 754 inpetrabilis
1154 706 1273 740 veniae
1289 712 1417 741 osten-

297 769 453 812 debant,
474 769 765 819 responderunt,
787 776 916 818 patere
946 775 1075 819 portas
1102 770 1196 818 regi.
1253 769 1315 805 Ad
1340 770 1417 819 pri-

295 846 400 869 mum
420 832 500 884 ejus
519 834 731 881 ingressum
760 833 975 883 principum
1004 834 1154 883 quidam
1177 834 1268 870 urbe
1288 846 1418 870 exces-

296 904 450 934 serunt:
482 897 723 947 Eurylochus
744 904 908 934 mortem
927 898 999 934 sibi
1022 899 1220 935 conscivit.
1277 899 1419 934 Antio-

297 961 359 998 chi
383 962 521 998 milites
545 963 615 1009 (sic
642 963 743 998 enim
772 964 876 1012 pacti
906 963 1031 1008 erant)
1055 976 1122 1013 per
1150 963 1420 999 Macedoniam

295 1025 590 1076 Thraciamque,
611 1027 930 1076 prosequentibus
951 1027 1246 1070 Macedonibus,
1266 1039 1315 1062 ne
1335 1027 1418 1076 quis

295 1103 359 1127 eos
380 1091 554 1136 violaret,
576 1092 862 1142 Lysimachiam
889 1092 1041 1128 deducti
1073 1098 1173 1128 sunt.
1230 1091 1355 1128 Erant
1382 1098 1420 1128 et

293 1166 425 1204 paucae
459 1167 573 1188 naves
599 1154 860 1196 Demetriade,
883 1156 1018 1202 quibus
1040 1160 1201 1204 praeerat
1222 1155 1414 1192 Isidorus:

295 1232 349 1255 eae
368 1231 519 1268 quoque
546 1231 632 1254 cum
661 1218 844 1268 praefecto
874 1230 943 1254 suo
971 1218 1132 1254 dimissae
1163 1225 1263 1255 sunt.
1321 1219 1417 1256 Inde

294 1281 526 1334 Dolopiam,
544 1289 583 1318 et
610 1282 876 1333 Aperantiam,
907 1288 945 1318 et
974 1282 1203 1319 Perrhaebiae
1235 1284 1419 1334 quasdam

296 1348 467 1384 civitates
488 1349 647 1399 recepit.

76 1418 267 1503 ἓξὲιὲἓὲἒ-
348 1413 545 1450 XXXIV.
592 1412 696 1449 Dum
735 1413 816 1449 haec
854 1426 876 1450 a
915 1412 1094 1464 Philippo
1132 1419 1329 1463 geruntur,
1367 1413 1414 1452 Τ.

75 1511 160 1536 tum.
293 1477 512 1520 Quinctius,
537 1484 690 1527 recepta
719 1477 922 1527 Zacyntho
952 1477 999 1514 ab
1030 1478 1202 1514 Achaico
1233 1477 1414 1521 concilio,

292 1541 538 1592 Naupactum
559 1541 734 1592 trajecit3
760 1555 842 1591 quae
857 1541 941 1592 jam
961 1554 1028 1592 per
1048 1541 1141 1578 duos
1162 1554 1309 1578 menses
1333 1542 1417 1590 (sed

291 1618 412 1657 prope
438 1606 627 1642 excidium
654 1606 752 1652 erat)
783 1605 1092 1656 obpugnabatur,
1123 1612 1174 1649 et,
1197 1606 1227 1641 si
1248 1612 1359 1656 capta
1378 1605 1416 1642 vi

291 1670 406 1713 foret,
429 1683 542 1706 omne
562 1670 615 1706 ibi
634 1683 776 1706 nomen
795 1670 1018 1706 AEtolorum
1038 1670 1085 1706 ad
1112 1670 1415 1706 internecionem

291 1733 493 1771 videbatur
522 1741 735 1771 venturum.
794 1735 988 1777 Ceterum,
1017 1747 1250 1783 quamquam
1279 1734 1417 1770 merito

292 1797 412 1834 iratus
447 1805 528 1834 erat
562 1797 720 1842 AEtolis,
752 1798 854 1847 quod
883 1797 984 1833 solos
1016 1797 1254 1834 obtractasse
1283 1797 1415 1846 gloriae

294 1874 385 1904 suae,
407 1875 522 1911 quum
551 1862 730 1898 liberaret
760 1862 962 1905 Graeciam,
993 1862 1233 1904 meminerat,
1256 1867 1293 1897 et
1323 1861 1417 1897 nihil

295 1926 523 1961 auctoritate
544 1938 612 1961 sua
631 1932 757 1961 motos
778 1938 873 1968 esse,
895 1938 1025 1974 quum,
1044 1939 1126 1974 quae
1147 1931 1227 1960 tum
1249 1925 1413 1960 maxime

296 1989 527 2032 acciderant,
545 2002 677 2026 casura
697 2002 951 2040 praemonens,
969 2003 990 2025 a
1009 1989 1156 2025 furioso
1174 1989 1328 2039 incepto
1349 2001 1414 2026 eos

296 2053 527 2100 deterreret3
554 2060 704 2097 tamen,
727 2055 782 2090 sni
813 2046 977 2090 maxime
997 2055 1121 2104 operis
1143 2066 1223 2090 esse
1244 2054 1414 2097 credens,

295 2117 441 2155 nullam
460 2125 613 2166 gentem
633 2119 802 2155 liberatae
820 2133 841 2155 a
857 2132 896 2155 se
914 2119 1070 2155 Graeciae
1091 2119 1260 2154 funditus
1282 2119 1415 2162 everti,

297 2181 545 2218 obambulare
575 2183 706 2226 muris,
729 2191 769 2219 ut
793 2183 904 2220 facile
932 2190 1155 2219 nosceretur
1183 2182 1229 2218 ab
1254 2181 1412 2227 AEtolis,

296 2246 426 2294 coepit.
464 2246 679 2282 Confestim
701 2260 722 2283 a
743 2248 872 2297 primis
893 2246 1124 2283 stationibus
1146 2247 1321 2295 cognitus
1339 2252 1411 2290 est,

294 2309 566 2360 vulgatumque
595 2324 662 2362 per
690 2325 820 2348 omnes
852 2312 1018 2354 ordines,
1049 2311 1272 2351 Quinctium
1306 2323 1407 2347 esse:

295 2374 438 2424 itaque,
457 2387 643 2413 concursu
663 2375 768 2414 facto
789 2376 954 2427 undique
971 2377 1010 2413 in
1030 2388 1172 2420 murOS,
1192 2387 1324 2412 manus
1342 2387 1413 2427 pro
