1523 2666
89 286 130 319 U.
143 286 179 316 C.
195 295 255 319 552

88 332 126 360 Α.
142 331 177 361 C.
193 338 256 362 ‘200

83 2025 237 2059 Proelium

81 2078 158 2102 cun]
177 2071 253 2102 Gal-

85 2114 120 2144 lis
135 2116 173 2145 ad
191 2117 264 2145 Cre·

82 2168 228 2191 monam.

286 185 369 231 294
738 187 784 216 T.
810 186 943 216 mvn

261 310 268 317 ·
279 293 386 338 pisse,
408 294 460 333 ut,
482 290 542 338 qui
562 301 675 338 neque
702 290 873 333 dictator,
893 300 1005 338 neque
1024 288 1158 332 consul,
1179 299 1291 337 neque
1303 301 1400 338 prae-

262 355 339 390 'tor
367 367 422 390 res
445 356 617 402 gessisset,
640 354 892 402 triumpharet.
934 353 1009 389 Pro
1029 353 1170 389 consule
1189 353 1294 389 illum
1313 354 1401 391 His-

279 420 429 466 paniam
444 420 684 466 provinciam,
705 431 774 454 non
796 419 988 461 consulem,
1006 422 1070 454 αιιέ
1085 411 1290 466 praetorem,
1308 417 1401 453 obti-

279 484 404 519 nuisse.
461 481 745 518 Decurrebatur
776 488 906 518 tamen
936 494 996 524 eo,
1031 488 1074 517 ut
1114 492 1231 517 ovans
1266 479 1400 517 urbem

279 547 406 589 iniret,
440 546 701 582 intercedente
734 545 794 581 Ti.
813 545 1040 595 Sempronio
1073 544 1214 594 Longo
1244 543 1400 581 tribuno

280 609 420 659 plebis3
454 610 518 657 qui
538 610 659 645 nihilo
681 612 801 659 magis
823 610 860 646 id
879 623 984 646 more
1007 609 1210 660 majorum,
1232 616 1298 647 aut
1317 609 1397 646 ullo

280 672 455 722 exemplo
490 674 660 708 futurum
697 673 850 710 diceret.
908 674 1111 709 Postremo
1147 674 1270 709 victus
1304 686 1397 711 con-

278 750 392 773 sensu
408 737 564 773 Pan-um
582 737 756 773 tribunus
775 738 888 774 cessit
904 754 911 773 :
945 744 982 773 et
998 751 1044 774 ex
1063 737 1398 774 senatusconsulto

278 801 324 837 L.
344 800 531 837 Lentulus
567 814 683 837 ovans
718 801 850 838 urbern
886 808 944 837 est
973 801 1179 849 ingressus,
1234 801 1400 849 Argenti

278 864 366 901 tulit
393 878 437 901 ex
472 866 600 915 praeda
628 866 881 914 quadraginta
907 871 1072 914 quatuor
1098 864 1217 900 millia
1243 865 1394 915 pondo;

279 930 360 966 auri
390 930 464 966 duo
493 929 612 965 millia
633 929 912 979 quadringenta
935 929 1234 979 quinquaginta:
1265 927 1398 965 militi-

277 994 346 1031 bus
367 1008 413 1030 ex
432 995 557 1045 pracda
578 1002 731 1031 centum
751 995 888 1043 viginti
908 1006 1010 1030 asses
1033 994 1173 1030 divisit.

330 1059 447 1095 XXI.
477 1059 564 1095 Jam
585 1061 771 1095 exercitus
789 1059 998 1095 consularis
1017 1058 1064 1095 ab
1080 1058 1234 1094 Arretio
1251 1057 1396 1095 Arimi-

277 1138 367 1161 num
387 1125 580 1161 traductus
602 1132 694 1168 erat,
712 1132 749 1161 et
770 1126 936 1174 quinque
956 1125 1076 1160 millia
1096 1124 1245 1160 socifim
1261 1123 1395 1161 Latini

278 1191 440 1226 nominis
463 1203 508 1226 ex
529 1189 655 1225 Gallia
682 1191 720 1225 in
751 1190 949 1226 Etruriam
977 1190 1234 1226 transierant:
1266 1189 1397 1238 itaque

275 1257 321 1293 L,
341 1256 491 1298 Furius,
523 1257 670 1304 magnis
702 1256 902 1292 itineribus
932 1256 979 1292 ab
1010 1256 1188 1292 Arimino
1217 1254 1394 1292 adversus

276 1321 423 1364 Gallos,
443 1321 775 1356 Cremonam‘tum
793 1320 1027 1363 obsidentes,
1045 1321 1254 1370 profectus,
1272 1324 1397 1355 castra

273 1386 378 1422 mille
415 1387 713 1435 quingentorum
751 1398 932 1435 passuum
967 1385 1169 1421 intervallo
1203 1383 1251 1421 ab
1284 1385 1396 1420 hoste

275 1452 415 1503 posuit.
473 1450 637 1486 Occasio
658 1451 810 1499 egregie
835 1451 890 1486 rei
918 1450 1092 1500 gerendae
1115 1450 1202 1493 fuit,
1224 1449 1255 1485 si
1274 1448 1397 1499 proti-

276 1528 345 1552 nus
367 1516 411 1551 de
431 1515 492 1551 via
521 1515 568 1550 ad
599 1524 723 1551 castra
750 1514 1009 1564 obpugnanda
1033 1514 1215 1550 duxisset.
1270 1512 1397 1549 Palati

275 1581 415 1630 passim
433 1579 668 1628 vagabantur
681 1592 746 1628 per
763 1592 889 1627 agros,
905 1578 1011 1614 nullo
1028 1579 1118 1614 satis
1135 1577 1244 1614 firmo
1259 1576 1396 1613 relicto

275 1645 476 1694 przesidio3
509 1644 723 1680 lassitudini
755 1644 919 1679 militum
948 1643 1091 1686 timuit,
1123 1642 1224 1691 quod
1256 1641 1396 1692 raptim

276 1709 429 1745 ductum
465 1722 600 1758 agmen
638 1715 730 1745 erat.
806 1708 922 1751 Gaui,
962 1707 1127 1743 elamore
1161 1719 1315 1743 suorum
1349 1719 1397 1742 ex

277 1774 376 1822 agris
406 1774 587 1816 revocati,
610 1773 750 1809 omissa
775 1772 902 1822 praeda
922 1785 1005 1820 quae
1033 1772 1071 1807 in
1103 1770 1278 1807 manibus
1299 1776 1397 1814 erat,

276 1846 400 1874 castra
420 1838 644 1887 repetivere,
666 1844 704 1873 et
730 1843 886 1887 postero
906 1837 966 1872 die
986 1837 1025 1872 in
1043 1837 1163 1872 aciem
1182 1835 1393 1885 progressi:

275 1915 345 1938 nec
365 1901 562 1937 Romanus
594 1913 741 1936 moram
766 1900 962 1950 pugnandi
984 1899 1098 1943 fecit;
1130 1899 1196 1935 sed
1219 1899 1283 1934 vix
1309 1911 1395 1949 spa-

275 1966 370 2001 tium
401 1964 612 2000 instruendi
643 1963 739 2000 fuit:
778 1976 823 1999 eo
851 1976 961 1999 enisu
991 1963 1121 1999 hostes
1148 1963 1186 1997 in
1214 1961 1393 2012 proelium

275 2035 472 2066 venerunt.
537 2028 687 2064 Dextra
721 2028 781 2064 ala
817 2029 873 2075 (in
904 2027 981 2063 alas
1017 2028 1179 2063 divisum
1211 2025 1392 2063 socialem

277 2094 482 2131 exercitum
514 2091 698 2139 habebat)
732 2093 768 2127 in
805 2092 928 2141 prima
957 2092 1038 2127 acie
1070 2090 1198 2126 locata
1235 2096 1315 2125 est:
1352 2090 1393 2126 in

276 2157 451 2194 subsidiis
473 2156 554 2192 duae
570 2155 756 2192 Romame
777 2154 959 2204 legiones.
1015 2153 1072 2191 M.
1093 2153 1228 2190 Furius
1249 2153 1391 2189 dextrae

275 2223 357 2265 alae,
384 2221 599 2270 legionibus
626 2220 684 2258 M.
707 2219 898 2264 Caecilius,
926 2219 1115 2269 equitibus
1149 2217 1196 2255 L.
1216 2217 1390 2254 Valerius

273 2287 430 2323 Flaccus
454 2286 586 2335 (legati
608 2297 741 2322 omnes
762 2285 888 2333 erant)
907 2284 1115 2336 praepositi.
1170 2283 1318 2320 Praetor
1333 2293 1393 2318 se-

272 2364 356 2388 cum
377 2351 470 2387 duos
492 2350 653 2400 legatos,
674 2350 745 2390 Cn.
758 2346 971 2388 Laetorium
990 2356 1028 2386 et
1045 2348 1090 2386 P.
1099 2347 1302 2391 Titinium,
1321 2347 1390 2383 ha-
