1538 2661
408 185 562 214 LIBER
585 184 752 212 xxvll.
785 182 891 210 CAP.
914 182 972 209 11.
1217 178 1244 221 5

127 280 261 329 ingens
299 290 345 313 ex
383 276 589 326 praeterito,
615 280 697 309 tum
735 273 850 308 timor
878 271 917 306 in
946 269 1116 306 futurum
1152 274 1244 304 erat.
1258 276 1301 307 U.
1317 275 1354 306 C.
1368 282 1441 308 542.

129 341 288 384 Consul,
310 353 356 377 ex
375 340 530 376 Samnio
550 339 589 374 in
609 337 787 374 Lucanos
807 342 1079 383 transgressus,
1097 333 1143 369 ad
1160 332 1246 368 Nu·
1259 321 1298 351 Α·
1315 319 1352 349 C·
1367 325 1440 350 2¹⁰·

129 407 350 444 mistronem
395 404 433 439 in
470 408 678 452 conspectu
721 398 950 437 Hannibalis
994 397 1081 434 loco
1117 397 1247 447 plano,

130 483 246 520 quum
265 469 406 506 Poenus
425 467 560 504 collem
580 471 740 507 teneret,
758 464 887 515 posuit
902 471 1036 499 castra.
1094 462 1251 498 Addidit

130 542 168 572 et
184 535 296 572 aliam
312 534 461 571 fidentis
479 532 657 582 speciem,
673 531 774 580 quod
788 530 892 580 prior
907 529 947 565 in
963 529 1081 564 aciem
1098 527 1247 564 eduxit:

129 613 200 637 nec
221 599 444 636 detractavit
470 596 683 639 Hannibal,
705 603 747 631 ut
773 595 882 644 signa
907 594 1027 644 portis
1055 592 1176 629 efferri
1197 591 1251 627 vi-

130 664 197 700 dit.
255 662 316 698 Ita
337 669 465 698 tamen
493 662 612 697 aciem
642 661 917 701 instruxerunt,
938 664 980 693 ut
999 657 1141 693 Poenus
1162 656 1252 692 dex-
1265 650 1412 683 Marcelli

132 735 232 765 trum
253 740 371 764 cornu
391 727 431 763 in
451 725 587 763 collem
607 725 783 773 erigeret,
803 723 971 759 Romani
992 723 1187 758 sinistrum
1204 720 1252 757 ad
1264 697 1433 770 {1³3⁵in-

131 792 313 843 oppidum
334 791 578 842 adplicarent.
635 789 697 825 Ab
718 789 812 825 hora
831 789 944 824 tertia
960 799 1075 836 quum
1094 786 1141 822 ad
1160 798 1253 822 noc·
1266 783 1332 814 lem
1347 790 1467 823 Pnssssffi

131 863 208 892 tem
223 868 391 906 pugnam
407 854 678 896 extendissent,
694 853 878 901 fessaeque
897 850 1104 901 pugnando
1123 850 1254 900 primae

131 920 230 956 acies
252 925 391 961 essent,
413 918 460 954 ab
480 917 667 954 Romanis
688 918 810 967 prima
825 915 926 964 legio
946 922 984 951 et
1004 915 1158 950 dextera
1178 913 1252 957 ala,

131 984 180 1021 ab
204 982 424 1020 Hannibale
454 982 620 1033 Hispani
649 981 787 1019 milites
818 988 856 1017 et
874 972 1046 1016 funditor
1074 978 1252 1022 Baliaris,

133 1048 326 1098 elephanti
345 1060 511 1098 quoque,
532 1047 736 1084 commisso
750 1045 834 1096 jam
854 1046 1073 1087 certamine,
1095 1045 1133 1079 in
1154 1056 1256 1092 proe-

134 1111 227 1150 lium
244 1113 332 1149 acti.
379 1111 458 1148 Diu
474 1123 604 1161 pugna
619 1118 757 1147 neutro
773 1109 957 1146 inclinata
971 1110 1090 1145 stetit.
1119 1107 1259 1145 Primae

134 1176 277 1225 legioni
302 1177 430 1219 tertia,
462 1177 626 1213 dexterae
653 1175 720 1212 alae
751 1176 904 1211 sinistra
931 1175 1061 1216 subiit,
1090 1180 1127 1209 et
1158 1172 1255 1222 apud

130 1241 259 1277 hostes
290 1241 428 1289 integri
456 1253 478 1276 a
508 1240 616 1276 fessis
649 1252 815 1289 pugnam
850 1250 1040 1287 accepere.
1098 1236 1254 1272 Novum

131 1311 245 1353 atque
265 1311 377 1340 atrox
404 1303 581 1354 proelium
610 1316 657 1339 ex
676 1309 754 1339 tam
776 1303 882 1351 segni
912 1308 1068 1351 repente
1098 1301 1252 1343 exarsit,

132 1368 347 1405 recentibus
378 1369 512 1405 animis
543 1368 863 1418 corporibusque:
897 1367 962 1402 sed
998 1379 1077 1402 nox
1110 1366 1256 1401 incerta

131 1434 291 1469 victoria
310 1433 461 1469 diremit
480 1439 705 1482 pugnantes
761 1432 923 1468 Postero
940 1432 999 1467 die
1020 1430 1187 1466 Romani
1207 1428 1255 1466 ab

133 1497 213 1534 sole
242 1504 329 1535 orto
348 1499 387 1535 in
417 1498 578 1535 multum
598 1497 669 1534 diei
691 1503 830 1533 stetere
859 1497 898 1531 in
918 1496 1020 1532 acie:
1055 1494 1119 1530 ubi
1142 1506 1255 1530 nemo

134 1563 304 1600 hostium
325 1563 501 1599 adversus
522 1562 676 1613 prodiit,
694 1561 816 1611 spolia
835 1574 902 1611 per
921 1561 1043 1597 otium
1061 1559 1200 1608 legere,
1219 1565 1254 1594 et

134 1633 338 1675 congestos
365 1627 405 1662 in
435 1639 551 1662 unum
570 1626 697 1662 locum
727 1637 940 1661 cremavere
970 1636 1070 1659 suos,
1126 1623 1256 1658 Nocte

136 1691 351 1739 insequenti
369 1690 567 1727 Hannibal
582 1690 734 1726 silentio
751 1690 869 1725 movit
886 1696 1023 1731 castra,
1041 1694 1079 1723 et
1094 1689 1133 1723 in
1150 1688 1257 1738 Apu-

133 1754 223 1791 liam
251 1755 367 1790 abiit:
399 1754 619 1796 Marcellus,
642 1753 706 1789 ubi
732 1753 797 1789 lux
815 1753 947 1802 fugam
972 1752 1141 1788 hostium
1167 1764 1256 1801 ape·

135 1820 224 1862 ruit,
246 1820 381 1855 sauciis
413 1832 498 1855 cum
528 1819 704 1868 praesidio
735 1818 886 1854 modico
916 1817 1167 1853 Numistrone
1198 1830 1256 1853 re-

132 1882 247 1926 lictis,
268 1884 548 1933 praepositoque
567 1883 625 1918 his
645 1881 822 1930 L.Furio
839 1882 1086 1931 Purpureone
1101 1881 1257 1916 tribuno

135 1946 311 1988 militum,
327 1947 494 1994 vestigiis
514 1946 656 1982 institit
675 1946 793 1994 sequi.
840 1945 901 1981 Ad
918 1945 1123 1980 Venusiam
1145 1945 1257 1995 adep-

135 2015 194 2045 tus
216 2022 301 2045 eum
321 2016 389 2046 est.
447 2009 507 2045 Ibi
527 2023 593 2060 per
614 2010 691 2045 dies
712 2009 857 2058 aliquot
877 2021 993 2058 quum
1013 2007 1059 2043 ab
1081 2009 1258 2044 stationi-

134 2072 204 2109 bus
238 2081 537 2123 procursarctur,
569 2074 689 2110 mixta
721 2074 890 2122 equitum
921 2073 1165 2122 peditumque
1197 2079 1258 2108 tu-

136 2136 328 2174 multuosa
343 2139 463 2187 magis
482 2138 629 2187 proelia,
649 2150 760 2186 quam
777 2150 927 2186 magna,
945 2144 982 2172 et
998 2136 1116 2172 ferme
1132 2137 1259 2173 omnia

135 2200 322 2238 Romanis
343 2203 508 2239 secunda
528 2202 696 2239 fuerunt.
754 2201 849 2237 Inde
873 2215 938 2252 per
957 2201 1137 2251 Apuliam
1158 2200 1258 2237 ducti

140 2266 326 2301 exercitus
366 2267 446 2302 sine
481 2267 559 2303 ullo
596 2268 844 2304 memorando
882 2268 1112 2313 certamine3
1145 2280 1262 2316 quum

142 2326 339 2366 Hannibal
361 2336 475 2367 nocte
505 2331 616 2381 signa
633 2338 818 2375 moveret,
838 2330 965 2368 locum
993 2331 1138 2367 insidiis
1159 2343 1261 2381 quae·

666 2394 742 2432 133
