1523 2666
297 199 377 238 204
755 200 800 228 T.
826 200 957 229 mvn

104 297 190 326 [ΜΟ.
207 306 279 329 548.
352 289 545 326 XXXIV.
576 289 930 339 KarthaginienscS,
948 290 1008 327 ala
1024 290 1190 339 equitum
1208 303 1293 327 cum
1316 305 1409 342 prae-

105 342 141 369 Λ.
154 341 189 370 C.
202 348 274 372 204.

122 393 128 396 ,
242 395 255 406 Β,
298 353 399 389 fecto
438 355 586 396 amissa,
626 354 701 389 alio
739 355 908 403 equitatu
950 367 1016 404 per
1053 367 1193 390 novum
1230 355 1415 392 delectum

105 393 271 465 ἐῖἒῑῃῖἕὲμ
300 425 533 467 comparato,
553 418 783 453 Hannonem
804 417 1032 453 Hamilcaris
1056 417 1170 452 filium
1193 418 1416 467 praeficiunt.

105 488 226 525 novum
301 482 575 519 Hasdrubalem
599 483 756 518 subinde
786 496 828 519 ac
851 484 1059 532 Syphacem
1080 496 1146 532 per
1165 483 1292 519 literas
1319 497 1417 520 nun-

103 528 466 595 {fffi¹[s‡,ss¹1¹f¹ciosq11e,
504 553 697 597 postremo
735 548 848 583 etiam
891 560 956 596 per
999 547 1158 596 legatOS,
1198 556 1416 584 arcessunt:

106 615 226 644 P'dfflsst·
300 609 579 646 Hasdrubalem
599 623 709 659 opem
740 609 838 645 ferre
866 623 983 660 prope
1005 611 1257 647 circumsessae
1287 612 1418 661 patriae

293 673 455 724 jubent:
490 675 701 724 Syphacem
722 681 846 717 orant,
869 681 910 709 ut
930 674 1177 723 Karthagini,
1198 682 1240 711 ut
1266 675 1416 711 univer-

300 751 349 773 sae
370 737 509 774 Africae
529 738 743 775 subveniat.
778 739 839 774 Ad
857 739 1010 775 Uticam
1031 745 1111 775 tum
1131 745 1254 775 castra
1276 740 1418 789 Scipio,

300 802 418 838 ferme
452 802 553 839 mille
587 816 717 853 passus
750 803 796 839 ab
829 803 935 846 urbe,
968 802 1149 845 habebat,
1184 802 1368 839 translata
1400 815 1422 839 a

300 868 409 910 mari,
440 867 505 903 ubi
535 880 674 917 paucos
706 868 780 903 dies
812 868 949 904 stativa
974 867 1181 918 conjuncta
1201 867 1310 903 classi
1338 867 1421 903 fue-

302 938 400 966 raut.
456 930 615 973 Hanno,
646 943 884 980 nequaquam
915 932 1005 967 satis
1035 930 1172 974 valido,
1200 943 1278 967 non
1305 931 1419 967 modo

303 994 349 1029 ad
369 994 628 1030 lacessendum
647 995 813 1038 hostem,
830 995 894 1031 sed
914 1008 961 1030 ne
981 995 1027 1031 ad
1048 994 1206 1030 tuendos
1228 994 1377 1043 quidem
1399 1007 1421 1030 a

303 1058 613 1108 populationibus
644 1071 770 1107 agros,
793 1060 963 1108 equitatu
992 1066 1164 1110 accepto,
1196 1059 1233 1096 id
1252 1059 1422 1096 omnium

303 1124 464 1172 primum
485 1124 577 1172 egit,
599 1129 640 1159 ut
659 1136 725 1173 per
752 1125 1071 1173 conquisitionem
1100 1137 1298 1160 numerum
1318 1124 1422 1172 equi-

303 1195 383 1222 tum
422 1194 598 1235 augeret:
648 1200 718 1223 nec
755 1188 912 1225 aliarum
956 1190 1128 1237 gentium
1161 1189 1422 1238 adspernatus,

303 1250 467 1287 maxime
486 1257 614 1287 tamen
634 1251 821 1288 Numidas
846 1252 901 1299 (id
921 1252 1035 1301 longe
1062 1253 1225 1302 primum
1251 1252 1421 1300 equitum

304 1316 340 1350 iu
376 1314 507 1351 Africa
537 1321 594 1351 est
628 1317 766 1364 genus)
808 1316 998 1353 conducit.
1056 1316 1143 1352 Jam
1177 1315 1224 1352 ad
1260 1322 1422 1365 quatuor

302 1377 421 1414 millia
441 1378 611 1427 equitum
636 1378 816 1422 habebat,
839 1392 954 1428 quum
985 1379 1152 1416 Saleram
1177 1379 1331 1415 nomine
1362 1392 1422 1415 ur-

303 1440 390 1478 bem
410 1442 610 1491 occupavit
625 1458 635 1487 3
669 1442 884 1491 quindecim
902 1443 1019 1479 ferme
1035 1442 1154 1479 millia
1173 1442 1219 1479 ab
1236 1442 1421 1479 Romanis

304 1505 447 1542 castris.
505 1505 619 1544 Quod
639 1505 704 1542 ubi
727 1506 896 1557 Scipioni
925 1506 1085 1542 relatum
1105 1513 1175 1549 est,
1195 1507 1342 1542 AEstiva
1360 1506 1424 1542 sub

305 1570 404 1604 tectis
423 1571 628 1617 equitatus!
660 1570 819 1618 (inquit)
846 1572 917 1606 sint
945 1571 1001 1606 vel
1028 1571 1170 1618 plures5
1200 1571 1284 1606 dum
1314 1570 1424 1606 talem

303 1634 425 1669 ducem
457 1633 635 1670 habeant:
660 1647 780 1682 eoque
810 1635 932 1670 minus
963 1634 1034 1670 sibi
1054 1633 1276 1670 cessandum
1303 1640 1422 1678 ratus,

303 1709 379 1746 quo
399 1697 453 1732 illi
473 1699 623 1746 segnius
651 1711 730 1734 rem
759 1705 928 1747 agerent,
949 1698 1193 1734 Masinissam
1213 1711 1298 1734 cum
1318 1699 1423 1747 equi-

305 1768 385 1797 tatu
405 1763 637 1811 praemissum
659 1764 778 1813 portis
800 1763 1035 1811 obequitare,
1057 1769 1169 1812 atque
1197 1763 1347 1798 hostem
1376 1762 1423 1799 ad

306 1838 472 1876 pugnam
493 1827 642 1870 elicere,
657 1827 794 1877 jubet:
829 1828 891 1864 ubi
913 1829 1034 1864 onmis
1055 1828 1258 1863 multitudo
1276 1840 1313 1863 se
1330 1827 1422 1863 effu-

306 1889 434 1932 disset,
462 1891 688 1939 graviorque
710 1890 794 1941 jam
824 1892 862 1927 in
883 1892 1088 1927 certamine
1108 1898 1218 1934 esset,
1240 1904 1352 1940 quam
1383 1897 1423 1927 ut

305 1953 416 1989 facile
437 1954 612 1989 sustineri
634 1961 777 2004 posset,
795 1955 942 1991 cederet
963 1955 1183 2005 paullatim,
1209 1968 1248 1990 se
1268 1955 1306 1990 in
1325 1961 1422 1990 tem-

304 2029 398 2067 pore
423 2030 560 2067 pugnae
580 2017 845 2055 obventurum.
901 2019 1066 2054 Tantum
1097 2026 1280 2060 moratus,
1302 2031 1421 2066 quan·

304 2086 387 2116 tum
417 2082 506 2116 satis
537 2083 720 2131 temporis
755 2095 962 2132 praegresso
991 2083 1110 2117 visum
1143 2081 1190 2117 ad
1219 2081 1421 2118 eliciendos

305 2145 449 2189 hostes,
479 2159 563 2182 cum
598 2146 777 2182 Romano
812 2148 981 2196 equitatu
1013 2153 1176 2189 secutus,
1208 2146 1424 2195 tegentibus

307 2209 475 2252 tumulis,
498 2211 560 2258 qui
590 2218 873 2261 peropportune
904 2211 1002 2246 circa
1023 2211 1089 2246 viae
1119 2210 1235 2245 flexus
1256 2210 1423 2259 obpositi

113 2280 278 2319 Equfstria
309 2281 428 2317 erant,
451 2274 620 2310 occultus
641 2276 836 2325 processit.
893 2275 1111 2318 Masinissa,
1134 2288 1179 2310 ex
1195 2275 1422 2323 composito,

113 2324 223 2362 proelia
239 2325 286 2354 in-

115 2374 242 2401 eumux.
309 2352 409 2376 nunc
434 2341 624 2385 terrentis,
656 2353 756 2377 nunc
786 2342 953 2377 timentis
984 2340 1111 2384 modo,
1139 2346 1204 2376 aut
1233 2340 1321 2390 ipsis
1353 2339 1422 2376 ob-
