1523 2666
143 288 233 320 U.C.
250 296 322 321 548.

141 333 181 364 A.
197 332 234 364 C.
249 340 324 366 204.

340 193 423 225 210
792 193 838 222 T.
862 193 996 222 leu

336 297 409 335 que
427 284 720 321 condemnatum
740 290 805 320 aut
825 283 1018 320 consulem
1041 291 1107 321 aut
1126 296 1321 323 censorem
1338 285 1449 324 fecis·

335 357 406 393 set,
427 349 609 400 populum
628 348 847 385 Romanum
865 361 1031 392 omnem,
1053 356 1216 398 quatuor
1235 355 1274 386 et
1292 351 1451 399 triginta

332 414 469 457 tribus,
508 414 658 450 aerarios
696 413 870 463 reliquit:
920 414 1022 463 quod
1059 420 1097 450 et
1133 415 1375 451 innocentem
1412 428 1452 452 se

332 478 663 521 condemnassent,
685 483 723 513 et
751 477 1045 514 condemnatum
1076 477 1270 514 consulem
1297 484 1335 514 et
1363 491 1450 515 cen-

331 555 457 579 sorem
475 542 654 578 fecissent
670 555 677 576 :
709 552 832 589 neque
850 541 1009 577 inficiari
1035 548 1205 591 possent,
1227 546 1292 577 aut
1304 540 1452 591 judicio

332 605 462 649 semel,
483 612 549 641 aut
568 604 731 640 comitiis
761 603 819 639 bis
849 603 895 640 ab
916 617 956 640 se
974 612 1172 654 peccatum
1192 619 1287 643 esse.
1345 607 1451 643 Inter

331 676 496 718 quatuor
525 675 563 705 et
589 669 748 718 triginta
772 668 893 704 tribus
924 675 962 704 et
989 669 1032 705 C.
1050 669 1250 706 Claudium
1280 671 1452 707 aerarium

330 734 436 771 fore:
470 734 570 783 quod
589 734 621 769 si
640 733 855 783 exemplum
883 732 1041 769 haberet
1069 733 1127 769 bis
1155 735 1327 771 eumdem
1357 747 1448 770 aera-

329 800 428 836 rium
457 799 707 849 relinquendi,
729 799 772 835 C.
794 798 996 835 Claudium
1024 799 1253 835 nominatim
1281 811 1321 835 se
1350 799 1450 835 inter

330 864 482 899 aerarios
502 863 619 900 fuisse
638 862 869 899 relicturum.
924 862 1089 898 Pravum
1116 868 1309 898 certamen
1337 869 1449 898 nota-

329 940 414 963 rum
444 928 543 964 inter
568 939 768 964 censores:
800 927 1004 975 castigatio
1024 927 1291 963 inconstantiae
1319 926 1452 977 populi

328 993 518 1035 censoria,
540 999 578 1028 et
597 992 785 1041 gravitate
807 998 1024 1041 temporum
1052 990 1203 1027 illorum
1223 991 1349 1040 digna.
1405 990 1453 1027 In

327 1055 471 1092 invidia
490 1067 664 1091 censores
686 1068 801 1104 quum
826 1061 965 1098 essent,
994 1054 1186 1090 crescendi
1205 1067 1252 1090 ex
1270 1055 1328 1089 his
1349 1060 1452 1090 ratus

325 1131 409 1155 esse
439 1120 679 1155 occasionem
712 1119 783 1154 Cn.
803 1118 957 1154 Baebius
990 1118 1166 1154 tribunus
1200 1116 1320 1168 plebis
1351 1117 1451 1155 diem

325 1182 375 1219 ad
392 1183 576 1234 populum
596 1184 744 1232 utrique
764 1183 872 1220 dixit.
927 1183 987 1218 Ea
1005 1195 1062 1218 res
1084 1194 1272 1218 consensu
1291 1181 1450 1218 Pati-um

325 1246 495 1284 discussa
514 1254 585 1292 est,
606 1261 654 1284 ne
682 1254 818 1299 postea
838 1248 1009 1285 obnoxia
1036 1247 1212 1298 populari
1241 1260 1341 1284 aurae
1361 1259 1450 1284 cen·

325 1323 413 1348 sura
432 1319 543 1348 esset.

380 1375 624 1414 XXXVIII.
653 1376 801 1412 Eadem
831 1381 961 1412 aestate
983 1376 1022 1412 in
1052 1375 1215 1411 Bruttiis
1237 1374 1452 1425 Clampetia

326 1453 351 1477 a
369 1439 526 1477 consule
554 1441 590 1476 vi
611 1447 736 1491 capta,
759 1441 970 1477 Consentia
990 1447 1028 1476 et
1054 1441 1258 1484 Pandosia,
1281 1446 1318 1475 et
1339 1440 1449 1488 igno-

326 1503 422 1541 biles
442 1503 524 1540 aliae
545 1505 732 1547 civitates,
754 1504 951 1540 voluntate
977 1504 1018 1540 in
1037 1504 1223 1540 ditionem
1251 1509 1450 1540 venerunt.

325 1567 394 1611 Et,
415 1581 531 1617 quum
551 1568 887 1619 comitiorumjam
907 1569 1103 1619 adpeteret
1121 1575 1284 1618 tempus,
1307 1568 1453 1604 Corne-

325 1631 419 1668 lium
439 1634 566 1683 potius
588 1647 634 1670 ex
653 1634 823 1677 Etruria,
844 1633 909 1669 ubi
936 1633 1033 1669 nihil
1060 1633 1151 1669 belli
1173 1639 1266 1675 erat,
1286 1631 1454 1668 Romam

326 1696 444 1732 adciri
473 1696 628 1747 placuit.
686 1697 723 1733 Is
745 1697 917 1733 consules
940 1697 983 1733 C.
1006 1696 1205 1732 Servilium
1233 1696 1453 1745 Caepionem

326 1766 367 1796 et
401 1761 445 1797 C.
474 1761 673 1797 Servilium
704 1762 909 1798 Geminum
942 1762 1096 1799 creavit.
1153 1760 1248 1797 Inde
1278 1760 1457 1811 praetoria

325 1826 483 1862 comitia
517 1826 671 1863 habita:
715 1827 830 1862 creati
868 1826 910 1863 P.
933 1826 1132 1863 Cornelius
1167 1824 1369 1867 Lentulus,
1407 1824 1451 1860 P.

324 1888 557 1928 Quinctilius
581 1891 716 1934 Varus,
740 1890 924 1928 P.AElius
954 1891 1097 1933 Paetus,
1131 1891 1174 1927 P.
1187 1889 1323 1925 Villius
1349 1888 1451 1938 Tap-

325 1952 450 2003 pulus.
500 1954 555 1990 Hi
575 1955 664 1998 duo,
686 1968 802 2004 quum
823 1955 948 1991 aediles
969 1954 1089 2005 plebis
1113 1960 1252 1997 essent,
1273 1959 1453 2003 praetores

326 2017 445 2053 creati
476 2024 576 2055 sunt.
635 2019 794 2062 Consul,
816 2019 980 2056 comitiis
1010 2018 1203 2068 perfectis,
1232 2017 1278 2053 ad
1309 2017 1452 2053 exerci-

326 2086 410 2117 tum
439 2082 479 2118 in
506 2082 701 2119 Etruriam
731 2083 854 2120 rediit.
911 2083 1135 2119 Sacerdotes
1162 2094 1208 2118 eo
1228 2093 1330 2118 anno
1350 2092 1451 2116 mor-

326 2146 399 2188 tui,
431 2152 545 2195 atque
575 2147 614 2183 in
644 2147 771 2183 locum
802 2160 932 2184 eorum
962 2146 1149 2192 subfecti3
1191 2145 1253 2182 Ti.
1274 2145 1452 2181 Veturius

327 2208 441 2246 Philo
461 2210 599 2247 flamen
617 2212 825 2256 RIartialis,
846 2212 885 2248 in
904 2212 1031 2249 locum
1050 2211 1107 2248 M.
1126 2210 1275 2247 AEmilii
1294 2208 1451 2257 Regini,

327 2274 393 2322 qui
412 2275 538 2324 priore
566 2289 667 2313 anno
687 2283 862 2314 mortuus
891 2282 985 2320 erat,
1007 2282 1154 2312 creatus
1184 2276 1450 2323 inauguratus-

328 2349 428 2388 que:
464 2345 504 2376 et
532 2340 571 2377 in
599 2341 658 2380 M.
677 2341 881 2394 Pomponii
909 2341 1108 2378 Mathonis
1139 2339 1289 2388 auguris
1319 2343 1356 2374 et
1386 2337 1452 2373 de-
