1523 2666
106 213 197 246 U.C.
213 222 285 247 555.

106 258 144 289 A.
157 258 193 290 C.
214 265 285 296 197.

76 913 140 944 Pax
159 923 234 946 cona

74 958 172 990 venit.

68 1568 92 1597 A
100 1569 266 1599 ndrosthe-

69 1611 115 1640 nis
134 1620 212 1643 cum

64 1655 193 1686 Achaeis

66 1706 185 1738 pugna.

299 123 387 166 394
772 127 818 155 Τ.
848 126 980 155 L1v11

299 225 382 261 quae
403 218 492 249 ante
512 213 654 251 bellum
673 214 911 260 habuissent,
933 218 1083 254 restitui
1107 218 1251 256 AEtolis
1276 234 1426 270 aequum

298 278 492 321 censebat,
523 285 561 314 et
591 279 647 316 ita'
671 280 709 316 in
742 281 885 317 foedere
919 283 1043 333 primo
1073 291 1227 320 cautum
1257 297 1351 329 esse,
1384 292 1425 322 ut

297 341 388 378 belli
404 344 543 393 praeda,
563 356 777 394 rerumque,
795 359 877 396 quae
894 346 983 383 ferri
1000 349 1137 397 agique
1152 356 1325 399 possent,
1339 350 1424 387 Ro-

297 419 458 453 manos;
492 421 582 457 ager
611 409 798 460 urbesque
828 419 948 461 captae
978 412 1134 449 AEtolos
1162 420 1423 463 sequerentur.

302 472 382 515 Vos,
399 474 535 522 inquit,
551 476 632 522 ipsi,
650 475 869 519 Quinctius,
886 479 1065 514 societatis
1078 480 1181 515 istius
1197 480 1290 527 leges
1304 481 1422 527 rupis-

297 539 355 580 tis,
376 551 445 587 quo
461 544 630 587 tempore,
648 541 782 576 relictis
799 542 909 584 nobis,
927 555 1006 578 cum
1026 543 1202 592 Philippo
1219 557 1346 593 pacem
1354 544 1422 593 fe·

296 604 392 639 cistis
404 620 416 639 .·
435 617 512 652 quse
530 606 562 640 st
580 611 755 648 maneret,
774 612 963 654 captarum
984 612 1102 644 tamen
1120 609 1261 645 urbiam
1280 610 1346 645 illa
1367 611 1423 646 lea:

284 667 400 717 foret.
437 668 627 706 Thessalia>
643 672 803 706 civitates
816 684 879 707 sua
899 673 1083 709 voluntate
1102 675 1138 709 in
1155 675 1325 710 ditionem
1340 686 1420 710 nos-

296 738 389 768 tram
403 739 584 770 venerunt.
621 734 730 776 Haec,
749 747 833 770 cum
857 737 1028 771 omnium
1048 737 1239 772 sociorum
1259 738 1420 774 adsensu

294 800 409 844 dicta,
431 801 573 837 AEtolis
594 814 670 838 non
699 802 737 837 in
764 804 966 851 praesentia
986 804 1100 839 modo
1121 805 1250 852 gravia
1269 803 1416 846 auditu,

293 866 358 902 sed
387 879 475 902 mox
506 866 595 902 belli
629 868 743 902 etiam
774 881 930 911 caussae,
962 881 1263 918 magnarumque
1292 880 1338 904 ex
1371 880 1418 903 eo

292 930 468 972 cladium,
500 931 543 965 iis
574 931 739 967 fuerunt.
797 932 894 967 Cum
926 932 1106 982 Philippo
1139 934 1194 968 ita
1223 932 1414 974 convenit,

290 1001 333 1030 ut
352 994 592 1030 Demetrium
612 994 729 1030 filium
752 1002 787 1031 et
816 996 999 1044 quosdam
1030 1009 1077 1032 ex
1106 997 1313 1032 amicorum
1343 1008 1413 1030 nu—

289 1072 395 1096 mero
425 1060 590 1116 obsides,
612 1068 650 1096 et
679 1061 842 1097 ducenta
872 1061 1017 1097 talenta
1046 1062 1174 1097 daret:
1208 1062 1253 1096 de
1280 1061 1413 1096 ceteris

287 1123 455 1161 Romam
495 1126 664 1160 mitteret
702 1124 849 1173 legatos
870 1140 876 1160 :
928 1125 974 1161 ad
1012 1138 1093 1162 eam
1133 1138 1212 1161 rem
1249 1130 1413 1173 quatuor

288 1189 473 1225 mensium
495 1189 655 1225 induciae
676 1196 812 1225 esseut.
872 1189 910 1224 Si
937 1202 1012 1239 pax
1038 1202 1115 1225 nou
1143 1190 1333 1239 inpetrata
1363 1188 1411 1224 ab

288 1260 422 1290 senatu
454 1253 568 1297 foret,
601 1253 750 1289 obsides
785 1255 1060 1303 pecuniamque
1092 1254 1197 1289 reddi
1231 1253 1412 1302 Philippo

286 1326 480 1368 receptum
503 1323 571 1353 est.
630 1319 773 1354 Caussa
795 1318 974 1354 Romano
995 1318 1215 1368 imperatori
1237 1329 1316 1353 non
1336 1316 1411 1353 alia
1450 1329 1455 1332 ·

285 1382 409 1433 major
438 1382 554 1419 fuisse
585 1382 722 1418 dicitur
751 1384 853 1432 pacis
889 1383 1137 1426 maturandae,
1166 1395 1278 1431 quam
1309 1381 1410 1430 quod

283 1448 521 1484 Antiochum
541 1447 682 1484 bellum
702 1448 982 1497 transitumque
1002 1449 1040 1484 iu
1060 1449 1256 1498 Europam
1282 1445 1407 1483 moliri

284 1512 497 1550 constabat.

338 1578 448 1614 XIV.
479 1577 626 1613 Eodem
656 1582 843 1628 tempore,
874 1585 1001 1627 atque,
1034 1583 1074 1612 ut
1107 1577 1258 1626 quidam
1289 1575 1406 1611 tradi-

284 1642 386 1686 dere,
407 1642 540 1679 eodem
561 1642 620 1678 die
640 1643 686 1678 ad
708 1643 935 1678 Corinthum
956 1642 1086 1678 Achaei
1108 1642 1240 1678 ducem
1260 1640 1406 1689 regium

284 1706 716 1756 Androsthenemjusto
736 1706 871 1756 proelio
896 1707 1086 1742 fuderunt.
1145 1706 1243 1741 Eam
1272 1705 1404 1741 urbem

281 1784 352 1823 pro
372 1784 457 1808 arce
476 1771 674 1807 habiturus
696 1770 893 1820 Phiiippus
921 1771 1097 1807 adversus
1124 1770 1281 1806 Graeciae
1312 1769 1405 1804 civi-

281 1843 393 1879 tates,
417 1843 451 1872 et
473 1836 661 1885 principes
685 1836 768 1871 inde
789 1842 966 1870 evocatos
988 1847 1054 1884 per
1083 1835 1246 1883 speciem
1268 1833 1401 1869 conlo-

281 1902 434 1951 quendi,
456 1906 639 1949 quantum
661 1901 828 1948 equitum
856 1901 944 1935 dare
966 1900 1157 1935 Corinthii
1184 1899 1230 1935 ad
1259 1898 1401 1935 bellum

279 1971 450 2016 possent,
480 1965 689 1999 retinuerat
718 1976 786 2013 pro
817 1963 1025 2005 obsidibus,
1047 1970 1098 2005 et,
1124 1970 1260 2013 praeter
1288 1963 1398 2011 quin-

280 2036 414 2079 gentos
431 2028 664 2064 BIacedonas
686 2029 901 2076 mixtosque
918 2042 962 2063 ex
982 2028 1084 2063 omui
1105 2040 1242 2076 genere
1261 2026 1398 2062 auxiti-

279 2108 387 2131 orum
415 2095 672 2142 octingentos,
703 2094 803 2141 quod
827 2092 911 2143 jam
937 2101 1025 2129 ante
1055 2093 1106 2128 ibi
1136 2092 1273 2134 fuerat,
1295 2091 1398 2127 mille

276 2158 533 2195 Macedonum
559 2171 604 2194 eo
634 2158 801 2200 miserat,
833 2164 870 2193 et
899 2157 1000 2193 mille
1026 2170 1069 2193 ac
1097 2158 1279 2192 ducentos
1305 2155 1396 2205 llly-

276 2224 367 2265 rios,
387 2223 645 2271 Thracasque,
666 2229 703 2257 et
724 2222 939 2263 Cretenses,
960 2222 1023 2273 qui
1043 2223 1081 2256 iu
1104 2228 1261 2269 utraque
1287 2226 1395 2269 parte

273 2288 506 2331 militabant,
527 2288 784 2337 octingentos.
832 2287 905 2325 His
926 2286 1042 2324 additi
1062 2286 1208 2330 Boeoti,
1228 2284 1394 2322 Thessa-
