1523 2666
51 297 93 327 U.
109 295 145 326 C.
162 302 234 328 561.

53 340 144 371 A.C.
163 347 233 373 191·

264 198 350 245 570
715 200 761 230 Τ.
785 202 918 231 mvn

268 290 477 341 cumjectus
507 296 612 327 erat:
645 298 840 342 postremo
863 294 954 329 victi
983 293 1105 337 malis,
1128 307 1243 344 quum
1272 295 1383 331 time·

267 362 367 400 rent,
388 369 436 393 ne
456 356 492 392 vi
519 357 638 407 captis
665 357 769 394 nulla
798 359 898 408 apud
924 360 1107 395 victorem
1131 360 1241 396 venia
1271 366 1383 404 esset,

269 421 491 458 dediderunt
521 435 614 459 sese.
671 423 781 459 Nihil
811 424 898 460 inde
927 431 1096 461 moratus
1122 437 1202 468 rex,
1225 431 1388 474 quatuor

268 486 388 523 millia
408 494 654 531 armatorum,
676 488 764 524 dum
791 501 921 525 recens
947 497 1070 526 terror
1096 497 1208 534 esset,
1231 490 1387 526 Scotus-

271 564 351 588 sam
377 553 499 588 misit:
533 565 602 588 nec
632 553 685 589 ibi
716 566 820 590 mora
851 554 1053 591 deditionis
1085 561 1141 591 est
1169 555 1285 599 facta,
1308 568 1388 591 cer-

270 616 451 653 uentibus
482 617 725 653 Pheraeorum
756 631 885 655 recens
917 620 1150 670 exemplum3
1185 621 1262 670 qui,
1288 620 1389 673 quqd

272 682 518 732 pertinaciter
547 683 669 732 primo
697 683 923 727 abnuerant,
945 685 1046 721 malo
1076 685 1208 721 domiti
1235 685 1388 722 tandem

271 746 470 783 fecissent:
495 761 578 784 cum
601 749 682 799 ipsa
703 749 794 786 urbe
811 750 1079 801 Hippolochus
1096 751 1388 787 Larissaeorum-

271 824 345 860 que
365 812 531 849 deditum
553 820 610 849 est
629 814 858 863 praesidium.
916 815 1074 851 Dimissi
1096 815 1142 851 ab
1164 828 1251 864 rege
1268 815 1390 851 invio-

271 875 340 912 lati
360 890 516 922 omnes3
547 879 647 928 qnod
669 892 750 915 eam
771 892 847 915 rem
870 881 998 929 magni
1018 881 1200 916 momenti
1222 880 1387 917 futuram

271 952 337 977 rex
359 943 404 978 ad
427 943 687 980 conciliandos
709 944 982 981 Larissaeorum
1004 945 1150 980 animos
1172 945 1361 982 credebat.

326 1007 379 1043 X.
410 1006 517 1043 Intra
547 1008 734 1044 decimum
764 1009 878 1053 diem,
906 1022 1019 1059 quam
1048 1009 1190 1046 Pheras
1220 1016 1388 1054 venerat,

272 1071 330 1108 his
351 1072 543 1122 perfectis,
567 1075 797 1118 Cranonem,
819 1074 1012 1125 profectus
1035 1088 1118 1111 cum
1141 1081 1225 1111 toto
1246 1076 1389 1112 exerci-

271 1142 328 1180 tu,
349 1137 472 1187 primo
493 1138 656 1174 adventu
679 1140 801 1188 cepit:
835 1139 922 1175 inde
951 1140 1148 1189 Cypaeram
1176 1146 1213 1175 et
1237 1139 1388 1177 B‘Ietro-

270 1200 405 1252 polim,
428 1210 463 1238 et
485 1204 528 1238 iis
551 1203 795 1253 circumjecta
811 1204 965 1240 castella
986 1205 1151 1254 recepit,
1186 1204 1389 1254 omniaque

263 1265 349 1316 jam
368 1268 538 1316 regionis
559 1267 654 1318 ejus,
678 1275 813 1318 p1·:eter
833 1269 1012 1304 Atracem
1039 1274 1077 1303 et
1104 1268 1331 1317 Gyrtonem,
1352 1270 1391 1305 in

271 1338 463 1383 potestate
484 1340 603 1369 erant.
661 1333 761 1369 Tum
782 1333 934 1382 adgredi
956 1333 1147 1369 Larissam
1169 1334 1388 1371 constituit:

270 1403 374 1433 ratus
391 1397 451 1433 vel
469 1404 615 1434 terrore
635 1405 845 1434 ceterarum
863 1404 1180 1448 expugnatarum,
1200 1398 1257 1434 vel
1276 1398 1393 1434 bene-

271 1461 358 1498 ficio
392 1463 557 1512 praesidii
594 1463 751 1507 dimissi,
782 1463 841 1499 vel
881 1462 1056 1512 exemplo
1088 1469 1146 1498 tot
1182 1463 1393 1502 civitatium

272 1526 492 1565 dedentium
524 1541 618 1572 sese,
640 1541 718 1564 non
749 1528 849 1565 ultra
877 1529 915 1564 in
942 1529 1153 1578 pertinacia
1179 1540 1389 1566 mansuros

271 1591 499 1642 Elephantis
518 1593 578 1642 agi
596 1600 684 1630 ante
701 1594 807 1643 signa
825 1594 978 1629 terroris
996 1605 1128 1629 caussa
1142 1592 1275 1643 jussis,
1298 1605 1390 1642 qua-

272 1659 381 1695 drato
402 1658 554 1707 agmine
574 1659 620 1695 ad
642 1659 770 1695 urbem
793 1658 972 1703 incessit5
1013 1664 1055 1693 ut
1075 1657 1209 1693 incerti
1230 1657 1392 1694 fluctua-

272 1730 403 1760 rentur
430 1725 547 1760 animi
579 1736 727 1772 magnae
754 1722 871 1774 partis
899 1722 1173 1767 Larissaeorum
1193 1722 1293 1758 inter
1312 1735 1392 1758 me-

272 1796 352 1825 tum
374 1795 599 1840 praesentem
626 1790 795 1826 hostium
826 1795 863 1825 et
883 1789 1150 1825 verecundiam
1178 1787 1392 1825 absentium

272 1856 476 1891 sociorum.
533 1855 607 1891 Per
627 1855 776 1891 eosdem
799 1855 876 1891 dies
898 1854 1142 1903 Amynander
1163 1867 1246 1889 cum
1267 1854 1391 1890 Atha-

271 1933 426 1956 manum
439 1919 644 1970 juventute
660 1926 823 1969 occupat
843 1919 1066 1955 Pellinaeum
1083 1933 1089 1954 z
1114 1926 1151 1954 et
1167 1918 1389 1969 Menippus,

271 1998 358 2021 cum
376 1985 498 2022 tribus
525 1985 690 2022 millibus
717 1985 885 2035 peditum
907 1984 1126 2020 AEtolorum
1155 1990 1191 2019 et
1219 1984 1389 2020 ducentis

272 2049 463 2098 equitibus
480 2050 519 2086 in
537 2049 793 2086 Perrhaebiam
811 2049 1019 2100 profectus,
1036 2048 1234 2084 Malloeam
1256 2054 1294 2083 et
1314 2048 1389 2097 Cy·

271 2115 386 2151 retias
409 2116 442 2151 vi
463 2116 577 2166 cepit,
599 2115 925 2166 depopulatusque
946 2121 1002 2151 est
1022 2127 1154 2163 agrum
1182 2113 1391 2164 Tripolita-

272 2192 376 2217 num.
424 2179 498 2216 His
519 2180 657 2231 raptim
677 2180 854 2230 peractis,
875 2179 1069 2216 Larissam
1090 2179 1136 2214 ad
1156 2191 1282 2227 regem
1304 2178 1387 2214 red-

271 2252 386 2280 eunt:
419 2243 667 2287 consultanti,
689 2244 868 2293 quidnam
899 2243 1087 2292 agendum
1116 2249 1214 2278 esset
1237 2242 1282 2278 de
1311 2241 1388 2278 La-

270 2310 379 2353 rissa,
400 2317 709 2361 supervenerunt.
741 2309 800 2345 lbi
822 2310 860 2345 in
877 2309 1064 2345 diversum
1084 2308 1282 2344 sententiae
1303 2314 1387 2343 ten-

271 2373 435 2412 debant:
469 2374 566 2419 aliis,
588 2376 664 2412 vim
691 2374 958 2417 adhibendam,
980 2380 1016 2410 et
1042 2386 1120 2410 non
1141 2371 1388 2409 differendum
