1507 2656
327 191 482 220 Lmen
508 188 630 219 xxx.
663 189 769 218 cAP.
792 170 945 217 x‘t111.
1109 174 1189 230 269

127 284 280 322 XLIII.
310 283 506 320 Inclinatis
528 282 698 318 omnium
718 281 765 317 ad
784 293 916 330 pacem
945 281 1094 323 animis,
1117 280 1187 316 Cn.
1201 285 1243 315 U.
1254 285 1290 314 C.
1307 290 1380 315 ⁵⁵1-

72 349 257 385 Lentulus
278 348 423 390 consul,
445 348 503 383 cui
525 347 653 382 classis
682 345 878 395 provincia
899 352 993 387 erat,
1015 350 1186 380 senatus·
1200 329 1238 358 Α·
1255 328 1292 358 C·
1306 334 1381 358 ²⁰¹⁸

72 413 247 448 consulto
268 412 491 447 intercessit.
548 409 646 445 Tum
675 409 745 445 RF.
761 406 906 444 Acilius
927 414 964 443 et
991 408 1038 446 Q.
1054 407 1186 443 Minu·
1198 409 1347 440 plebisci-

70 477 148 511 cius
169 475 310 511 tribuni
330 474 449 524 plebis
470 475 516 509 ad
544 472 930 524 populum-tulerunt,
959 470 1186 517 Vellen,t‚ju-
1198 452 1324 536 {QZ-de

70 541 230 577 berentne
254 544 415 575 senatum
437 541 635 581 decernere,
656 543 697 574 ut
725 549 805 573 cum
829 536 1190 583 Karthaginiensibus

65 617 140 653 pax
159 605 269 653 sceret
280 621 293 647 ,·
336 608 371 639 et
404 615 508 651 quem
536 615 614 639 eam
643 614 772 650 pacem
809 603 909 644 (lare,
943 612 1112 648 quemque
1148 612 1191 636 eat

66 667 198 716 Africa
217 669 390 703 exercitus
409 669 598 714 deportare
608 665 777 712 juberent
792 668 811 699 Ρ
838 665 900 700 De
928 677 1021 713 pace
1050 665 1105 698 uti
1126 676 1188 699 ro-

67 738 234 780 gassent,
255 743 386 766 omnes
406 730 759 779 tribusjusserunt:
791 742 923 779 pacem
940 729 1028 764 dare
1048 728 1091 765 P.
1107 729 1188 764 Sci-

66 796 235 846 pionem,
257 795 427 830 eumdem
447 795 633 830 exercitus
664 795 876 843 deportare.
933 793 993 828 Ex
1024 793 1094 828 hac
1124 805 1186 828 ro-

68 861 224 908 gatione
251 865 402 894 senatus
424 860 602 900 decrevit,
624 865 666 894 ut
694 858 737 894 P.
760 858 887 907 Scipio
907 870 954 893 ex
974 857 1102 892 decem
1131 856 1184 892 le·
1198 853 1230 883 S·
1247 853 1284 883 C·
1301 853 1339 883 de

65 929 241 971 gatorum
270 923 460 958 sententia
485 935 617 972 pacem
647 935 730 958 cum
759 920 902 970 populo
932 920 1185 969 Karthagini·
1197 905 1286 937 μεθ’

17 1032 28 1035 1
64 988 160 1029 ensi,
189 986 323 1035 quibus
354 986 500 1034 legibus
528 987 562 1022 ei
588 987 791 1028 videretur,
822 986 976 1021 faceret.
1035 985 1186 1022 Gratias

65 1050 200 1086 deinde
234 1050 409 1086 Patribus
441 1063 551 1098 egere
582 1050 942 1097 KarthaginienseS,
976 1050 1187 1099 petierunt-

63 1126 150 1163 que,
172 1120 213 1149 ut
233 1114 304 1150 sibi
324 1115 363 1150 in
384 1114 514 1150 urbem
534 1115 708 1157 introire,
730 1120 767 1149 et
787 1113 967 1162 conloqui
989 1126 1073 1149 cum
1094 1115 1185 1149 civi-

62 1178 132 1214 bus
153 1179 228 1213 suis
248 1177 393 1221 liceret,
407 1180 472 1227 qui
491 1180 593 1228 capti
613 1179 651 1214 in
672 1178 825 1228 publica
844 1178 1017 1213 custodia
1037 1184 1181 1213 essent:

62 1254 143 1277 esse
162 1242 201 1278 in
222 1243 267 1278 iis
287 1243 424 1291 partim
446 1243 680 1292 propinquos
702 1243 919 1290 amicosque
948 1254 1050 1285 suos,
1072 1241 1184 1277 nobi-

62 1305 114 1340 les
134 1306 332 1351 homines3
365 1307 503 1355 partim
531 1307 577 1342 ad
598 1320 691 1355 quos
722 1307 900 1343 mandata
920 1319 940 1342 a
960 1306 1182 1356 propinquis

61 1369 259 1406 haberent.
307 1371 455 1409 Quibus
477 1372 689 1414 conventis,
711 1384 826 1419 quum
845 1382 972 1406 rursus
993 1376 1180 1419 peterent,

60 1441 103 1468 ut
129 1433 214 1476 sibi,
236 1446 330 1482 quos
350 1434 504 1478 vellent,
534 1448 581 1471 ex
608 1436 652 1471 iis
677 1435 885 1471 redimendi
915 1440 1084 1484 potestas
1114 1433 1182 1470 fie-

58 1501 139 1540 ret3
165 1495 265 1545 jussi
293 1498 451 1533 nomina
470 1498 602 1543 edere3
637 1505 689 1541 et,
714 1511 829 1547 quum
849 1498 1031 1534 ducentos
1061 1497 1180 1534 ferme

60 1559 229 1602 ederent,
268 1561 641 1597 senatusconsultum
679 1568 750 1605 est,
791 1563 841 1598 Ut
874 1563 985 1609 legati
1022 1562 1181 1598 Romani

60 1625 229 1659 ducentos
253 1636 296 1659 ετ
325 1627 486 1672 captivis,
512 1638 597 1673 quos
625 1626 944 1673 Karthaginienses
964 1626 1110 1669 vellent,
1131 1627 1181 1662 ad

57 1688 104 1723 P.
123 1687 327 1724 Cornelium
348 1690 550 1736 Scipionem
566 1691 604 1725 in
622 1690 788 1737 Africam
810 1692 1043 1741 deportarent
1053 1707 1066 1734 ,-
1085 1702 1179 1726 nun-

55 1753 260 1799 ciarentque
288 1754 333 1794 ei,
365 1757 418 1795 ut,
452 1755 482 1788 si
507 1766 584 1801 pam
613 1755 839 1796 convenisset,
869 1755 944 1789 sine
969 1756 1089 1802 pretio
1121 1766 1179 1790 eos

54 1815 410 1863 Karthaginiensibus
438 1819 613 1854 redderet.
671 1818 839 1854 Feciales
869 1830 985 1867 quum
1013 1819 1052 1854 in
1071 1817 1176 1854 Afri·
1190 1827 1341 1859 Feciales.

53 1890 135 1914 cam
156 1879 202 1914 ad
221 1879 343 1915 foedus
364 1880 572 1916 feriendum
593 1880 910 1930 irejube1·entur;
933 1882 1023 1931 ipsis
1042 1888 1175 1931 postu-

50 1941 234 1985 lantibus,
253 1943 626 1980 senatusconsultum
647 1945 684 1979 in
706 1945 786 1980 haec
800 1944 914 1980 verba
928 1944 1073 1981 factum
1094 1953 1171 1983 est:

55 2006 104 2041 Ut
117 2009 240 2054 privos
259 2008 396 2055 lapides
413 2009 542 2050 silices,
560 2010 754 2057 privasque
772 2009 941 2046 verbenas
962 2021 1079 2046 secum
1089 2010 1173 2058 fer—
1191 2052 1198 2053 ἶ

47 2075 154 2105 rent:
182 2073 236 2106 uti
252 2076 387 2118 praetor
407 2071 592 2108 Romanas
612 2073 666 2108 his
685 2075 893 2121 imperaret,
914 2079 956 2109 ut
972 2073 1172 2122 foeclusfe-

46 2135 172 2177 rheni,
204 2136 262 2170 illi
293 2141 482 2183 praetorem
513 2140 678 2185 sagmina
708 2144 903 2185 poscerent.
960 2138 1103 2174 Herbae
1134 2140 1171 2175 id

47 2209 164 2244 genus
186 2211 232 2234 ex
253 2211 338 2235 arce
354 2207 521 2237 sumtum
544 2202 625 2237 dari
644 2201 842 2238 fecialibus
863 2202 973 2240 solet.
1030 2202 1093 2239 Ita
1112 2204 1168 2239 di·
1182 2216 1258 2247 Pax,

48 2261 152 2297 missi
179 2261 225 2298 ab
254 2262 383 2299 Roma
410 2264 772 2313 Karthaginienses,
793 2279 909 2315 quum
940 2267 979 2302 in
998 2266 1167 2303 Africam

48 2326 240 2362 venissent
267 2327 315 2363 ad
339 2327 572 2379 Scipionem,
592 2330 727 2377 quibus
756 2336 846 2367 ante
867 2331 1008 2367 dictum
1029 2337 1085 2367 est
1113 2331 1165 2367 le-

554 2392 636 2429 N3
