<?xml version="1.0" encoding="UTF-8"?>
<!DOCTYPE html PUBLIC "-//W3C//DTD XHTML 1.0 Transitional//EN"
    "http://www.w3.org/TR/xhtml1/DTD/xhtml1-transitional.dtd">
<html xmlns="http://www.w3.org/1999/xhtml" xml:lang="en" lang="en">
 <head>
  <title>
</title>
<meta http-equiv="Content-Type" content="text/html;charset=utf-8" />
  <meta name='ocr-system' content='tesseract 3.04.00' />
  <meta name='ocr-capabilities' content='ocr_page ocr_carea ocr_par ocr_line ocrx_word'/>
</head>
<body>
  <div class='ocr_page' id='page_1' title='image "./historiarumquaes03livyuoft/historiarumquaes03livyuoft_0406.png"; bbox 0 0 1523 2666; ppageno 0'>
   <div class='ocr_carea' id='block_1_1' title="bbox 70 197 258 277">
    <p class='ocr_par' dir='ltr' id='par_1_1' title="bbox 70 197 258 277">
     <span class='ocr_line' id='line_1_1' title="bbox 73 197 255 229; baseline 0 -1"><span class='ocrx_word' id='word_1_1' title='bbox 73 197 117 229; x_wconf 89' lang='lat' dir='ltr'>U.</span> <span class='ocrx_word' id='word_1_2' title='bbox 129 197 167 229; x_wconf 80' lang='lat' dir='ltr'>C.</span> <span class='ocrx_word' id='word_1_3' title='bbox 183 204 255 229; x_wconf 82' lang='lat'><strong>555.</strong></span> 
     </span>
     <span class='ocr_line' id='line_1_2' title="bbox 70 241 258 277; baseline -0.005 -6"><span class='ocrx_word' id='word_1_4' title='bbox 70 241 111 272; x_wconf 79' lang='grc' dir='ltr'>Α.</span> <span class='ocrx_word' id='word_1_5' title='bbox 128 241 165 273; x_wconf 89' lang='lat' dir='ltr'>C.</span> <span class='ocrx_word' id='word_1_6' title='bbox 185 248 258 277; x_wconf 84' lang='lat'>197.</span> 
     </span>
    </p>
   </div>
   <div class='ocr_carea' id='block_1_2' title="bbox 266 104 931 158">
    <p class='ocr_par' dir='ltr' id='par_1_2' title="bbox 266 104 931 158">
     <span class='ocr_line' id='line_1_3' title="bbox 266 104 931 158; baseline 0 -14"><span class='ocrx_word' id='word_1_7' title='bbox 266 104 351 158; x_wconf 86' lang='lat'>396</span> <span class='ocrx_word' id='word_1_8' title='bbox 726 115 772 144; x_wconf 81' lang='lat' dir='ltr'>T.</span> <span class='ocrx_word' id='word_1_9' title='bbox 797 115 931 145; x_wconf 76' lang='lat' dir='ltr'>L1v11</span> 
     </span>
    </p>
   </div>
   <div class='ocr_carea' id='block_1_3' title="bbox 268 196 1400 2314">
    <p class='ocr_par' dir='ltr' id='par_1_3' title="bbox 268 196 1400 2314">
     <span class='ocr_line' id='line_1_4' title="bbox 271 196 1393 246; baseline 0.004 -14"><span class='ocrx_word' id='word_1_10' title='bbox 271 196 436 245; x_wconf 90' lang='lat' dir='ltr'>pandum</span> <span class='ocrx_word' id='word_1_11' title='bbox 466 196 618 240; x_wconf 87' lang='lat' dir='ltr'>saltum,</span> <span class='ocrx_word' id='word_1_12' title='bbox 642 209 710 246; x_wconf 86' lang='lat' dir='ltr'>per</span> <span class='ocrx_word' id='word_1_13' title='bbox 735 210 844 245; x_wconf 90' lang='lat' dir='ltr'>quem</span> <span class='ocrx_word' id='word_1_14' title='bbox 873 196 1055 232; x_wconf 76' lang='lat' dir='ltr'>transitus</span> <span class='ocrx_word' id='word_1_15' title='bbox 1080 196 1121 233; x_wconf 90' lang='lat' dir='ltr'>in</span> <span class='ocrx_word' id='word_1_16' title='bbox 1149 197 1393 236; x_wconf 88' lang='lat' dir='ltr'>Corinthium</span> 
     </span>
     <span class='ocr_line' id='line_1_5' title="bbox 272 261 1392 311; baseline 0.003 -15"><span class='ocrx_word' id='word_1_17' title='bbox 272 268 330 297; x_wconf 80' lang='lat' dir='ltr'>est</span> <span class='ocrx_word' id='word_1_18' title='bbox 355 275 500 310; x_wconf 85' lang='lat' dir='ltr'>agrum,</span> <span class='ocrx_word' id='word_1_19' title='bbox 522 270 610 297; x_wconf 89' lang='lat' dir='ltr'>ante</span> <span class='ocrx_word' id='word_1_20' title='bbox 640 262 749 310; x_wconf 80' lang='lat' dir='ltr'>signa</span> <span class='ocrx_word' id='word_1_21' title='bbox 779 261 968 310; x_wconf 82' lang='lat' dir='ltr'>equitibus</span> <span class='ocrx_word' id='word_1_22' title='bbox 999 268 1041 297; x_wconf 87' lang='lat' dir='ltr'>ut</span> <span class='ocrx_word' id='word_1_23' title='bbox 1066 263 1392 311; x_wconf 84' lang='lat' dir='ltr'>praegrederentur</span> 
     </span>
     <span class='ocr_line' id='line_1_6' title="bbox 269 325 1392 376; baseline 0.002 -15"><span class='ocrx_word' id='word_1_24' title='bbox 269 325 420 368; x_wconf 79' lang='lat' dir='ltr'>locatis,</span> <span class='ocrx_word' id='word_1_25' title='bbox 460 326 539 376; x_wconf 86' lang='lat' dir='ltr'>ipse</span> <span class='ocrx_word' id='word_1_26' title='bbox 586 326 787 362; x_wconf 72' lang='lat' dir='ltr'>confestim</span> <span class='ocrx_word' id='word_1_27' title='bbox 833 327 983 374; x_wconf 77' lang='lat' dir='ltr'>agmine</span> <span class='ocrx_word' id='word_1_28' title='bbox 1021 326 1160 376; x_wconf 85' lang='lat' dir='ltr'>duplici</span> <span class='ocrx_word' id='word_1_29' title='bbox 1209 328 1392 376; x_wconf 90' lang='lat' dir='ltr'>sequitur.</span> 
     </span>
     <span class='ocr_line' id='line_1_7' title="bbox 268 389 1393 427; baseline 0.001 -1"><span class='ocrx_word' id='word_1_30' title='bbox 268 389 384 426; x_wconf 88' lang='lat' dir='ltr'>Parte</span> <span class='ocrx_word' id='word_1_31' title='bbox 405 402 477 426; x_wconf 88' lang='lat' dir='ltr'>una</span> <span class='ocrx_word' id='word_1_32' title='bbox 499 390 721 425; x_wconf 82' lang='lat' dir='ltr'>mercenarii</span> <span class='ocrx_word' id='word_1_33' title='bbox 748 389 886 425; x_wconf 76' lang='lat' dir='ltr'>milites</span> <span class='ocrx_word' id='word_1_34' title='bbox 916 389 1023 426; x_wconf 83' lang='lat' dir='ltr'>ibant</span> <span class='ocrx_word' id='word_1_35' title='bbox 1053 403 1136 426; x_wconf 89' lang='lat' dir='ltr'>cum</span> <span class='ocrx_word' id='word_1_36' title='bbox 1167 390 1241 427; x_wconf 86' lang='lat' dir='ltr'>levi</span> <span class='ocrx_word' id='word_1_37' title='bbox 1269 403 1393 427; x_wconf 87' lang='lat' dir='ltr'>arma·-</span> 
     </span>
     <span class='ocr_line' id='line_1_8' title="bbox 269 454 1393 503; baseline 0.001 -13"><span class='ocrx_word' id='word_1_38' title='bbox 269 460 370 497; x_wconf 82' lang='lat' dir='ltr'>tura,</span> <span class='ocrx_word' id='word_1_39' title='bbox 392 454 510 490; x_wconf 91' lang='lat' dir='ltr'>altera</span> <span class='ocrx_word' id='word_1_40' title='bbox 531 454 697 503; x_wconf 80' lang='lat' dir='ltr'>clipeati,</span> <span class='ocrx_word' id='word_1_41' title='bbox 719 455 802 490; x_wconf 88' lang='lat' dir='ltr'>dein</span> <span class='ocrx_word' id='word_1_42' title='bbox 824 454 980 490; x_wconf 87' lang='lat' dir='ltr'>aliarum</span> <span class='ocrx_word' id='word_1_43' title='bbox 1003 456 1176 503; x_wconf 81' lang='lat' dir='ltr'>gentium</span> <span class='ocrx_word' id='word_1_44' title='bbox 1205 456 1393 492; x_wconf 81' lang='lat' dir='ltr'>exercitus</span> 
     </span>
     <span class='ocr_line' id='line_1_9' title="bbox 270 517 1393 569; baseline 0 -14"><span class='ocrx_word' id='word_1_45' title='bbox 270 518 388 555; x_wconf 87' lang='lat' dir='ltr'>robur</span> <span class='ocrx_word' id='word_1_46' title='bbox 408 525 499 554; x_wconf 86' lang='lat' dir='ltr'>erat.</span> <span class='ocrx_word' id='word_1_47' title='bbox 537 517 560 553; x_wconf 88' lang='lat' dir='ltr'>J</span> <span class='ocrx_word' id='word_1_48' title='bbox 565 530 624 553; x_wconf 89' lang='lat' dir='ltr'>am</span> <span class='ocrx_word' id='word_1_49' title='bbox 645 517 745 553; x_wconf 88' lang='lat' dir='ltr'>haud</span> <span class='ocrx_word' id='word_1_50' title='bbox 765 518 897 566; x_wconf 85' lang='lat' dir='ltr'>procul</span> <span class='ocrx_word' id='word_1_51' title='bbox 918 520 1048 554; x_wconf 82' lang='lat' dir='ltr'>castris</span> <span class='ocrx_word' id='word_1_52' title='bbox 1070 518 1227 555; x_wconf 89' lang='lat' dir='ltr'>aberant</span> <span class='ocrx_word' id='word_1_53' title='bbox 1248 519 1393 569; x_wconf 84' lang='lat' dir='ltr'>pedites</span> 
     </span>
     <span class='ocr_line' id='line_1_10' title="bbox 272 581 1394 632; baseline 0.001 -14"><span class='ocrx_word' id='word_1_54' title='bbox 272 581 507 631; x_wconf 83' lang='lat' dir='ltr'>equitesque,</span> <span class='ocrx_word' id='word_1_55' title='bbox 531 589 567 617; x_wconf 87' lang='lat' dir='ltr'>et</span> <span class='ocrx_word' id='word_1_56' title='bbox 586 581 779 617; x_wconf 74' lang='lat' dir='ltr'>Thracum</span> <span class='ocrx_word' id='word_1_57' title='bbox 800 581 951 629; x_wconf 83' lang='lat' dir='ltr'>quidam</span> <span class='ocrx_word' id='word_1_58' title='bbox 972 583 1010 618; x_wconf 87' lang='lat' dir='ltr'>in</span> <span class='ocrx_word' id='word_1_59' title='bbox 1031 596 1146 632; x_wconf 83' lang='lat' dir='ltr'>vagos</span> <span class='ocrx_word' id='word_1_60' title='bbox 1170 583 1394 632; x_wconf 82' lang='lat' dir='ltr'>palatosque</span> 
     </span>
     <span class='ocr_line' id='line_1_11' title="bbox 270 646 1395 697; baseline 0.001 -15"><span class='ocrx_word' id='word_1_61' title='bbox 270 659 338 696; x_wconf 84' lang='lat' dir='ltr'>per</span> <span class='ocrx_word' id='word_1_62' title='bbox 358 659 468 695; x_wconf 79' lang='lat' dir='ltr'>agros</span> <span class='ocrx_word' id='word_1_63' title='bbox 489 646 618 682; x_wconf 86' lang='lat' dir='ltr'>hostes</span> <span class='ocrx_word' id='word_1_64' title='bbox 636 646 806 695; x_wconf 86' lang='lat' dir='ltr'>inpetum</span> <span class='ocrx_word' id='word_1_65' title='bbox 826 646 1012 689; x_wconf 79' lang='lat' dir='ltr'>fecerunt,</span> <span class='ocrx_word' id='word_1_66' title='bbox 1029 660 1144 696; x_wconf 87' lang='lat' dir='ltr'>quum</span> <span class='ocrx_word' id='word_1_67' title='bbox 1165 660 1297 697; x_wconf 86' lang='lat' dir='ltr'>repens</span> <span class='ocrx_word' id='word_1_68' title='bbox 1318 655 1395 683; x_wconf 86' lang='lat' dir='ltr'>ter-</span> 
     </span>
     <span class='ocr_line' id='line_1_12' title="bbox 270 710 1394 760; baseline 0 -13"><span class='ocrx_word' id='word_1_69' title='bbox 270 723 335 747; x_wconf 85' lang='lat' dir='ltr'>ror</span> <span class='ocrx_word' id='word_1_70' title='bbox 362 711 494 747; x_wconf 88' lang='lat' dir='ltr'>castris</span> <span class='ocrx_word' id='word_1_71' title='bbox 525 710 696 746; x_wconf 86' lang='lat' dir='ltr'>infertur.</span> <span class='ocrx_word' id='word_1_72' title='bbox 753 710 960 760; x_wconf 80' lang='lat' dir='ltr'>Trepidare</span> <span class='ocrx_word' id='word_1_73' title='bbox 989 711 1080 753; x_wconf 81' lang='lat' dir='ltr'>dux,</span> <span class='ocrx_word' id='word_1_74' title='bbox 1102 716 1143 746; x_wconf 90' lang='lat' dir='ltr'>ut</span> <span class='ocrx_word' id='word_1_75' title='bbox 1172 712 1235 759; x_wconf 93' lang='lat' dir='ltr'>qui</span> <span class='ocrx_word' id='word_1_76' title='bbox 1264 711 1394 747; x_wconf 87' lang='lat' dir='ltr'>hostes</span> 
     </span>
     <span class='ocr_line' id='line_1_13' title="bbox 271 774 1395 825; baseline -0.001 -13"><span class='ocrx_word' id='word_1_77' title='bbox 271 788 473 825; x_wconf 83' lang='lat' dir='ltr'>nusquam,</span> <span class='ocrx_word' id='word_1_78' title='bbox 494 777 568 811; x_wconf 84' lang='lat' dir='ltr'>uisi</span> <span class='ocrx_word' id='word_1_79' title='bbox 588 788 673 811; x_wconf 84' lang='lat' dir='ltr'>raro</span> <span class='ocrx_word' id='word_1_80' title='bbox 703 775 740 810; x_wconf 85' lang='lat' dir='ltr'>in</span> <span class='ocrx_word' id='word_1_81' title='bbox 771 774 930 811; x_wconf 81' lang='lat' dir='ltr'>collibus</span> <span class='ocrx_word' id='word_1_82' title='bbox 962 782 1049 810; x_wconf 87' lang='lat' dir='ltr'>ante</span> <span class='ocrx_word' id='word_1_83' title='bbox 1080 775 1296 824; x_wconf 79' lang='lat' dir='ltr'>Sicyonem,</span> <span class='ocrx_word' id='word_1_84' title='bbox 1315 788 1395 811; x_wconf 89' lang='lat' dir='ltr'>non</span> 
     </span>
     <span class='ocr_line' id='line_1_14' title="bbox 272 839 1396 889; baseline -0.002 -12"><span class='ocrx_word' id='word_1_85' title='bbox 272 841 453 877; x_wconf 86' lang='lat' dir='ltr'>audentes</span> <span class='ocrx_word' id='word_1_86' title='bbox 485 853 620 889; x_wconf 84' lang='lat' dir='ltr'>agmen</span> <span class='ocrx_word' id='word_1_87' title='bbox 651 840 849 875; x_wconf 79' lang='lat' dir='ltr'>demittere</span> <span class='ocrx_word' id='word_1_88' title='bbox 880 840 917 874; x_wconf 89' lang='lat' dir='ltr'>in</span> <span class='ocrx_word' id='word_1_89' title='bbox 949 852 1116 889; x_wconf 86' lang='lat' dir='ltr'>campos,</span> <span class='ocrx_word' id='word_1_90' title='bbox 1138 839 1316 884; x_wconf 78' lang='lat' dir='ltr'>vidisset3</span> <span class='ocrx_word' id='word_1_91' title='bbox 1348 839 1396 875; x_wconf 85' lang='lat' dir='ltr'>ad</span> 
     </span>
     <span class='ocr_line' id='line_1_15' title="bbox 273 903 1389 952; baseline -0.001 -12"><span class='ocrx_word' id='word_1_92' title='bbox 273 904 436 940; x_wconf 78' lang='lat' dir='ltr'>Cleonas</span> <span class='ocrx_word' id='word_1_93' title='bbox 469 904 619 952; x_wconf 83' lang='lat' dir='ltr'>quidem</span> <span class='ocrx_word' id='word_1_94' title='bbox 657 916 873 939; x_wconf 86' lang='lat' dir='ltr'>accessuros</span> <span class='ocrx_word' id='word_1_95' title='bbox 909 916 1114 952; x_wconf 82' lang='lat' dir='ltr'>numquam</span> <span class='ocrx_word' id='word_1_96' title='bbox 1148 903 1389 940; x_wconf 84' lang='lat' dir='ltr'>credidisset:</span> 
     </span>
     <span class='ocr_line' id='line_1_16' title="bbox 269 967 1393 1017; baseline -0.002 -13"><span class='ocrx_word' id='word_1_97' title='bbox 269 969 439 1005; x_wconf 79' lang='lat' dir='ltr'>revocari</span> <span class='ocrx_word' id='word_1_98' title='bbox 469 968 564 1004; x_wconf 76' lang='lat' dir='ltr'>tuba</span> <span class='ocrx_word' id='word_1_99' title='bbox 585 967 699 1016; x_wconf 83' lang='lat' dir='ltr'>jubet</span> <span class='ocrx_word' id='word_1_100' title='bbox 720 980 834 1015; x_wconf 80' lang='lat' dir='ltr'>vagos</span> <span class='ocrx_word' id='word_1_101' title='bbox 857 981 875 1003; x_wconf 92' lang='lat' dir='ltr'>a</span> <span class='ocrx_word' id='word_1_102' title='bbox 898 968 1028 1003; x_wconf 76' lang='lat' dir='ltr'>castris</span> <span class='ocrx_word' id='word_1_103' title='bbox 1059 967 1234 1017; x_wconf 83' lang='lat' dir='ltr'>dilapsos.</span> <span class='ocrx_word' id='word_1_104' title='bbox 1292 967 1393 1017; x_wconf 88' lang='lat' dir='ltr'>lpse,</span> 
     </span>
     <span class='ocr_line' id='line_1_17' title="bbox 271 1030 1397 1082; baseline -0.002 -14"><span class='ocrx_word' id='word_1_105' title='bbox 271 1033 410 1082; x_wconf 87' lang='lat' dir='ltr'>raptim</span> <span class='ocrx_word' id='word_1_106' title='bbox 431 1045 565 1081; x_wconf 81' lang='lat' dir='ltr'>capere</span> <span class='ocrx_word' id='word_1_107' title='bbox 595 1044 699 1066; x_wconf 88' lang='lat' dir='ltr'>arma</span> <span class='ocrx_word' id='word_1_108' title='bbox 718 1030 836 1080; x_wconf 79' lang='lat' dir='ltr'>jussis</span> <span class='ocrx_word' id='word_1_109' title='bbox 858 1030 1056 1073; x_wconf 74' lang='lat' dir='ltr'>militibus,</span> <span class='ocrx_word' id='word_1_110' title='bbox 1078 1030 1308 1080; x_wconf 84' lang='lat' dir='ltr'>infrequenti</span> <span class='ocrx_word' id='word_1_111' title='bbox 1329 1043 1397 1080; x_wconf 88' lang='lat' dir='ltr'>ag-</span> 
     </span>
     <span class='ocr_line' id='line_1_18' title="bbox 272 1095 1395 1147; baseline -0.001 -13"><span class='ocrx_word' id='word_1_112' title='bbox 272 1098 374 1135; x_wconf 89' lang='lat' dir='ltr'>mine</span> <span class='ocrx_word' id='word_1_113' title='bbox 404 1104 516 1147; x_wconf 69' lang='lat' dir='ltr'>porta</span> <span class='ocrx_word' id='word_1_114' title='bbox 549 1108 735 1144; x_wconf 60' lang='lat' dir='ltr'>egressu-t,</span> <span class='ocrx_word' id='word_1_115' title='bbox 764 1108 875 1145; x_wconf 76' lang='lat' dir='ltr'>super</span> <span class='ocrx_word' id='word_1_116' title='bbox 905 1095 1043 1131; x_wconf 81' lang='lat' dir='ltr'>flumen</span> <span class='ocrx_word' id='word_1_117' title='bbox 1076 1096 1229 1131; x_wconf 91' lang='lat' dir='ltr'>instruit</span> <span class='ocrx_word' id='word_1_118' title='bbox 1262 1097 1395 1134; x_wconf 88' lang='lat' dir='ltr'>aciem.</span> 
     </span>
     <span class='ocr_line' id='line_1_19' title="bbox 275 1161 1393 1212; baseline 0.001 -14"><span class='ocrx_word' id='word_1_119' title='bbox 275 1162 421 1198; x_wconf 73' lang='lat' dir='ltr'>Ceterae</span> <span class='ocrx_word' id='word_1_120' title='bbox 453 1162 586 1211; x_wconf 83' lang='lat' dir='ltr'>copiae,</span> <span class='ocrx_word' id='word_1_121' title='bbox 611 1162 671 1196; x_wconf 86' lang='lat' dir='ltr'>vix</span> <span class='ocrx_word' id='word_1_122' title='bbox 701 1161 842 1210; x_wconf 80' lang='lat' dir='ltr'>conligi</span> <span class='ocrx_word' id='word_1_123' title='bbox 873 1170 984 1210; x_wconf 85' lang='lat' dir='ltr'>atque</span> <span class='ocrx_word' id='word_1_124' title='bbox 1016 1163 1149 1198; x_wconf 81' lang='lat' dir='ltr'>instrui</span> <span class='ocrx_word' id='word_1_125' title='bbox 1179 1176 1294 1211; x_wconf 88' lang='lat' dir='ltr'>quum</span> <span class='ocrx_word' id='word_1_126' title='bbox 1324 1176 1393 1212; x_wconf 85' lang='lat' dir='ltr'>po-</span> 
     </span>
     <span class='ocr_line' id='line_1_20' title="bbox 273 1227 1394 1276; baseline 0.001 -13"><span class='ocrx_word' id='word_1_127' title='bbox 273 1227 450 1268; x_wconf 79' lang='lat' dir='ltr'>tuissent,</span> <span class='ocrx_word' id='word_1_128' title='bbox 486 1227 647 1276; x_wconf 85' lang='lat' dir='ltr'>primum</span> <span class='ocrx_word' id='word_1_129' title='bbox 682 1227 850 1262; x_wconf 82' lang='lat' dir='ltr'>hostium</span> <span class='ocrx_word' id='word_1_130' title='bbox 890 1227 1059 1276; x_wconf 86' lang='lat' dir='ltr'>inpetum</span> <span class='ocrx_word' id='word_1_131' title='bbox 1098 1239 1174 1262; x_wconf 86' lang='lat' dir='ltr'>non</span> <span class='ocrx_word' id='word_1_132' title='bbox 1212 1227 1394 1264; x_wconf 84' lang='lat' dir='ltr'>tulerunt.</span> 
     </span>
     <span class='ocr_line' id='line_1_21' title="bbox 271 1290 1396 1341; baseline 0 -13"><span class='ocrx_word' id='word_1_133' title='bbox 271 1290 505 1328; x_wconf 64' lang='lat' dir='ltr'>Macedones</span> <span class='ocrx_word' id='word_1_134' title='bbox 526 1298 562 1325; x_wconf 87' lang='lat' dir='ltr'>et</span> <span class='ocrx_word' id='word_1_135' title='bbox 583 1291 745 1326; x_wconf 62' lang='lat' dir='ltr'>maxime</span> <span class='ocrx_word' id='word_1_136' title='bbox 773 1291 943 1325; x_wconf 88' lang='lat' dir='ltr'>omnium</span> <span class='ocrx_word' id='word_1_137' title='bbox 969 1290 1184 1338; x_wconf 82' lang='lat' dir='ltr'>frequentes</span> <span class='ocrx_word' id='word_1_138' title='bbox 1211 1290 1258 1327; x_wconf 87' lang='lat' dir='ltr'>ad</span> <span class='ocrx_word' id='word_1_139' title='bbox 1287 1292 1396 1341; x_wconf 83' lang='lat' dir='ltr'>signa</span> 
     </span>
     <span class='ocr_line' id='line_1_22' title="bbox 273 1354 1393 1404; baseline 0 -11"><span class='ocrx_word' id='word_1_140' title='bbox 273 1356 439 1397; x_wconf 82' lang='lat' dir='ltr'>fuerant,</span> <span class='ocrx_word' id='word_1_141' title='bbox 471 1362 509 1390; x_wconf 86' lang='lat' dir='ltr'>et</span> <span class='ocrx_word' id='word_1_142' title='bbox 538 1355 600 1390; x_wconf 86' lang='lat' dir='ltr'>diu</span> <span class='ocrx_word' id='word_1_143' title='bbox 631 1356 835 1404; x_wconf 81' lang='lat' dir='ltr'>ancipitem</span> <span class='ocrx_word' id='word_1_144' title='bbox 868 1355 1034 1390; x_wconf 63' lang='lat' dir='ltr'>victoria:</span> <span class='ocrx_word' id='word_1_145' title='bbox 1065 1366 1170 1404; x_wconf 87' lang='lat' dir='ltr'>spem</span> <span class='ocrx_word' id='word_1_146' title='bbox 1198 1354 1393 1393; x_wconf 88' lang='lat' dir='ltr'>fecerunt:</span> 
     </span>
     <span class='ocr_line' id='line_1_23' title="bbox 275 1419 1397 1472; baseline 0 -15"><span class='ocrx_word' id='word_1_147' title='bbox 275 1429 469 1472; x_wconf 83' lang='lat' dir='ltr'>postremo</span> <span class='ocrx_word' id='word_1_148' title='bbox 507 1420 597 1467; x_wconf 79' lang='lat' dir='ltr'>fuga</span> <span class='ocrx_word' id='word_1_149' title='bbox 635 1426 846 1455; x_wconf 82' lang='lat' dir='ltr'>ceterorum</span> <span class='ocrx_word' id='word_1_150' title='bbox 880 1419 1025 1461; x_wconf 81' lang='lat' dir='ltr'>nudati,</span> <span class='ocrx_word' id='word_1_151' title='bbox 1057 1432 1172 1467; x_wconf 84' lang='lat' dir='ltr'>quum</span> <span class='ocrx_word' id='word_1_152' title='bbox 1205 1420 1286 1455; x_wconf 84' lang='lat' dir='ltr'>duae</span> <span class='ocrx_word' id='word_1_153' title='bbox 1312 1419 1397 1471; x_wconf 86' lang='lat' dir='ltr'>jam</span> 
     </span>
     <span class='ocr_line' id='line_1_24' title="bbox 275 1483 1393 1529; baseline -0.001 -7"><span class='ocrx_word' id='word_1_154' title='bbox 275 1486 374 1524; x_wconf 78' lang='lat' dir='ltr'>acics</span> <span class='ocrx_word' id='word_1_155' title='bbox 396 1485 562 1520; x_wconf 72' lang='lat' dir='ltr'>hostium</span> <span class='ocrx_word' id='word_1_156' title='bbox 590 1497 633 1520; x_wconf 88' lang='lat' dir='ltr'>ex</span> <span class='ocrx_word' id='word_1_157' title='bbox 666 1484 827 1525; x_wconf 78' lang='lat' dir='ltr'>diverso,</span> <span class='ocrx_word' id='word_1_158' title='bbox 850 1483 941 1520; x_wconf 79' lang='lat' dir='ltr'>levis</span> <span class='ocrx_word' id='word_1_159' title='bbox 969 1490 1158 1519; x_wconf 85' lang='lat' dir='ltr'>armatura</span> <span class='ocrx_word' id='word_1_160' title='bbox 1186 1484 1233 1520; x_wconf 84' lang='lat' dir='ltr'>ab</span> <span class='ocrx_word' id='word_1_161' title='bbox 1262 1484 1393 1529; x_wconf 82' lang='lat' dir='ltr'>latere,</span> 
     </span>
     <span class='ocr_line' id='line_1_25' title="bbox 274 1549 1395 1600; baseline 0 -14"><span class='ocrx_word' id='word_1_162' title='bbox 274 1550 427 1600; x_wconf 76' lang='lat' dir='ltr'>clipeati</span> <span class='ocrx_word' id='word_1_163' title='bbox 449 1550 667 1597; x_wconf 67' lang='lat' dir='ltr'>caetratique</span> <span class='ocrx_word' id='word_1_164' title='bbox 688 1562 709 1585; x_wconf 86' lang='lat' dir='ltr'>a</span> <span class='ocrx_word' id='word_1_165' title='bbox 728 1549 855 1584; x_wconf 84' lang='lat' dir='ltr'>fronte</span> <span class='ocrx_word' id='word_1_166' title='bbox 877 1558 1076 1597; x_wconf 79' lang='lat' dir='ltr'>urgerent3</span> <span class='ocrx_word' id='word_1_167' title='bbox 1109 1554 1145 1583; x_wconf 87' lang='lat' dir='ltr'>et</span> <span class='ocrx_word' id='word_1_168' title='bbox 1164 1549 1249 1597; x_wconf 70' lang='lat' dir='ltr'>ipsi,</span> <span class='ocrx_word' id='word_1_169' title='bbox 1271 1562 1310 1585; x_wconf 85' lang='lat' dir='ltr'>re</span> <span class='ocrx_word' id='word_1_170' title='bbox 1336 1551 1395 1586; x_wconf 86' lang='lat' dir='ltr'>in-</span> 
     </span>
     <span class='ocr_line' id='line_1_26' title="bbox 277 1613 1397 1665; baseline 0 -14"><span class='ocrx_word' id='word_1_171' title='bbox 277 1614 431 1656; x_wconf 83' lang='lat' dir='ltr'>clinata,</span> <span class='ocrx_word' id='word_1_172' title='bbox 453 1615 576 1665; x_wconf 85' lang='lat' dir='ltr'>primo</span> <span class='ocrx_word' id='word_1_173' title='bbox 596 1613 756 1649; x_wconf 79' lang='lat' dir='ltr'>retulere</span> <span class='ocrx_word' id='word_1_174' title='bbox 776 1613 907 1662; x_wconf 84' lang='lat' dir='ltr'>pedem</span> <span class='ocrx_word' id='word_1_175' title='bbox 925 1628 931 1648; x_wconf 88' lang='lat'>:</span> <span class='ocrx_word' id='word_1_176' title='bbox 964 1613 1099 1649; x_wconf 68' lang='lat' dir='ltr'>deiude</span> <span class='ocrx_word' id='word_1_177' title='bbox 1129 1614 1264 1662; x_wconf 66' lang='lat' dir='ltr'>inpulsi</span> <span class='ocrx_word' id='word_1_178' title='bbox 1289 1622 1397 1664; x_wconf 86' lang='lat' dir='ltr'>terga</span> 
     </span>
     <span class='ocr_line' id='line_1_27' title="bbox 275 1677 1396 1728; baseline 0 -12"><span class='ocrx_word' id='word_1_179' title='bbox 275 1688 443 1721; x_wconf 54' lang='lat' dir='ltr'>vertunt,</span> <span class='ocrx_word' id='word_1_180' title='bbox 462 1686 498 1714; x_wconf 71' lang='lat' dir='ltr'>et</span> <span class='ocrx_word' id='word_1_181' title='bbox 519 1678 701 1728; x_wconf 67' lang='lat' dir='ltr'>plerique,</span> <span class='ocrx_word' id='word_1_182' title='bbox 719 1678 877 1728; x_wconf 80' lang='lat' dir='ltr'>abjectis</span> <span class='ocrx_word' id='word_1_183' title='bbox 899 1678 1026 1721; x_wconf 81' lang='lat' dir='ltr'>armis,</span> <span class='ocrx_word' id='word_1_184' title='bbox 1042 1677 1145 1714; x_wconf 87' lang='lat' dir='ltr'>nulla</span> <span class='ocrx_word' id='word_1_185' title='bbox 1166 1691 1230 1726; x_wconf 85' lang='lat' dir='ltr'>spe</span> <span class='ocrx_word' id='word_1_186' title='bbox 1251 1686 1396 1716; x_wconf 61' lang='lat' dir='ltr'>castro-</span> 
     </span>
     <span class='ocr_line' id='line_1_28' title="bbox 275 1743 1396 1790; baseline 0 -10"><span class='ocrx_word' id='word_1_187' title='bbox 275 1757 358 1783; x_wconf 81' lang='lat' dir='ltr'>rum</span> <span class='ocrx_word' id='word_1_188' title='bbox 381 1744 628 1781; x_wconf 69' lang='lat' dir='ltr'>tenend01·=.m</span> <span class='ocrx_word' id='word_1_189' title='bbox 650 1743 795 1785; x_wconf 84' lang='lat' dir='ltr'>relicta,</span> <span class='ocrx_word' id='word_1_190' title='bbox 819 1743 1046 1779; x_wconf 66' lang='lat' dir='ltr'>Corinthum</span> <span class='ocrx_word' id='word_1_191' title='bbox 1068 1744 1268 1790; x_wconf 80' lang='lat' dir='ltr'>petierunt.</span> <span class='ocrx_word' id='word_1_192' title='bbox 1324 1744 1396 1780; x_wconf 86' lang='lat' dir='ltr'>Ni-</span> 
     </span>
     <span class='ocr_line' id='line_1_29' title="bbox 276 1807 1396 1856; baseline 0 -11"><span class='ocrx_word' id='word_1_193' title='bbox 276 1817 480 1850; x_wconf 82' lang='lat' dir='ltr'>costratus,</span> <span class='ocrx_word' id='word_1_194' title='bbox 496 1808 734 1844; x_wconf 77' lang='lat' dir='ltr'>mercenariis</span> <span class='ocrx_word' id='word_1_195' title='bbox 752 1807 934 1842; x_wconf 62' lang='lat' dir='ltr'>militium</span> <span class='ocrx_word' id='word_1_196' title='bbox 952 1807 997 1842; x_wconf 83' lang='lat' dir='ltr'>ad</span> <span class='ocrx_word' id='word_1_197' title='bbox 1016 1807 1086 1843; x_wconf 67' lang='lat' dir='ltr'>hos</span> <span class='ocrx_word' id='word_1_198' title='bbox 1103 1808 1396 1856; x_wconf 64' lang='lat' dir='ltr'>persequendos²</span> 
     </span>
     <span class='ocr_line' id='line_1_30' title="bbox 274 1870 1396 1921; baseline -0.002 -12"><span class='ocrx_word' id='word_1_199' title='bbox 274 1872 467 1921; x_wconf 78' lang='lat' dir='ltr'>equitibus</span> <span class='ocrx_word' id='word_1_200' title='bbox 497 1871 765 1920; x_wconf 72' lang='lat' dir='ltr'>Thracumque</span> <span class='ocrx_word' id='word_1_201' title='bbox 797 1870 945 1907; x_wconf 76' lang='lat' dir='ltr'>auxiliis</span> <span class='ocrx_word' id='word_1_202' title='bbox 974 1871 1011 1905; x_wconf 91' lang='lat' dir='ltr'>in</span> <span class='ocrx_word' id='word_1_203' title='bbox 1042 1870 1285 1920; x_wconf 86' lang='lat' dir='ltr'>populatores</span> <span class='ocrx_word' id='word_1_204' title='bbox 1315 1873 1396 1920; x_wconf 86' lang='lat' dir='ltr'>agri</span> 
     </span>
     <span class='ocr_line' id='line_1_31' title="bbox 277 1937 1396 1986; baseline 0 -12"><span class='ocrx_word' id='word_1_205' title='bbox 277 1937 446 1986; x_wconf 78' lang='lat' dir='ltr'>Sicyonii</span> <span class='ocrx_word' id='word_1_206' title='bbox 468 1938 605 1981; x_wconf 71' lang='lat' dir='ltr'>missis,</span> <span class='ocrx_word' id='word_1_207' title='bbox 628 1950 804 1985; x_wconf 74' lang='lat' dir='ltr'>magnam</span> <span class='ocrx_word' id='word_1_208' title='bbox 827 1937 964 1985; x_wconf 83' lang='lat' dir='ltr'>ubique</span> <span class='ocrx_word' id='word_1_209' title='bbox 985 1937 1124 1972; x_wconf 66' lang='lat' dir='ltr'>caedem</span> <span class='ocrx_word' id='word_1_210' title='bbox 1145 1937 1283 1982; x_wconf 64' lang='lat' dir='ltr'>edidit,</span> <span class='ocrx_word' id='word_1_211' title='bbox 1317 1951 1396 1974; x_wconf 81' lang='lat' dir='ltr'>uia-</span> 
     </span>
     <span class='ocr_line' id='line_1_32' title="bbox 272 2000 1395 2053; baseline 0.001 -15"><span class='ocrx_word' id='word_1_212' title='bbox 272 2000 398 2053; x_wconf 76' lang='lat' dir='ltr'>jorem</span> <span class='ocrx_word' id='word_1_213' title='bbox 418 2015 550 2052; x_wconf 84' lang='lat' dir='ltr'>prope,</span> <span class='ocrx_word' id='word_1_214' title='bbox 573 2015 685 2050; x_wconf 78' lang='lat' dir='ltr'>quani</span> <span class='ocrx_word' id='word_1_215' title='bbox 705 2002 741 2037; x_wconf 88' lang='lat' dir='ltr'>in</span> <span class='ocrx_word' id='word_1_216' title='bbox 763 2000 899 2052; x_wconf 67' lang='lat' dir='ltr'>proelio</span> <span class='ocrx_word' id='word_1_217' title='bbox 922 2002 1013 2050; x_wconf 72' lang='lat' dir='ltr'>ipso.</span> <span class='ocrx_word' id='word_1_218' title='bbox 1072 2002 1132 2037; x_wconf 73' lang='lat' dir='ltr'>Ex</span> <span class='ocrx_word' id='word_1_219' title='bbox 1158 2002 1200 2037; x_wconf 89' lang='lat' dir='ltr'>iis</span> <span class='ocrx_word' id='word_1_220' title='bbox 1232 2016 1395 2051; x_wconf 88' lang='lat' dir='ltr'>quoque,</span> 
     </span>
     <span class='ocr_line' id='line_1_33' title="bbox 279 2066 1397 2116; baseline 0.002 -14"><span class='ocrx_word' id='word_1_221' title='bbox 279 2068 344 2116; x_wconf 82' lang='lat' dir='ltr'>qui</span> <span class='ocrx_word' id='word_1_222' title='bbox 369 2066 549 2102; x_wconf 72' lang='lat' dir='ltr'>Pellenen</span> <span class='ocrx_word' id='word_1_223' title='bbox 577 2067 830 2115; x_wconf 74' lang='lat' dir='ltr'>Phliuntaque</span> <span class='ocrx_word' id='word_1_224' title='bbox 862 2066 1080 2115; x_wconf 78' lang='lat' dir='ltr'>depopulati</span> <span class='ocrx_word' id='word_1_225' title='bbox 1108 2074 1228 2108; x_wconf 88' lang='lat' dir='ltr'>erant,</span> <span class='ocrx_word' id='word_1_226' title='bbox 1252 2069 1397 2104; x_wconf 84' lang='lat' dir='ltr'>incom-</span> 
     </span>
     <span class='ocr_line' id='line_1_34' title="bbox 278 2131 1398 2182; baseline 0.002 -16"><span class='ocrx_word' id='word_1_227' title='bbox 278 2132 393 2182; x_wconf 81' lang='lat' dir='ltr'>positi</span> <span class='ocrx_word' id='word_1_228' title='bbox 415 2133 551 2181; x_wconf 80' lang='lat' dir='ltr'>partim</span> <span class='ocrx_word' id='word_1_229' title='bbox 573 2132 817 2179; x_wconf 82' lang='lat' dir='ltr'>omniumque</span> <span class='ocrx_word' id='word_1_230' title='bbox 839 2132 974 2179; x_wconf 81' lang='lat' dir='ltr'>ignari,</span> <span class='ocrx_word' id='word_1_231' title='bbox 995 2131 1041 2167; x_wconf 81' lang='lat' dir='ltr'>ad</span> <span class='ocrx_word' id='word_1_232' title='bbox 1065 2140 1188 2167; x_wconf 76' lang='lat' dir='ltr'>castra</span> <span class='ocrx_word' id='word_1_233' title='bbox 1206 2139 1398 2169; x_wconf 83' lang='lat' dir='ltr'>reverten-</span> 
     </span>
     <span class='ocr_line' id='line_1_35' title="bbox 279 2195 1397 2245; baseline 0.003 -14"><span class='ocrx_word' id='word_1_234' title='bbox 279 2203 351 2238; x_wconf 79' lang='lat' dir='ltr'>teS,</span> <span class='ocrx_word' id='word_1_235' title='bbox 380 2196 417 2231; x_wconf 84' lang='lat' dir='ltr'>in</span> <span class='ocrx_word' id='word_1_236' title='bbox 448 2195 616 2232; x_wconf 84' lang='lat' dir='ltr'>hostium</span> <span class='ocrx_word' id='word_1_237' title='bbox 647 2196 846 2238; x_wconf 72' lang='lat' dir='ltr'>stationes,</span> <span class='ocrx_word' id='word_1_238' title='bbox 875 2202 1065 2245; x_wconf 82' lang='lat' dir='ltr'>tamquam</span> <span class='ocrx_word' id='word_1_239' title='bbox 1098 2196 1136 2232; x_wconf 85' lang='lat' dir='ltr'>in</span> <span class='ocrx_word' id='word_1_240' title='bbox 1166 2208 1265 2239; x_wconf 85' lang='lat' dir='ltr'>suas,</span> <span class='ocrx_word' id='word_1_241' title='bbox 1288 2196 1397 2235; x_wconf 85' lang='lat' dir='ltr'>inlati</span> 
     </span>
     <span class='ocr_line' id='line_1_36' title="bbox 282 2260 1400 2314; baseline 0.002 -17"><span class='ocrx_word' id='word_1_242' title='bbox 282 2265 396 2308; x_wconf 72' lang='lat' dir='ltr'>sunt5</span> <span class='ocrx_word' id='word_1_243' title='bbox 428 2261 567 2314; x_wconf 87' lang='lat' dir='ltr'>partim</span> <span class='ocrx_word' id='word_1_244' title='bbox 595 2273 641 2297; x_wconf 86' lang='lat' dir='ltr'>ex</span> <span class='ocrx_word' id='word_1_245' title='bbox 670 2260 838 2297; x_wconf 84' lang='lat' dir='ltr'>discursu</span> <span class='ocrx_word' id='word_1_246' title='bbox 866 2260 916 2304; x_wconf 88' lang='lat' dir='ltr'>id,</span> <span class='ocrx_word' id='word_1_247' title='bbox 948 2260 1049 2310; x_wconf 79' lang='lat' dir='ltr'>quod</span> <span class='ocrx_word' id='word_1_248' title='bbox 1079 2266 1172 2304; x_wconf 85' lang='lat' dir='ltr'>erat,</span> <span class='ocrx_word' id='word_1_249' title='bbox 1203 2261 1400 2313; x_wconf 81' lang='lat' dir='ltr'>suspicati,</span> 
     </span>
    </p>
   </div>
   <div class='ocr_carea' id='block_1_4' title="bbox 1451 0 1523 1997">
    <p class='ocr_par' dir='ltr' id='par_1_4' title="bbox 1451 0 1523 1997">
     <span class='ocr_line' id='line_1_37' title="bbox 1451 0 1523 1997; baseline 0 0"><span class='ocrx_word' id='word_1_250' title='bbox 1451 0 1523 1997; x_wconf 95' lang='lat' dir='ltr'> </span> 
     </span>
    </p>
   </div>
  </div>
 </body>
</html>
