1523 2666
283 142 367 197 308
741 152 787 182 T.
812 152 947 183 L1v11

223 254 395 290 maleque
427 241 529 278 homo
565 242 751 290 quisquam
783 245 990 290 superesset,
1016 242 1094 289 quis
1123 241 1260 284 durius,
1291 253 1400 289 quam

219 298 274 323 ⁰⁰·
280 320 352 356 pro
371 309 498 344 merito
523 309 695 356 ipsorum,
714 312 890 344 statutum
915 308 1101 354 indignari
1122 308 1275 355 posset?
1305 307 1399 343 Plu-

285 384 340 408 res
355 373 494 409 sibimet
520 374 590 421 ipsi
611 374 824 409 conscientia
845 373 1019 408 scelerum
1047 376 1200 408 mortem
1227 373 1403 408 conscive-

284 441 384 480 runt,
405 449 513 485 quam
537 450 561 472 α
581 437 678 473 nobis
695 438 869 485 supplicio
894 435 1034 485 adfecti
1048 440 1142 472 sunt.
1200 435 1332 472 Ceteris
1349 436 1405 471 ita

284 502 469 549 oppidum,
491 502 543 537 ita
568 513 671 548 agros
699 502 911 543 ademimus,
931 505 972 536 ut
997 512 1126 548 agrum
1153 500 1338 548 locumque
1355 498 1406 534 ad

287 565 521 601 habitandum
555 566 745 609 daremus,-
789 565 910 601 urbem
936 567 1119 601 innoxiam
1144 569 1241 600 stare
1265 563 1405 600 incolu-

285 641 378 665 mem
405 635 636 677 paterenzur3
668 635 724 673 ut,
759 631 820 678 qui
854 629 959 665 hodie
987 630 1109 665 videat
1141 641 1234 672 eam,
1265 628 1408 664 nullum

286 694 498 743 obpugnatoe
530 701 686 744 captceve
712 695 761 730 ibi
788 694 977 742 vestigium
1004 694 1172 729 inveniat.
1230 691 1302 727 Sed
1321 691 1408 738 quid

285 770 350 805 ego
372 759 534 807 Capuam
563 761 676 796 dico?
705 771 812 808 quum
842 757 1065 804 Karthagini
1095 758 1198 792 victae
1219 766 1346 803 pacem
1365 765 1410 791 ac

286 822 487 860 libertatem
514 825 723 861 dederimus.
780 824 905 871 Magis
925 824 1016 859 illud
1040 827 1090 858 est
1114 821 1328 870 periculum,
1347 831 1406 863 ne,

283 889 392 924 nimis
411 888 532 930 facile
557 891 660 925 victis
679 889 904 927 ignoscendo.
932 888 1056 928 plures
1082 887 1123 915 nl>
1148 887 1187 916 {cl
1219 886 1335 928 ipsum
1360 884 1410 919 ad

283 945 538 994 experiendam
575 945 741 980 adversus
775 956 839 981 nos
863 944 1062 993 fortunam
1092 945 1174 980 belli
1210 946 1408 982 incitemus.

285 1011 376 1047 Haec
396 1023 467 1060 pro
495 1010 593 1046 nobis
625 1011 724 1046 dicta
751 1011 838 1053 sint,
872 1010 946 1046 lzaec
973 1011 1140 1046 adversus
1166 1010 1410 1058 Philippum:

286 1074 388 1122 cujus
412 1076 603 1111 domestica
631 1075 848 1123 parricidia,
873 1080 908 1111 et
931 1079 1165 1124 cognatorum
1190 1076 1408 1111 amicorum-

286 1152 356 1189 que
384 1141 506 1182 caedes,
541 1144 576 1175 et
610 1139 793 1176 libidinem
829 1139 1116 1176 inhumaniorem
1139 1151 1265 1188 prope,
1299 1151 1409 1189 quam

286 1206 551 1248 crudelitatem,
573 1218 644 1249 vos,
667 1218 735 1255 quo
757 1208 946 1255 propiores
970 1206 1194 1243 Macedoniae
1216 1205 1310 1247 estis,
1331 1215 1408 1240 me-

287 1271 358 1308 lius
376 1273 495 1308 nostis.
554 1272 659 1313 Quod
676 1273 725 1308 acl
740 1285 801 1308 vos
820 1274 974 1315 adtinet,
990 1272 1128 1315 AEtoli,
1149 1283 1213 1307 nos
1229 1283 1297 1318 pro
1312 1269 1407 1306 vobis

287 1335 418 1372 bellum
440 1338 656 1384 suscepimus
681 1338 850 1373 adversus
876 1338 1111 1386 Philippum:
1137 1349 1198 1373 vos
1216 1337 1291 1372 sine
1309 1335 1410 1371 nobis

287 1411 367 1436 cum
387 1411 426 1436 eo
446 1412 573 1449 pacem
583 1400 739 1449 fecistis.
796 1401 849 1438 Et
863 1401 1030 1450 forsitan
1056 1402 1198 1444 dicatis,
1220 1401 1309 1436 bello
1329 1399 1408 1436 Pu-

285 1466 366 1502 nico
384 1466 566 1513 occupatis
583 1466 695 1508 nobis,
716 1471 856 1503 coactos
876 1472 972 1503 metu
991 1479 1051 1503 vos
1071 1467 1162 1514 leges
1173 1467 1275 1514 pacis
1295 1464 1338 1502 ab
1351 1476 1406 1509 eo,

284 1532 348 1579 qui
366 1535 443 1567 tum
454 1531 539 1579 plus
555 1535 715 1579 poterat,
737 1534 911 1580 accepisse
927 1549 940 1569 .·
959 1537 995 1569 et
1009 1544 1085 1575 7²08,
1107 1543 1214 1580 quum
1233 1532 1311 1567 alia
1326 1544 1406 1567 ma-

274 1605 366 1640 jora
389 1600 570 1643 urgerent,
602 1597 801 1644 depositum
828 1610 850 1632 a
874 1598 974 1634 vobis
993 1597 1123 1633 bellum
1143 1602 1178 1632 et
1198 1597 1266 1644 ipsi
1285 1597 1407 1632 omisi·

281 1670 372 1696 mus.
428 1659 536 1695 Nunc
554 1664 589 1695 et
611 1672 687 1703 7203,
705 1659 829 1697 Dedm
850 1661 1070 1708 benignitate
1090 1661 1230 1696 Punico
1246 1659 1407 1709 perfecto

283 1721 389 1765 bello,
411 1725 494 1759 totis
511 1724 645 1761 viribus
670 1727 797 1762 nostris
823 1727 861 1761 in
885 1726 1141 1762 Macedoniam
1159 1725 1406 1761 incubuimus:

284 1790 321 1823 et
339 1787 435 1823 vobis
451 1789 663 1824 restituendi
681 1801 741 1825 vos
760 1791 795 1825 in
816 1790 1017 1826 amicitiam
1034 1789 1308 1836 societatemque
1326 1801 1407 1824 nos-

284 1855 380 1887 tram
405 1851 569 1900 fortuna
600 1854 723 1890 oblata
755 1859 830 1897 est,-
859 1855 928 1890 nisi
957 1855 1076 1902 perire
1102 1865 1182 1889 cum
1215 1853 1402 1902 Philippo,

283 1927 391 1964 quam
408 1916 549 1953 vincere
563 1929 643 1954 cum
664 1917 852 1961 Romanis,
873 1919 1056 1954 mavultis.

335 1978 518 2018 XXXII.
548 1980 644 2018 Haec
665 1981 767 2019 dicta
785 1981 832 2018 ab
853 1981 1034 2019 Romano
1048 1993 1163 2030 quum
1182 1986 1322 2025 essent,
1343 1980 1402 2017 in-

86 2036 432 2097 Damoqfiticfinaffis
463 2045 635 2082 omnium
664 2045 799 2083 animis
833 2046 882 2083 ad
912 2046 1126 2089 Romanos,
1157 2044 1404 2081 Damocritus

81 2087 269 2155 ῗὲῗῗῗέέζω
282 2112 425 2157 praetor
452 2108 694 2153 AEtolorum,
725 2111 902 2161 pecunia,
942 2118 985 2147 ut
1012 2111 1114 2147 fama
1144 2116 1214 2153 est,
1245 2108 1292 2146 ab
1319 2122 1408 2158 rege

85 2168 253 2198 sententia.
283 2177 453 2222 accepta,
473 2173 570 2209 nihil
598 2179 664 2210 aut
690 2175 778 2210 huic
798 2181 865 2211 aut
887 2174 943 2210 illi
964 2175 1066 2225 parti
1095 2174 1290 2216 adsensus,
1312 2173 1405 2210 Rem

281 2238 405 2286 ‘magni
425 2238 640 2277 discriminis
668 2242 825 2278 consiliis
852 2242 992 2277 nullam
1019 2252 1090 2277 esse
1112 2245 1188 2276 tam
1207 2240 1404 2282 inimicam,

282 2313 390 2350 qnam
418 2303 652 2349 celeritatem,
681 2304 791 2343 dixit.
848 2305 1008 2343 Celerem
1029 2306 1122 2342 enim
1140 2303 1402 2354 poenitentiam,

91 247 182 278 U„C.
200 255 216 279 5

91 291 183 323 A.C.
199 298 217 323 2
