<?xml version="1.0" encoding="UTF-8"?>
<!DOCTYPE html PUBLIC "-//W3C//DTD XHTML 1.0 Transitional//EN"
    "http://www.w3.org/TR/xhtml1/DTD/xhtml1-transitional.dtd">
<html xmlns="http://www.w3.org/1999/xhtml" xml:lang="en" lang="en">
 <head>
  <title>
</title>
<meta http-equiv="Content-Type" content="text/html;charset=utf-8" />
  <meta name='ocr-system' content='tesseract 3.04.00' />
  <meta name='ocr-capabilities' content='ocr_page ocr_carea ocr_par ocr_line ocrx_word'/>
</head>
<body>
  <div class='ocr_page' id='page_1' title='image "./historiarumquaes03livyuoft/historiarumquaes03livyuoft_0581.png"; bbox 0 0 1507 2656; ppageno 0'>
   <div class='ocr_carea' id='block_1_1' title="bbox 377 174 1225 228">
    <p class='ocr_par' dir='ltr' id='par_1_1' title="bbox 377 174 1225 228">
     <span class='ocr_line' id='line_1_1' title="bbox 377 174 1225 228; baseline 0 -14"><span class='ocrx_word' id='word_1_1' title='bbox 377 186 530 214; x_wconf 69' lang='lat' dir='ltr'>mmm</span> <span class='ocrx_word' id='word_1_2' title='bbox 559 184 738 214; x_wconf 75' lang='lat' dir='ltr'>xxxw.</span> <span class='ocrx_word' id='word_1_3' title='bbox 770 185 875 212; x_wconf 79' lang='lat' dir='ltr'><strong>CAP.</strong></span> <span class='ocrx_word' id='word_1_4' title='bbox 900 185 969 212; x_wconf 74' lang='lat' dir='ltr'>rx.</span> <span class='ocrx_word' id='word_1_5' title='bbox 1143 174 1225 228; x_wconf 83' lang='lat'>569</span> 
     </span>
    </p>
   </div>
   <div class='ocr_carea' id='block_1_2' title="bbox 105 273 1422 1934">
    <p class='ocr_par' dir='ltr' id='par_1_2' title="bbox 105 273 1422 1934">
     <span class='ocr_line' id='line_1_2' title="bbox 122 273 1422 325; baseline -0.002 -13"><span class='ocrx_word' id='word_1_6' title='bbox 122 285 192 319; x_wconf 75' lang='lat' dir='ltr'>tes,</span> <span class='ocrx_word' id='word_1_7' title='bbox 214 283 268 320; x_wconf 83' lang='lat' dir='ltr'>ut,</span> <span class='ocrx_word' id='word_1_8' title='bbox 293 283 440 312; x_wconf 89' lang='lat' dir='ltr'>remoto</span> <span class='ocrx_word' id='word_1_9' title='bbox 466 275 647 318; x_wconf 82' lang='lat' dir='ltr'>exercitu,</span> <span class='ocrx_word' id='word_1_10' title='bbox 672 287 738 325; x_wconf 88' lang='lat' dir='ltr'>per</span> <span class='ocrx_word' id='word_1_11' title='bbox 763 273 926 322; x_wconf 82' lang='lat' dir='ltr'>legatOS,</span> <span class='ocrx_word' id='word_1_12' title='bbox 953 274 982 310; x_wconf 90' lang='lat' dir='ltr'>si</span> <span class='ocrx_word' id='word_1_13' title='bbox 1004 274 1092 323; x_wconf 88' lang='lat' dir='ltr'>quid</span> <span class='ocrx_word' id='word_1_14' title='bbox 1119 275 1151 310; x_wconf 90' lang='lat' dir='ltr'>ei</span> <span class='ocrx_word' id='word_1_15' title='bbox 1173 275 1226 310; x_wconf 84' lang='lat' dir='ltr'>vi·</span> <span class='ocrx_word' id='word_1_16' title='bbox 1243 283 1283 313; x_wconf 79' lang='lat' dir='ltr'>U.</span> <span class='ocrx_word' id='word_1_17' title='bbox 1299 282 1334 313; x_wconf 87' lang='lat' dir='ltr'>C.</span> <span class='ocrx_word' id='word_1_18' title='bbox 1350 288 1422 313; x_wconf 74' lang='lat'>561.</span> 
     </span>
     <span class='ocr_line' id='line_1_3' title="bbox 116 326 1421 391; baseline -0.002 -14"><span class='ocrx_word' id='word_1_19' title='bbox 116 341 281 385; x_wconf 80' lang='lat' dir='ltr'>deretur,</span> <span class='ocrx_word' id='word_1_20' title='bbox 302 353 429 377; x_wconf 87' lang='lat' dir='ltr'>secum</span> <span class='ocrx_word' id='word_1_21' title='bbox 449 340 690 391; x_wconf 82' lang='lat' dir='ltr'><strong>disceptaret.</strong></span> <span class='ocrx_word' id='word_1_22' title='bbox 745 339 893 375; x_wconf 88' lang='lat' dir='ltr'>Eodem</span> <span class='ocrx_word' id='word_1_23' title='bbox 920 345 1090 390; x_wconf 89' lang='lat' dir='ltr'>tempore</span> <span class='ocrx_word' id='word_1_24' title='bbox 1117 340 1227 388; x_wconf 87' lang='lat' dir='ltr'>quin·</span> <span class='ocrx_word' id='word_1_25' title='bbox 1241 327 1280 356; x_wconf 76' lang='grc' dir='ltr'>Α·</span> <span class='ocrx_word' id='word_1_26' title='bbox 1294 326 1329 355; x_wconf 80' lang='lat' dir='ltr'>C·</span> <span class='ocrx_word' id='word_1_27' title='bbox 1350 333 1421 358; x_wconf 76' lang='lat'>¹9¹·</span> 
     </span>
     <span class='ocr_line' id='line_1_4' title="bbox 115 403 1227 455; baseline -0.003 -13"><span class='ocrx_word' id='word_1_28' title='bbox 115 412 250 454; x_wconf 84' lang='lat' dir='ltr'>gentos</span> <span class='ocrx_word' id='word_1_29' title='bbox 271 412 451 449; x_wconf 71' lang='lat' dir='ltr'>armat08‚</span> <span class='ocrx_word' id='word_1_30' title='bbox 472 405 566 441; x_wconf 84' lang='lat' dir='ltr'>duce</span> <span class='ocrx_word' id='word_1_31' title='bbox 586 403 848 455; x_wconf 86' lang='lat' dir='ltr'>Hippolocho,</span> <span class='ocrx_word' id='word_1_32' title='bbox 870 403 1011 439; x_wconf 85' lang='lat' dir='ltr'><strong>Pheras</strong></span> <span class='ocrx_word' id='word_1_33' title='bbox 1038 404 1077 439; x_wconf 91' lang='lat' dir='ltr'>in</span> <span class='ocrx_word' id='word_1_34' title='bbox 1097 403 1227 453; x_wconf 78' lang='lat' dir='ltr'>praesi-</span> 
     </span>
     <span class='ocr_line' id='line_1_5' title="bbox 115 467 1228 519; baseline -0.001 -13"><span class='ocrx_word' id='word_1_35' title='bbox 115 470 218 506; x_wconf 84' lang='lat' dir='ltr'>dium</span> <span class='ocrx_word' id='word_1_36' title='bbox 237 471 442 506; x_wconf 88' lang='lat' dir='ltr'>miserunt:</span> <span class='ocrx_word' id='word_1_37' title='bbox 469 469 522 512; x_wconf 84' lang='lat' dir='ltr'>hi,</span> <span class='ocrx_word' id='word_1_38' title='bbox 545 468 687 505; x_wconf 85' lang='lat' dir='ltr'>exclusi</span> <span class='ocrx_word' id='word_1_39' title='bbox 707 469 826 511; x_wconf 88' lang='lat' dir='ltr'>aditu,</span> <span class='ocrx_word' id='word_1_40' title='bbox 841 467 923 519; x_wconf 80' lang='lat' dir='ltr'>jam</span> <span class='ocrx_word' id='word_1_41' title='bbox 943 469 1073 504; x_wconf 86' lang='lat' dir='ltr'>omnia</span> <span class='ocrx_word' id='word_1_42' title='bbox 1091 469 1228 505; x_wconf 84' lang='lat' dir='ltr'>itinera</span> 
     </span>
     <span class='ocr_line' id='line_1_6' title="bbox 115 533 1227 584; baseline 0 -15"><span class='ocrx_word' id='word_1_43' title='bbox 115 533 376 571; x_wconf 85' lang='lat' dir='ltr'>obsidentibus</span> <span class='ocrx_word' id='word_1_44' title='bbox 402 534 530 584; x_wconf 81' lang='lat' dir='ltr'>regiiS‚</span> <span class='ocrx_word' id='word_1_45' title='bbox 552 534 771 570; x_wconf 85' lang='lat' dir='ltr'>Scotussam</span> <span class='ocrx_word' id='word_1_46' title='bbox 799 546 838 570; x_wconf 89' lang='lat' dir='ltr'>se</span> <span class='ocrx_word' id='word_1_47' title='bbox 860 539 1095 583; x_wconf 89' lang='lat' dir='ltr'>receperunt.</span> <span class='ocrx_word' id='word_1_48' title='bbox 1151 533 1227 569; x_wconf 90' lang='lat' dir='ltr'>Le-</span> 
     </span>
     <span class='ocr_line' id='line_1_7' title="bbox 113 597 1227 648; baseline 0 -15"><span class='ocrx_word' id='word_1_49' title='bbox 113 598 211 646; x_wconf 85' lang='lat' dir='ltr'>gatis</span> <span class='ocrx_word' id='word_1_50' title='bbox 248 597 522 634; x_wconf 87' lang='lat' dir='ltr'>Larissaeorum</span> <span class='ocrx_word' id='word_1_51' title='bbox 556 611 621 635; x_wconf 85' lang='lat' dir='ltr'>rex</span> <span class='ocrx_word' id='word_1_52' title='bbox 659 597 864 635; x_wconf 81' lang='lat' dir='ltr'>clementer</span> <span class='ocrx_word' id='word_1_53' title='bbox 895 597 1105 648; x_wconf 86' lang='lat' dir='ltr'>respondit,</span> <span class='ocrx_word' id='word_1_54' title='bbox 1145 599 1227 634; x_wconf 80' lang='lat' dir='ltr'>Non</span> 
     </span>
     <span class='ocr_line' id='line_1_8' title="bbox 113 662 1226 711; baseline -0.002 -12"><span class='ocrx_word' id='word_1_55' title='bbox 113 663 194 699; x_wconf 76' lang='lat' dir='ltr'>belli</span> <span class='ocrx_word' id='word_1_56' title='bbox 201 662 383 711; x_wconf 76' lang='lat' dir='ltr'>faciendi,</span> <span class='ocrx_word' id='word_1_57' title='bbox 399 663 461 699; x_wconf 83' lang='lat' dir='ltr'>sed</span> <span class='ocrx_word' id='word_1_58' title='bbox 481 664 621 699; x_wconf 64' lang='lat' dir='ltr'>tuenda²</span> <span class='ocrx_word' id='word_1_59' title='bbox 636 667 672 699; x_wconf 85' lang='lat' dir='ltr'>et</span> <span class='ocrx_word' id='word_1_60' title='bbox 686 662 908 698; x_wconf 66' lang='lat' dir='ltr'>stabiliendae</span> <span class='ocrx_word' id='word_1_61' title='bbox 923 663 1098 698; x_wconf 73' lang='lat' dir='ltr'>libertatis</span> <span class='ocrx_word' id='word_1_62' title='bbox 1119 662 1226 698; x_wconf 80' lang='lat' dir='ltr'>Thes-</span> 
     </span>
     <span class='ocr_line' id='line_1_9' title="bbox 111 725 1226 771; baseline -0.002 -8"><span class='ocrx_word' id='word_1_63' title='bbox 111 729 270 764; x_wconf 78' lang='lat' dir='ltr'>salorum</span> <span class='ocrx_word' id='word_1_64' title='bbox 298 740 435 771; x_wconf 82' lang='lat' dir='ltr'>caussa,</span> <span class='ocrx_word' id='word_1_65' title='bbox 455 740 491 764; x_wconf 89' lang='lat' dir='ltr'>se</span> <span class='ocrx_word' id='word_1_66' title='bbox 527 727 745 764; x_wconf 79' lang='lat' dir='ltr'>Thessaliam</span> <span class='ocrx_word' id='word_1_67' title='bbox 774 728 936 763; x_wconf 75' lang='lat' dir='ltr'>intrasse,</span> <span class='ocrx_word' id='word_1_68' title='bbox 994 725 1139 762; x_wconf 85' lang='lat' dir='ltr'>Similia</span> <span class='ocrx_word' id='word_1_69' title='bbox 1167 726 1226 761; x_wconf 88' lang='lat' dir='ltr'>his</span> 
     </span>
     <span class='ocr_line' id='line_1_10' title="bbox 114 788 1226 841; baseline -0.002 -14"><span class='ocrx_word' id='word_1_70' title='bbox 114 791 177 840; x_wconf 91' lang='lat' dir='ltr'>qui</span> <span class='ocrx_word' id='word_1_71' title='bbox 198 804 283 827; x_wconf 86' lang='lat' dir='ltr'>cum</span> <span class='ocrx_word' id='word_1_72' title='bbox 303 791 468 828; x_wconf 86' lang='lat' dir='ltr'>Pheraeis</span> <span class='ocrx_word' id='word_1_73' title='bbox 489 798 632 841; x_wconf 85' lang='lat' dir='ltr'>ageret,</span> <span class='ocrx_word' id='word_1_74' title='bbox 653 791 787 827; x_wconf 85' lang='lat' dir='ltr'>missus</span> <span class='ocrx_word' id='word_1_75' title='bbox 807 805 815 826; x_wconf 91' lang='lat'>:</span> <span class='ocrx_word' id='word_1_76' title='bbox 849 790 909 826; x_wconf 89' lang='lat' dir='ltr'>cui</span> <span class='ocrx_word' id='word_1_77' title='bbox 928 788 1034 826; x_wconf 92' lang='lat' dir='ltr'>nullo</span> <span class='ocrx_word' id='word_1_78' title='bbox 1055 790 1144 826; x_wconf 87' lang='lat' dir='ltr'>dato</span> <span class='ocrx_word' id='word_1_79' title='bbox 1168 803 1226 826; x_wconf 90' lang='lat' dir='ltr'>re-</span> 
     </span>
     <span class='ocr_line' id='line_1_11' title="bbox 112 854 1226 907; baseline -0.003 -15"><span class='ocrx_word' id='word_1_80' title='bbox 112 868 267 906; x_wconf 85' lang='lat' dir='ltr'>sponso,</span> <span class='ocrx_word' id='word_1_81' title='bbox 296 856 444 893; x_wconf 88' lang='lat' dir='ltr'>Pheraei</span> <span class='ocrx_word' id='word_1_82' title='bbox 471 857 543 907; x_wconf 86' lang='lat' dir='ltr'>ipsi</span> <span class='ocrx_word' id='word_1_83' title='bbox 574 856 741 905; x_wconf 87' lang='lat' dir='ltr'>legatum</span> <span class='ocrx_word' id='word_1_84' title='bbox 771 855 815 891; x_wconf 92' lang='lat' dir='ltr'>ad</span> <span class='ocrx_word' id='word_1_85' title='bbox 846 867 989 903; x_wconf 84' lang='lat' dir='ltr'>regem,</span> <span class='ocrx_word' id='word_1_86' title='bbox 1016 854 1226 904; x_wconf 86' lang='lat' dir='ltr'>principem</span> 
     </span>
     <span class='ocr_line' id='line_1_12' title="bbox 112 917 1226 968; baseline -0.002 -13"><span class='ocrx_word' id='word_1_87' title='bbox 112 919 275 956; x_wconf 83' lang='lat' dir='ltr'>civitatis</span> <span class='ocrx_word' id='word_1_88' title='bbox 296 919 541 963; x_wconf 86' lang='lat' dir='ltr'>Pausaniam,</span> <span class='ocrx_word' id='word_1_89' title='bbox 564 921 760 956; x_wconf 89' lang='lat' dir='ltr'>miserunt.</span> <span class='ocrx_word' id='word_1_90' title='bbox 798 918 876 958; x_wconf 83' lang='lat' dir='ltr'>Qui</span> <span class='ocrx_word' id='word_1_91' title='bbox 896 930 1012 968; x_wconf 90' lang='lat' dir='ltr'>quum</span> <span class='ocrx_word' id='word_1_92' title='bbox 1030 917 1131 954; x_wconf 83' lang='lat' dir='ltr'>hand</span> <span class='ocrx_word' id='word_1_93' title='bbox 1151 918 1226 954; x_wconf 86' lang='lat' dir='ltr'>dis·</span> 
     </span>
     <span class='ocr_line' id='line_1_13' title="bbox 113 981 1226 1034; baseline -0.002 -15"><span class='ocrx_word' id='word_1_94' title='bbox 113 983 250 1020; x_wconf 86' lang='lat' dir='ltr'>similia</span> <span class='ocrx_word' id='word_1_95' title='bbox 269 984 342 1028; x_wconf 88' lang='lat' dir='ltr'>his,</span> <span class='ocrx_word' id='word_1_96' title='bbox 364 991 407 1020; x_wconf 93' lang='lat' dir='ltr'>ut</span> <span class='ocrx_word' id='word_1_97' title='bbox 426 984 465 1020; x_wconf 89' lang='lat' dir='ltr'>in</span> <span class='ocrx_word' id='word_1_98' title='bbox 485 996 617 1020; x_wconf 82' lang='lat' dir='ltr'>caussa</span> <span class='ocrx_word' id='word_1_99' title='bbox 639 983 735 1034; x_wconf 90' lang='lat' dir='ltr'>pari,</span> <span class='ocrx_word' id='word_1_100' title='bbox 757 996 840 1032; x_wconf 82' lang='lat' dir='ltr'>quae</span> <span class='ocrx_word' id='word_1_101' title='bbox 868 995 938 1033; x_wconf 88' lang='lat' dir='ltr'>pro</span> <span class='ocrx_word' id='word_1_102' title='bbox 966 981 1226 1018; x_wconf 84' lang='lat' dir='ltr'>Chalcidensi-</span> 
     </span>
     <span class='ocr_line' id='line_1_14' title="bbox 111 1047 1226 1098; baseline -0.002 -14"><span class='ocrx_word' id='word_1_103' title='bbox 111 1047 180 1084; x_wconf 92' lang='lat' dir='ltr'>bus</span> <span class='ocrx_word' id='word_1_104' title='bbox 202 1048 239 1084; x_wconf 88' lang='lat' dir='ltr'>in</span> <span class='ocrx_word' id='word_1_105' title='bbox 261 1048 466 1098; x_wconf 89' lang='lat' dir='ltr'>conloquio</span> <span class='ocrx_word' id='word_1_106' title='bbox 487 1048 533 1085; x_wconf 91' lang='lat' dir='ltr'>ad</span> <span class='ocrx_word' id='word_1_107' title='bbox 552 1048 685 1098; x_wconf 80' lang='lat' dir='ltr'>Euripi</span> <span class='ocrx_word' id='word_1_108' title='bbox 705 1047 845 1084; x_wconf 84' lang='lat' dir='ltr'>fretum</span> <span class='ocrx_word' id='word_1_109' title='bbox 865 1047 966 1084; x_wconf 83' lang='lat' dir='ltr'>dicta</span> <span class='ocrx_word' id='word_1_110' title='bbox 983 1053 1107 1090; x_wconf 83' lang='lat' dir='ltr'>erant,</span> <span class='ocrx_word' id='word_1_111' title='bbox 1124 1060 1226 1096; x_wconf 83' lang='lat' dir='ltr'>quae-</span> 
     </span>
     <span class='ocr_line' id='line_1_15' title="bbox 109 1112 1225 1161; baseline -0.001 -12"><span class='ocrx_word' id='word_1_112' title='bbox 109 1113 195 1149; x_wconf 85' lang='lat' dir='ltr'>dam</span> <span class='ocrx_word' id='word_1_113' title='bbox 215 1113 330 1149; x_wconf 89' lang='lat' dir='ltr'>etiam</span> <span class='ocrx_word' id='word_1_114' title='bbox 348 1113 527 1156; x_wconf 86' lang='lat' dir='ltr'>ferocius,</span> <span class='ocrx_word' id='word_1_115' title='bbox 549 1113 712 1161; x_wconf 66' lang='lat' dir='ltr'>egisset,</span> <span class='ocrx_word' id='word_1_116' title='bbox 744 1125 812 1148; x_wconf 77' lang='lat' dir='ltr'>rex</span> <span class='ocrx_word' id='word_1_117' title='bbox 839 1113 955 1148; x_wconf 85' lang='lat' dir='ltr'>etiam</span> <span class='ocrx_word' id='word_1_118' title='bbox 975 1118 1089 1161; x_wconf 87' lang='lat' dir='ltr'>atque</span> <span class='ocrx_word' id='word_1_119' title='bbox 1109 1112 1225 1148; x_wconf 87' lang='lat' dir='ltr'>etiam</span> 
     </span>
     <span class='ocr_line' id='line_1_16' title="bbox 110 1175 1225 1228; baseline -0.001 -14"><span class='ocrx_word' id='word_1_120' title='bbox 110 1177 317 1215; x_wconf 87' lang='lat' dir='ltr'>deliberare</span> <span class='ocrx_word' id='word_1_121' title='bbox 337 1190 402 1214; x_wconf 89' lang='lat' dir='ltr'>eos</span> <span class='ocrx_word' id='word_1_122' title='bbox 426 1177 570 1228; x_wconf 86' lang='lat' dir='ltr'>jussos,</span> <span class='ocrx_word' id='word_1_123' title='bbox 590 1190 639 1215; x_wconf 89' lang='lat' dir='ltr'>ne</span> <span class='ocrx_word' id='word_1_124' title='bbox 662 1177 700 1214; x_wconf 78' lang='lat' dir='ltr'>id</span> <span class='ocrx_word' id='word_1_125' title='bbox 720 1176 869 1214; x_wconf 88' lang='lat' dir='ltr'>consilii</span> <span class='ocrx_word' id='word_1_126' title='bbox 889 1183 1080 1227; x_wconf 81' lang='lat' dir='ltr'>caperent,</span> <span class='ocrx_word' id='word_1_127' title='bbox 1102 1175 1225 1226; x_wconf 85' lang='lat' dir='ltr'>cujus,</span> 
     </span>
     <span class='ocr_line' id='line_1_17' title="bbox 108 1242 1225 1293; baseline -0.001 -14"><span class='ocrx_word' id='word_1_128' title='bbox 108 1243 194 1279; x_wconf 87' lang='lat' dir='ltr'>dum</span> <span class='ocrx_word' id='word_1_129' title='bbox 225 1244 264 1279; x_wconf 90' lang='lat' dir='ltr'>in</span> <span class='ocrx_word' id='word_1_130' title='bbox 292 1242 463 1279; x_wconf 86' lang='lat' dir='ltr'>futurum</span> <span class='ocrx_word' id='word_1_131' title='bbox 492 1243 604 1279; x_wconf 87' lang='lat' dir='ltr'>nimis</span> <span class='ocrx_word' id='word_1_132' title='bbox 631 1243 732 1279; x_wconf 88' lang='lat' dir='ltr'>cauti</span> <span class='ocrx_word' id='word_1_133' title='bbox 759 1249 798 1278; x_wconf 90' lang='lat' dir='ltr'>et</span> <span class='ocrx_word' id='word_1_134' title='bbox 826 1242 972 1293; x_wconf 84' lang='lat' dir='ltr'>providi</span> <span class='ocrx_word' id='word_1_135' title='bbox 999 1248 1138 1284; x_wconf 88' lang='lat' dir='ltr'>essent,</span> <span class='ocrx_word' id='word_1_136' title='bbox 1159 1254 1225 1278; x_wconf 88' lang='lat' dir='ltr'>ex-</span> 
     </span>
     <span class='ocr_line' id='line_1_18' title="bbox 109 1306 1223 1357; baseline 0.002 -15"><span class='ocrx_word' id='word_1_137' title='bbox 109 1306 252 1357; x_wconf 88' lang='lat' dir='ltr'>templo</span> <span class='ocrx_word' id='word_1_138' title='bbox 271 1307 490 1357; x_wconf 88' lang='lat' dir='ltr'>poeniteret,</span> <span class='ocrx_word' id='word_1_139' title='bbox 511 1307 666 1344; x_wconf 85' lang='lat' dir='ltr'>dimisit.</span> <span class='ocrx_word' id='word_1_140' title='bbox 723 1307 820 1343; x_wconf 81' lang='lat' dir='ltr'>Haec</span> <span class='ocrx_word' id='word_1_141' title='bbox 837 1307 1062 1344; x_wconf 86' lang='lat' dir='ltr'>renunciata</span> <span class='ocrx_word' id='word_1_142' title='bbox 1081 1306 1223 1344; x_wconf 74' lang='lat' dir='ltr'>Pheras</span> 
     </span>
     <span class='ocr_line' id='line_1_19' title="bbox 108 1371 1222 1422; baseline 0.001 -15"><span class='ocrx_word' id='word_1_143' title='bbox 108 1371 250 1420; x_wconf 86' lang='lat' dir='ltr'>legatio</span> <span class='ocrx_word' id='word_1_144' title='bbox 270 1384 386 1420; x_wconf 89' lang='lat' dir='ltr'>quum</span> <span class='ocrx_word' id='word_1_145' title='bbox 406 1378 518 1415; x_wconf 90' lang='lat' dir='ltr'>esset,</span> <span class='ocrx_word' id='word_1_146' title='bbox 538 1384 587 1408; x_wconf 89' lang='lat' dir='ltr'>ne</span> <span class='ocrx_word' id='word_1_147' title='bbox 606 1371 775 1422; x_wconf 85' lang='lat' dir='ltr'>paullum</span> <span class='ocrx_word' id='word_1_148' title='bbox 804 1372 955 1421; x_wconf 86' lang='lat' dir='ltr'>quidem</span> <span class='ocrx_word' id='word_1_149' title='bbox 979 1371 1222 1416; x_wconf 79' lang='lat' dir='ltr'>dubitarunt,</span> 
     </span>
     <span class='ocr_line' id='line_1_20' title="bbox 109 1435 1223 1485; baseline 0 -14"><span class='ocrx_word' id='word_1_150' title='bbox 109 1436 198 1484; x_wconf 90' lang='lat' dir='ltr'>quin</span> <span class='ocrx_word' id='word_1_151' title='bbox 218 1448 287 1485; x_wconf 84' lang='lat' dir='ltr'>pro</span> <span class='ocrx_word' id='word_1_152' title='bbox 309 1435 380 1471; x_wconf 89' lang='lat' dir='ltr'>fide</span> <span class='ocrx_word' id='word_1_153' title='bbox 401 1447 490 1484; x_wconf 84' lang='lat' dir='ltr'>erga</span> <span class='ocrx_word' id='word_1_154' title='bbox 509 1435 722 1478; x_wconf 86' lang='lat' dir='ltr'>Romanos,</span> <span class='ocrx_word' id='word_1_155' title='bbox 744 1436 927 1485; x_wconf 88' lang='lat' dir='ltr'>quidquid</span> <span class='ocrx_word' id='word_1_156' title='bbox 945 1435 1024 1472; x_wconf 88' lang='lat' dir='ltr'>fors</span> <span class='ocrx_word' id='word_1_157' title='bbox 1050 1435 1140 1471; x_wconf 88' lang='lat' dir='ltr'>belli</span> <span class='ocrx_word' id='word_1_158' title='bbox 1161 1442 1223 1472; x_wconf 91' lang='lat' dir='ltr'>tu-</span> 
     </span>
     <span class='ocr_line' id='line_1_21' title="bbox 105 1499 1223 1550; baseline 0.001 -16"><span class='ocrx_word' id='word_1_159' title='bbox 105 1499 224 1541; x_wconf 84' lang='lat' dir='ltr'>lisset,</span> <span class='ocrx_word' id='word_1_160' title='bbox 243 1505 474 1549; x_wconf 83' lang='lat' dir='ltr'>paterentur.</span> <span class='ocrx_word' id='word_1_161' title='bbox 506 1499 642 1549; x_wconf 88' lang='lat' dir='ltr'>Itaque</span> <span class='ocrx_word' id='word_1_162' title='bbox 663 1506 700 1536; x_wconf 86' lang='lat' dir='ltr'>et</span> <span class='ocrx_word' id='word_1_163' title='bbox 719 1500 759 1535; x_wconf 91' lang='lat' dir='ltr'>hi</span> <span class='ocrx_word' id='word_1_164' title='bbox 780 1513 926 1536; x_wconf 85' lang='lat' dir='ltr'>summa</span> <span class='ocrx_word' id='word_1_165' title='bbox 942 1512 1014 1549; x_wconf 91' lang='lat' dir='ltr'>ope</span> <span class='ocrx_word' id='word_1_166' title='bbox 1034 1499 1223 1550; x_wconf 86' lang='lat' dir='ltr'>parabant</span> 
     </span>
     <span class='ocr_line' id='line_1_22' title="bbox 106 1563 1221 1614; baseline 0 -15"><span class='ocrx_word' id='word_1_167' title='bbox 106 1576 145 1600; x_wconf 79' lang='lat' dir='ltr'>se</span> <span class='ocrx_word' id='word_1_168' title='bbox 164 1564 210 1600; x_wconf 85' lang='lat' dir='ltr'>ad</span> <span class='ocrx_word' id='word_1_169' title='bbox 232 1563 362 1600; x_wconf 86' lang='lat' dir='ltr'>urbem</span> <span class='ocrx_word' id='word_1_170' title='bbox 383 1563 677 1600; x_wconf 86' lang='lat' dir='ltr'>defendendam:</span> <span class='ocrx_word' id='word_1_171' title='bbox 710 1571 749 1600; x_wconf 88' lang='lat' dir='ltr'>et</span> <span class='ocrx_word' id='word_1_172' title='bbox 769 1577 833 1601; x_wconf 83' lang='lat' dir='ltr'>rex</span> <span class='ocrx_word' id='word_1_173' title='bbox 854 1565 901 1601; x_wconf 88' lang='lat' dir='ltr'>ab</span> <span class='ocrx_word' id='word_1_174' title='bbox 919 1565 1023 1601; x_wconf 89' lang='lat' dir='ltr'>omni</span> <span class='ocrx_word' id='word_1_175' title='bbox 1043 1571 1150 1614; x_wconf 89' lang='lat' dir='ltr'>parte</span> <span class='ocrx_word' id='word_1_176' title='bbox 1170 1564 1221 1599; x_wconf 88' lang='lat' dir='ltr'>si·</span> 
     </span>
     <span class='ocr_line' id='line_1_23' title="bbox 106 1628 1220 1679; baseline 0 -15"><span class='ocrx_word' id='word_1_177' title='bbox 106 1628 184 1664; x_wconf 92' lang='lat' dir='ltr'>mul</span> <span class='ocrx_word' id='word_1_178' title='bbox 203 1629 425 1679; x_wconf 84' lang='lat' dir='ltr'>obpugnare</span> <span class='ocrx_word' id='word_1_179' title='bbox 442 1630 583 1666; x_wconf 86' lang='lat' dir='ltr'>moenia</span> <span class='ocrx_word' id='word_1_180' title='bbox 599 1636 656 1665; x_wconf 89' lang='lat' dir='ltr'>est</span> <span class='ocrx_word' id='word_1_181' title='bbox 672 1629 891 1679; x_wconf 77' lang='lat' dir='ltr'>adgressus3</span> <span class='ocrx_word' id='word_1_182' title='bbox 915 1636 966 1672; x_wconf 90' lang='lat' dir='ltr'>et,</span> <span class='ocrx_word' id='word_1_183' title='bbox 985 1635 1026 1665; x_wconf 86' lang='lat' dir='ltr'>ut</span> <span class='ocrx_word' id='word_1_184' title='bbox 1045 1629 1108 1678; x_wconf 90' lang='lat' dir='ltr'>qui</span> <span class='ocrx_word' id='word_1_185' title='bbox 1130 1630 1220 1665; x_wconf 86' lang='lat' dir='ltr'>satis</span> 
     </span>
     <span class='ocr_line' id='line_1_24' title="bbox 105 1693 1221 1743; baseline 0.001 -15"><span class='ocrx_word' id='word_1_186' title='bbox 105 1693 348 1742; x_wconf 83' lang='lat' dir='ltr'>intelligeret,</span> <span class='ocrx_word' id='word_1_187' title='bbox 383 1697 522 1743; x_wconf 89' lang='lat' dir='ltr'>(neque</span> <span class='ocrx_word' id='word_1_188' title='bbox 555 1695 656 1730; x_wconf 89' lang='lat' dir='ltr'>enim</span> <span class='ocrx_word' id='word_1_189' title='bbox 691 1694 847 1730; x_wconf 91' lang='lat' dir='ltr'>dubium</span> <span class='ocrx_word' id='word_1_190' title='bbox 881 1696 978 1740; x_wconf 86' lang='lat' dir='ltr'>erat)</span> <span class='ocrx_word' id='word_1_191' title='bbox 1015 1694 1054 1729; x_wconf 91' lang='lat' dir='ltr'>in</span> <span class='ocrx_word' id='word_1_192' title='bbox 1084 1702 1221 1729; x_wconf 85' lang='lat' dir='ltr'>eventu</span> 
     </span>
     <span class='ocr_line' id='line_1_25' title="bbox 106 1756 1220 1807; baseline 0 -15"><span class='ocrx_word' id='word_1_193' title='bbox 106 1756 186 1807; x_wconf 73' lang='lat' dir='ltr'>ejus</span> <span class='ocrx_word' id='word_1_194' title='bbox 208 1757 310 1793; x_wconf 89' lang='lat' dir='ltr'>urbis</span> <span class='ocrx_word' id='word_1_195' title='bbox 332 1758 498 1807; x_wconf 88' lang='lat' dir='ltr'>positum</span> <span class='ocrx_word' id='word_1_196' title='bbox 519 1770 614 1800; x_wconf 87' lang='lat' dir='ltr'>esse,</span> <span class='ocrx_word' id='word_1_197' title='bbox 636 1771 747 1806; x_wconf 86' lang='lat' dir='ltr'>quam</span> <span class='ocrx_word' id='word_1_198' title='bbox 763 1759 924 1807; x_wconf 79' lang='lat' dir='ltr'>primam</span> <span class='ocrx_word' id='word_1_199' title='bbox 944 1758 1141 1806; x_wconf 79' lang='lat' dir='ltr'>adgressus</span> <span class='ocrx_word' id='word_1_200' title='bbox 1163 1769 1220 1792; x_wconf 87' lang='lat' dir='ltr'>es-</span> 
     </span>
     <span class='ocr_line' id='line_1_26' title="bbox 107 1819 1220 1870; baseline -0.001 -14"><span class='ocrx_word' id='word_1_201' title='bbox 107 1827 176 1863; x_wconf 85' lang='lat' dir='ltr'>set,</span> <span class='ocrx_word' id='word_1_202' title='bbox 197 1827 263 1856; x_wconf 87' lang='lat' dir='ltr'>aut</span> <span class='ocrx_word' id='word_1_203' title='bbox 293 1821 417 1870; x_wconf 87' lang='lat' dir='ltr'>sperni</span> <span class='ocrx_word' id='word_1_204' title='bbox 448 1821 582 1857; x_wconf 85' lang='lat' dir='ltr'>deinde</span> <span class='ocrx_word' id='word_1_205' title='bbox 609 1821 655 1857; x_wconf 93' lang='lat' dir='ltr'>ab</span> <span class='ocrx_word' id='word_1_206' title='bbox 687 1821 860 1857; x_wconf 80' lang='lat' dir='ltr'>universa</span> <span class='ocrx_word' id='word_1_207' title='bbox 881 1827 994 1869; x_wconf 83' lang='lat' dir='ltr'>gente</span> <span class='ocrx_word' id='word_1_208' title='bbox 1014 1819 1220 1856; x_wconf 86' lang='lat' dir='ltr'>Thessalo-</span> 
     </span>
     <span class='ocr_line' id='line_1_27' title="bbox 105 1885 1219 1934; baseline -0.001 -13"><span class='ocrx_word' id='word_1_209' title='bbox 105 1897 201 1928; x_wconf 83' lang='lat' dir='ltr'>rum,</span> <span class='ocrx_word' id='word_1_210' title='bbox 217 1892 281 1922; x_wconf 90' lang='lat' dir='ltr'>aut</span> <span class='ocrx_word' id='word_1_211' title='bbox 296 1886 420 1921; x_wconf 88' lang='lat' dir='ltr'>timeri</span> <span class='ocrx_word' id='word_1_212' title='bbox 435 1898 488 1929; x_wconf 88' lang='lat' dir='ltr'>se,</span> <span class='ocrx_word' id='word_1_213' title='bbox 506 1898 655 1921; x_wconf 89' lang='lat' dir='ltr'>omnem</span> <span class='ocrx_word' id='word_1_214' title='bbox 673 1885 838 1934; x_wconf 83' lang='lat' dir='ltr'>undique</span> <span class='ocrx_word' id='word_1_215' title='bbox 854 1892 1036 1921; x_wconf 87' lang='lat' dir='ltr'>terrorem</span> <span class='ocrx_word' id='word_1_216' title='bbox 1056 1885 1219 1921; x_wconf 77' lang='lat' dir='ltr'>obsessis</span> 
     </span>
    </p>
   </div>
   <div class='ocr_carea' id='block_1_3' title="bbox 0 0 37 1995">
    <p class='ocr_par' dir='ltr' id='par_1_3' title="bbox 0 0 37 1995">
     <span class='ocr_line' id='line_1_28' title="bbox 0 0 37 1995; baseline 0 0"><span class='ocrx_word' id='word_1_217' title='bbox 0 0 37 1995; x_wconf 95' lang='lat' dir='ltr'> </span> 
     </span>
    </p>
   </div>
   <div class='ocr_carea' id='block_1_4' title="bbox 105 1949 1221 2380">
    <p class='ocr_par' dir='ltr' id='par_1_4' title="bbox 105 1949 1221 2380">
     <span class='ocr_line' id='line_1_29' title="bbox 106 1949 1221 2000; baseline 0 -14"><span class='ocrx_word' id='word_1_218' title='bbox 106 1949 249 2000; x_wconf 90' lang='lat' dir='ltr'>injecit.</span> <span class='ocrx_word' id='word_1_219' title='bbox 316 1950 485 1986; x_wconf 85' lang='lat' dir='ltr'>Primum</span> <span class='ocrx_word' id='word_1_220' title='bbox 505 1951 675 2000; x_wconf 86' lang='lat' dir='ltr'>inpetum</span> <span class='ocrx_word' id='word_1_221' title='bbox 697 1949 995 2000; x_wconf 82' lang='lat' dir='ltr'>obpugnationis</span> <span class='ocrx_word' id='word_1_222' title='bbox 1017 1951 1106 1985; x_wconf 86' lang='lat' dir='ltr'>satis</span> <span class='ocrx_word' id='word_1_223' title='bbox 1128 1963 1221 1986; x_wconf 86' lang='lat' dir='ltr'>con-</span> 
     </span>
     <span class='ocr_line' id='line_1_30' title="bbox 106 2014 1219 2064; baseline -0.001 -14"><span class='ocrx_word' id='word_1_224' title='bbox 106 2021 249 2051; x_wconf 88' lang='lat' dir='ltr'>stanter</span> <span class='ocrx_word' id='word_1_225' title='bbox 269 2015 548 2050; x_wconf 81' lang='lat' dir='ltr'>sustinuerunt:</span> <span class='ocrx_word' id='word_1_226' title='bbox 583 2015 683 2056; x_wconf 87' lang='lat' dir='ltr'>dein,</span> <span class='ocrx_word' id='word_1_227' title='bbox 705 2027 820 2064; x_wconf 86' lang='lat' dir='ltr'>quum</span> <span class='ocrx_word' id='word_1_228' title='bbox 842 2014 951 2050; x_wconf 87' lang='lat' dir='ltr'>multi</span> <span class='ocrx_word' id='word_1_229' title='bbox 971 2027 1219 2064; x_wconf 82' lang='lat' dir='ltr'>propugnan-</span> 
     </span>
     <span class='ocr_line' id='line_1_31' title="bbox 105 2077 1219 2127; baseline -0.001 -14"><span class='ocrx_word' id='word_1_230' title='bbox 105 2084 160 2114; x_wconf 91' lang='lat' dir='ltr'>tes</span> <span class='ocrx_word' id='word_1_231' title='bbox 182 2078 374 2121; x_wconf 85' lang='lat' dir='ltr'>caderent,</span> <span class='ocrx_word' id='word_1_232' title='bbox 396 2084 460 2113; x_wconf 83' lang='lat' dir='ltr'>aut</span> <span class='ocrx_word' id='word_1_233' title='bbox 480 2077 782 2120; x_wconf 82' lang='lat' dir='ltr'>vulnerarentur,</span> <span class='ocrx_word' id='word_1_234' title='bbox 803 2077 930 2113; x_wconf 79' lang='lat' dir='ltr'>labare</span> <span class='ocrx_word' id='word_1_235' title='bbox 957 2078 1072 2113; x_wconf 85' lang='lat' dir='ltr'>animi</span> <span class='ocrx_word' id='word_1_236' title='bbox 1093 2090 1219 2127; x_wconf 84' lang='lat' dir='ltr'>coepe-</span> 
     </span>
     <span class='ocr_line' id='line_1_32' title="bbox 105 2141 1219 2192; baseline -0.002 -13"><span class='ocrx_word' id='word_1_237' title='bbox 105 2155 158 2179; x_wconf 90' lang='lat' dir='ltr'>re.</span> <span class='ocrx_word' id='word_1_238' title='bbox 213 2141 403 2178; x_wconf 84' lang='lat' dir='ltr'>Revocati</span> <span class='ocrx_word' id='word_1_239' title='bbox 432 2142 565 2178; x_wconf 86' lang='lat' dir='ltr'>deinde</span> <span class='ocrx_word' id='word_1_240' title='bbox 595 2142 909 2191; x_wconf 84' lang='lat' dir='ltr'>castigationibus</span> <span class='ocrx_word' id='word_1_241' title='bbox 937 2142 1150 2192; x_wconf 87' lang='lat' dir='ltr'>principum</span> <span class='ocrx_word' id='word_1_242' title='bbox 1173 2142 1219 2177; x_wconf 85' lang='lat' dir='ltr'>ad</span> 
     </span>
     <span class='ocr_line' id='line_1_33' title="bbox 107 2205 1219 2257; baseline -0.002 -14"><span class='ocrx_word' id='word_1_243' title='bbox 107 2207 422 2257; x_wconf 83' lang='lat' dir='ltr'>perseverandum</span> <span class='ocrx_word' id='word_1_244' title='bbox 439 2207 476 2242; x_wconf 91' lang='lat' dir='ltr'>in</span> <span class='ocrx_word' id='word_1_245' title='bbox 494 2208 705 2257; x_wconf 89' lang='lat' dir='ltr'>proposito,</span> <span class='ocrx_word' id='word_1_246' title='bbox 723 2206 855 2242; x_wconf 89' lang='lat' dir='ltr'>relicto</span> <span class='ocrx_word' id='word_1_247' title='bbox 876 2207 1062 2242; x_wconf 76' lang='lat' dir='ltr'>exteriore</span> <span class='ocrx_word' id='word_1_248' title='bbox 1079 2205 1219 2242; x_wconf 87' lang='lat' dir='ltr'>circulo</span> 
     </span>
     <span class='ocr_line' id='line_1_34' title="bbox 106 2271 1219 2322; baseline -0.003 -14"><span class='ocrx_word' id='word_1_249' title='bbox 106 2272 218 2314; x_wconf 86' lang='lat' dir='ltr'>muri,</span> <span class='ocrx_word' id='word_1_250' title='bbox 239 2271 500 2308; x_wconf 87' lang='lat' dir='ltr'>deficientibus</span> <span class='ocrx_word' id='word_1_251' title='bbox 518 2271 599 2321; x_wconf 86' lang='lat' dir='ltr'>jam</span> <span class='ocrx_word' id='word_1_252' title='bbox 622 2273 755 2322; x_wconf 86' lang='lat' dir='ltr'>copiis,</span> <span class='ocrx_word' id='word_1_253' title='bbox 777 2272 815 2307; x_wconf 88' lang='lat' dir='ltr'>in</span> <span class='ocrx_word' id='word_1_254' title='bbox 836 2272 1053 2307; x_wconf 84' lang='lat' dir='ltr'>interiorem</span> <span class='ocrx_word' id='word_1_255' title='bbox 1073 2277 1219 2320; x_wconf 84' lang='lat' dir='ltr'>partem</span> 
     </span>
     <span class='ocr_line' id='line_1_35' title="bbox 107 2335 1217 2380; baseline -0.001 -9"><span class='ocrx_word' id='word_1_256' title='bbox 107 2335 207 2372; x_wconf 84' lang='lat' dir='ltr'>urbis</span> <span class='ocrx_word' id='word_1_257' title='bbox 227 2343 511 2380; x_wconf 83' lang='lat' dir='ltr'>concesserunt,</span> <span class='ocrx_word' id='word_1_258' title='bbox 529 2337 589 2373; x_wconf 89' lang='lat' dir='ltr'>cui</span> <span class='ocrx_word' id='word_1_259' title='bbox 609 2336 759 2373; x_wconf 72' lang='lat' dir='ltr'>brevior</span> <span class='ocrx_word' id='word_1_260' title='bbox 779 2336 880 2373; x_wconf 87' lang='lat' dir='ltr'>orbis</span> <span class='ocrx_word' id='word_1_261' title='bbox 901 2335 1123 2372; x_wconf 85' lang='lat' dir='ltr'>munitionis</span> <span class='ocrx_word' id='word_1_262' title='bbox 1146 2335 1217 2371; x_wconf 88' lang='lat' dir='ltr'>cir-</span> 
     </span>
    </p>
   </div>
  </div>
 </body>
</html>
