1523 2666
92 223 133 254 U.
148 224 184 253 C.
200 232 259 255 55⁵

93 268 131 296 A.
144 267 180 297 C.
200 275 258 304 197

85 1126 215 1167 Legatio

86 1170 229 1201 Rhodio-

87 1223 159 1244 rum
177 1215 216 1244 ad

82 1257 198 1287 Antio·

82 1301 196 1331 chum.

284 138 367 177 402
734 138 779 168 Τ.
805 139 935 169 L1v11

266 228 535 265 ·consurrexit.
591 228 805 265 Antiochus
834 243 963 279 quum,
985 231 1110 281 priore
1130 236 1260 268 aestate
1278 231 1400 268 omni-

265 292 368 336 ‘bus,
391 306 472 342 quae
499 294 537 329 in
569 292 805 343 Coeleusyria
834 302 935 337 sunt,
957 294 1172 331 civitatibus
1202 295 1399 332 Ptolemaei

283 357 322 393 in
343 369 449 393 suam
470 364 698 407 potestatem
721 358 896 400 redactis,
918 359 956 394 in
975 359 1136 396 hiberna
1153 360 1401 396 Antiochiam

285 423 560 468 concessisset3
600 422 722 458 nihilo
756 424 959 472 quietiores
991 431 1125 474 postea
1153 438 1210 461 res
1240 425 1397 461 habuit:

285 487 462 522 omnibus
479 489 578 523 enim
601 488 707 535 regni
729 488 866 524 viribus
888 490 1080 533 connisus,
1099 503 1213 539 quum
1229 490 1402 538 ingentes

285 552 413 601 copias
446 558 643 588 terrestres
679 553 962 602 maritimasque
997 561 1266 604 comparasset,
1298 553 1404 603 prin·

283 617 384 666 cipio
406 617 500 651 veris
525 617 726 666 praemissis
757 623 857 653 terra
886 631 970 654 cum
999 620 1165 655 exercitu
1194 618 1279 654 filiis
1308 617 1403 653 ‹luo-

283 679 367 722 bus,
386 680 514 728 Ardye
535 693 578 715 ac
596 680 836 723 Mithridate,
852 679 1045 731 jussisque
1075 682 1253 718 Sardibus
1275 693 1314 717 se
1334 681 1403 716 ob-

282 745 419 793 periri,
454 746 533 795 ipse
552 758 636 780 cum
657 745 775 781 classe
795 752 945 781 centum
967 752 1152 783 tectarum
1171 747 1339 788 navium,
1356 744 1403 781 ad

281 809 355 846 hoc
374 809 579 846 levioribus
600 810 760 859 navigiis
781 811 1020 859 cercurisque
1040 823 1083 846 ac
1102 810 1234 846 lembis
1265 809 1402 846 ducen-

280 873 344 917 tis,
361 873 636 923 proficiscitur:
671 874 781 910 simul
800 887 867 924 per
887 887 1039 910 omnem
1059 887 1165 910 oram
1185 873 1404 922 Ciliciaeque

281 943 319 973 et
339 938 461 974 Cariae
481 945 696 975 tentaturus
718 939 843 983 urbes,
866 953 948 988 quae
969 940 1008 974 in
1035 939 1180 974 ditione
1206 937 1403 974 Ptolemaei

281 1009 406 1038 essent
424 1019 435 1048 3
469 1003 580 1040 simul
609 1004 829 1054 Philippum
853 1004 1031 1052 (necdum
1051 1003 1151 1039 enim
1171 1001 1402 1039 debellatum

280 1067 378 1114 erat)
402 1068 571 1103 exercitu
590 1067 826 1117 navibusque
845 1066 1054 1118 adjuturus.

335 1132 431 1169 XX.
459 1132 588 1168 Multa
611 1134 763 1182 egregia
788 1132 933 1169 Rhodii
963 1146 1032 1183 pro
1062 1132 1134 1169 fide
1163 1145 1251 1181 erga
1280 1144 1402 1182 popu·

280 1197 357 1234 lum
377 1197 612 1241 Romanum,
631 1212 777 1249 proque
796 1199 973 1235 universo
993 1200 1148 1235 nomine
1164 1199 1400 1241 Graecorum,

278 1269 378 1300 terra
398 1263 568 1312 marique
587 1264 668 1299 ausi
689 1270 778 1299 sunt
796 1277 803 1298 :
831 1263 928 1299 nihil
948 1263 1266 1312 magnificentius,
1287 1275 1402 1311 quam

279 1329 381 1378 quod
400 1341 444 1365 ea
462 1334 704 1378 tempestate,
725 1341 804 1365 non
824 1329 946 1365 territi
967 1335 1075 1365 tanta
1093 1327 1194 1364 mole
1213 1327 1403 1364 inminen-

277 1393 325 1428 tis
363 1392 467 1436 belli,
506 1393 654 1441 legatos
692 1394 739 1429 ad
776 1406 904 1442 regem
941 1394 1126 1430 miserunt
1171 1391 1401 1442 Nephelida,

278 1458 601 1507 (promontorium
624 1458 768 1494 Ciliciae
789 1465 860 1501 est,
883 1458 1054 1494 inclitum
1078 1457 1220 1494 foedere
1241 1457 1402 1505 antiquo

275 1522 587 1569 Atheniensium)
612 1523 642 1558 si
663 1535 708 1558 eo
736 1535 812 1558 non
834 1524 1049 1558 contineret
1079 1523 1207 1572 copias
1238 1533 1338 1563 suas,
1361 1533 1400 1556 se

276 1585 429 1622 obviam
449 1587 593 1630 ituros3
626 1598 706 1622 non
736 1586 783 1622 ab
813 1587 902 1622 odio
933 1586 1024 1629 ullo,
1047 1587 1111 1622 sed
1140 1599 1187 1622 ne
1217 1583 1402 1634 conjungi

276 1663 361 1686 cum
389 1650 568 1700 Philippo
595 1657 829 1700 paterentur,
852 1660 890 1687 et
918 1653 1179 1702 inpedimento
1209 1663 1289 1687 esse
1318 1650 1401 1686 Ro-

275 1715 396 1749 manis
418 1714 667 1750 liberantibus
690 1715 891 1752 Graeciam.
950 1717 1195 1752 Coracesium
1227 1727 1272 1750 eo
1300 1720 1398 1750 tem-

274 1792 367 1829 pore
387 1780 602 1815 Antiochus
624 1780 800 1828 operibus
823 1780 1084 1830 ohpugnabat.
1132 1779 1340 1830 Zephyrio,
1362 1785 1400 1814 et

276 1843 389 1886 Solis,
406 1850 444 1879 et
463 1845 761 1894 Aphrodisiade,
780 1852 817 1881 et
839 1846 1002 1895 Coryco,
1025 1853 1076 1888 et,
1098 1851 1276 1895 superato
1296 1845 1400 1880 Ane-

274 1908 412 1950 murio,
438 1909 760 1958 (promontorium
782 1910 818 1945 id
846 1923 997 1959 quoque
1025 1910 1169 1945 Ciliciae
1197 1910 1271 1955 est)
1304 1908 1400 1944 Seli·

275 1978 394 2008 nunte
424 1979 592 2022 recepto,
614 1974 790 2009 omnibus
821 1974 879 2009 liis
911 1973 1069 2022 aliisque
1100 1972 1179 2023 ejus
1211 1985 1287 2008 01·ae
1317 1984 1399 2008 cas-

274 2033 402 2080 tellis?
421 2045 487 2074 aut
516 2045 633 2082 metu,
665 2046 730 2075 aut
758 2039 969 2082 voluntate,
1001 2040 1082 2074 sine
1111 2038 1331 2079 certamine,
1362 2037 1400 2072 iu

275 2102 506 2138 deditionem
524 2104 703 2152 acceptis,
722 2104 966 2139 Coracesium
983 2109 1120 2152 praeter
1139 2112 1242 2151 spem
1264 2101 1399 2136 clausis

274 2168 395 2217 portis
416 2167 573 2203 tenebat
593 2180 690 2203 eum.
748 2167 807 2203 Ibi
838 2168 954 2216 legati
984 2167 1224 2203 Rhodiorum
1250 2165 1396 2202 auditi:

275 2238 313 2268 et
333 2244 560 2281 quamquam
582 2246 625 2269 ea
645 2234 787 2282 legatio
809 2242 903 2277 erat,
925 2247 1007 2283 quae
1029 2232 1233 2270 accendere
1252 2232 1398 2280 regium

273 2295 443 2334 animum
471 2305 614 2348 posset,
637 2299 860 2350 temperavit
892 2300 954 2336 irae
975 2314 981 2335 :
1015 2305 1066 2342 et,
1090 2300 1225 2347 legatos
1242 2309 1278 2333 se
1298 2296 1397 2332 Rho-
