1507 2656
370 145 525 175 LIBER
549 143 723 172 xxvn.
758 140 863 170 CAP.
889 140 935 169 V.
1183 139 1211 181 9

94 249 246 275 manum
269 241 390 277 erant,
411 235 451 270 in
477 239 649 269 senatum
676 230 918 272 introductis,
940 229 1104 265 honores
1125 241 1207 267 om·
1220 227 1263 257 U·
1278 227 1315 257 C·
1331 233 1405 257 542·

79 301 216 343 -nibus,
235 301 280 337 ad
300 298 566 336 exsolvendam
587 296 697 333 fidem
717 309 740 332 a
752 294 922 337 consule,
940 293 1072 330 habiti.
1116 292 1207 329 Mu-
1219 271 1260 302 Α·
1277 270 1313 302 C'
1331 277 1404 301 2¹0‘

90 366 188 402 tines
208 363 439 404 etiambcivis
462 362 658 398 Romanus
678 359 815 401 factus,
845 358 1046 406 rogatione
1072 357 1119 393 ab
1139 357 1209 393 tri-

89 429 195 466 buno
222 427 355 478 plebis,
377 440 423 462 ex
442 425 670 462 auctoritate
690 423 861 465 Patrum‚
883 421 929 457 ad
950 420 1099 471 plebem
1119 420 1208 458 lata.

89 493 193 529 Dum
228 492 311 528 haec
348 491 483 527 Romae
509 496 706 538 geruntur,
737 486 794 523 M.
826 485 997 522 Valerius
1026 484 1210 522 Messalla

87 556 364 606 quinquaginta
390 553 548 591 navibus
569 565 685 603 quum
707 558 795 588 ante
821 550 944 586 lucem
971 549 1018 585 ad
1036 549 1208 589 Africam

87 621 320 664 accessisset,
339 620 532 670 inproviso
548 619 586 654 in
600 629 732 666 agrum
750 616 972 653 Uticensem
990 614 1207 651 exscensio-

86 698 174 722 nem
194 685 307 722 fecit:
341 696 502 733 eumque
527 683 603 719 late
622 681 889 732 depopulatuS‚
909 679 1037 716 multis
1066 686 1208 716 morta-

88 749 185 786 libus
207 763 292 786 cum
314 749 388 786 alia
407 750 529 786 omnis
551 748 698 798 generis
725 746 853 797 praeda
873 745 1007 794 captis,
1029 744 1076 780 ad
1094 756 1207 780 naves

89 814 214 858 rediit,
231 822 344 863 atque
357 815 396 850 in
417 814 582 850 Siciliam
598 812 808 848 transmisit
824 825 832 846 z
854 809 1119 845 tertiodecimo
1134 809 1207 853 die,

87 892 199 929 quam
219 878 411 929 profectus
440 878 527 913 inde
550 883 644 918 erat,
666 875 879 924 Lilybaeum
907 879 1089 909 revectus.
1145 873 1207 910 Ex

87 943 261 993 captivis,
278 942 488 991 quaestione
503 940 649 982 habita,
663 940 744 975 haec
758 945 966 987 comperta,
983 937 1208 986 consulique

86 1006 244 1044 Laevino
273 1007 402 1043 omnia
427 1005 559 1042 ordine
588 1004 810 1055 perscripta,
833 1010 874 1038 ut
903 1003 1029 1044 sciret,
1061 1015 1136 1050 quo
1164 1002 1206 1038 in

83 1079 184 1109 statu
204 1084 262 1108 res
282 1071 422 1108 Africae
441 1076 578 1106 essent.
638 1069 804 1116 Quinque
821 1068 941 1103 millia
960 1066 1207 1103 Numidarum

85 1150 165 1174 cum
180 1138 383 1178 Masinissa,
406 1138 508 1173 Gala>
514 1137 613 1186 filio,
631 1137 805 1172 acerrimo
815 1133 960 1181 juvene,
978 1134 1207 1182 Karthagine

85 1215 156 1240 esse
167 1219 179 1246 ,-
208 1208 243 1238 et
262 1203 352 1238 alios
375 1214 439 1249 per
467 1206 579 1237 totam
599 1199 767 1249 Africam
785 1200 917 1235 milites
944 1199 1103 1234 mercede
1122 1210 1204 1234 eon-

85 1269 179 1309 duci,
201 1269 262 1315 qui
288 1269 323 1304 in
341 1267 556 1314 Hispaniam
583 1267 630 1301 ad
649 1264 911 1300 Hasdrubalem
931 1261 1181 1310 trajicerentur
1194 1279 1207 1300 .-

81 1337 123 1369 ut
142 1334 182 1374 is,
204 1344 312 1379 quam
333 1332 488 1367 marimo
513 1331 669 1366 exercitu
691 1331 809 1377 primo
828 1340 965 1377 quoque
985 1334 1143 1376 tempore
1166 1329 1205 1364 in

84 1397 234 1432 Italiam
261 1400 508 1442 transgressus,
520 1393 690 1441 jungeret
713 1406 749 1429 se
767 1392 992 1428 Hannibali:
1023 1393 1060 1428 in
1081 1404 1120 1428 eo
1135 1404 1203 1440 po-

79 1461 188 1496 sitam
204 1460 392 1494 victoriam
406 1459 547 1494 credere
561 1457 890 1503 Karthaginienses.
940 1455 1094 1491 Classem
1106 1468 1204 1504 prae-

84 1529 184 1561 terea
202 1526 378 1571 ingentem
397 1523 574 1570 adparari
591 1523 641 1557 ad
661 1522 826 1557 Siciliam
844 1522 1088 1569 repetendam,
1105 1533 1203 1556 eam-

84 1601 152 1637 que
169 1600 205 1625 se
220 1589 362 1624 credere
377 1587 471 1623 brevi
487 1585 729 1633 trajectarum.
778 1585 874 1622 Haec
893 1585 1052 1621 recitata
1071 1597 1093 1621 a
1109 1597 1201 1621 con-

84 1652 164 1689 sule
183 1653 239 1688 ita
253 1657 607 1701 moveresenatum‚
624 1657 667 1686 ut
682 1663 761 1686 non
777 1650 1031 1700 exspectanda
1046 1650 1202 1686 comitia

84 1716 230 1754 consuli
246 1722 456 1758 censerent,
473 1716 538 1751 sed
553 1715 778 1752 dictatorem
796 1716 1039 1751 comitiorum
1054 1715 1198 1751 haben·
1213 1718 1414 1750 Concertatio

84 1780 218 1816 dorum
238 1791 369 1815 caussa
388 1779 476 1821 dici,
498 1785 536 1814 et
563 1778 754 1829 extemplo
774 1779 812 1814 in
833 1768 1066 1829 pro'vinciam
1093 1779 1198 1815 rede·
1211 1762 1413 1837 ἓῗςὲἑςὲἓωῖε

82 1845 235 1881 undum.
292 1843 364 1879 Illa
379 1843 605 1893 disceptatio
620 1843 790 1886 tenebat,
807 1843 908 1892 quod
929 1843 1061 1879 consul
1080 1844 1119 1879 in
1140 1844 1199 1880 Si·
1354 1830 1360 1837 ’

83 1908 168 1945 cilia
188 1920 226 1944 se
244 1908 301 1944 M.
315 1908 509 1944 Valerium
527 1907 762 1950 Messallam,
784 1908 847 1956 qui
868 1914 948 1944 tum
969 1907 1078 1944 classi
1103 1920 1200 1959 prae-

83 1979 194 2015 esset,
211 1973 435 2008 dictatorem
455 1972 643 2008 dicturum
663 1984 743 2008 esse
763 1971 889 2007 aiebat
905 1986 912 2007 :
944 1971 1076 2008 Patres
1093 1979 1201 2010 extra

81 2035 300 2073 Romanum
331 2048 462 2084 agrum
485 2037 589 2083 (eum
617 2041 745 2071 autem
773 2036 813 2071 in
842 2035 955 2071 Italia
985 2037 1209 2084 terminari).

81 2100 273 2149 negabant
298 2100 523 2135 dictatorem
548 2099 623 2135 dici
648 2112 771 2149 posse.
827 2099 884 2136 M.
899 2099 1100 2137 Lucretius
1131 2102 1200 2138 tri-

81 2164 203 2201 bunus
230 2164 348 2215 plebis
369 2177 485 2213 quum
504 2165 549 2200 de
571 2176 620 2200 ea
645 2177 685 2200 re
704 2163 932 2208 consuleret,
959 2166 1014 2201 ita
1033 2165 1199 2203 decrevit

73 2234 248 2272 senatus,
276 2229 325 2265 Ut
343 2230 466 2265 consul
478 2230 595 2277 prius,
616 2240 724 2276 quam
742 2229 786 2265 ab
804 2229 890 2265 urbe
905 2230 1114 2273 discederet,
1131 2243 1198 2279 po-

80 2294 204 2339 pulum
221 2299 380 2342 rogaret,
397 2305 500 2343 quem
515 2294 727 2329 dictatorem
742 2293 816 2330 dici
829 2294 991 2343 placeret
1001 2311 1015 2340 ,-
1034 2307 1197 2344 eumque,

596 2356 631 2394 B
650 2357 673 2393 5
