1507 2656
420 176 574 206 LIBER
599 173 754 203 XXXV·
786 172 891 202 CAP.
914 172 962 201 X·
1154 167 1234 214 511

137 265 228 302 bant
260 265 371 302 ambo
404 266 566 316 patricii,
595 271 632 301 et
665 264 719 300 rei
753 261 924 305 militaris
956 260 1077 310 gloria
1108 272 1237 297 recens
1250 263 1293 294 U.
1306 262 1342 293 C.
1359 268 1432 295 ⁵⁵9.

138 337 337 378 utrumque
357 327 655 365 commendabat.
708 326 885 362 Ceterum
906 330 993 361 ante
1012 324 1141 361 omnia
1159 307 1291 360 cer-A·
1305 306 1342 338 C·
1360 311 1434 339 ¹⁹⁹⁰

138 401 265 430 tamen
291 393 547 430 accendebant
574 392 709 428 fratres
738 390 1038 432 candidatorum,
1059 389 1134 434 duo
1164 387 1241 425 cla-

138 458 274 493 rissimi
312 458 431 493 aetatis
469 469 543 493 suae
580 457 847 506 imperatores:
888 453 1010 504 major
1046 452 1168 502 gloria
1203 453 1244 490 in

138 521 339 570 Scipione;
382 526 433 563 et,
472 533 547 569 quo
583 518 720 570 major,
758 532 804 555 eo
841 518 997 569 propior
1032 517 1242 554 invidiam:

140 583 313 621 Quinctii
342 585 543 628 recentior,
574 590 616 620 ut
646 584 709 632 qui
746 596 791 620 eo
826 596 927 619 anno
959 582 1244 632 triumphasset.

137 646 367 691 Accedebat,
389 648 488 698 quod
517 647 612 684 alter
640 647 824 684 decimum
847 646 929 697 jam
959 658 1078 696 prope
1104 657 1246 682 annum

138 710 314 748 adsiduus
334 713 373 748 in
393 711 510 749 oculis
530 712 726 747 hominum
747 710 870 747 fuerat
886 726 896 755 3
930 723 1012 759 quae
1041 721 1099 746 res
1120 708 1243 745 minus

140 776 320 812 verendos
341 790 497 826 magnos
517 777 689 814 homines
710 776 792 827 ipsa
810 775 986 811 satietate
1003 773 1119 810 facit:
1152 785 1247 809 con-

142 838 199 874 sul
231 840 367 877 iterum
399 848 486 892 post
516 842 704 878 devictum
737 839 1009 882 Hannibalem,
1040 848 1249 887 censorque

1 926 7 942 ι
141 904 277 943 fuerat.
321 906 367 942 In
386 907 568 946 Quinctio
587 920 687 943 nova
706 911 744 942 et
763 904 930 940 recentia
948 903 1077 939 omnia
1095 902 1142 939 ad
1161 913 1248 950 gra·
1291 914 1295 917 ·

143 969 236 1005 tiam
256 977 362 1006 erant
380 985 388 1006 ε
419 971 516 1007 nihil
537 984 606 1007 nec
625 971 786 1021 petierat
805 981 827 1005 a
846 967 989 1018 populo
1009 972 1096 1017 post
1113 966 1248 1002 trium-

143 1032 274 1083 phum,
304 1047 373 1070 nec
407 1035 561 1085 adeptus
592 1041 697 1071 erat:
726 1047 795 1082 pro
813 1034 942 1082 fratre
965 1043 1150 1080 germarw,
1179 1042 1250 1066 non

138 1099 316 1155 patruele,
336 1111 372 1135 se
387 1104 506 1147 petere
524 1098 649 1135 aiebat
666 1114 676 1143 3
704 1110 773 1146 pro
794 1099 910 1154 legato
929 1102 963 1133 et
985 1096 1165 1145 participe
1182 1094 1249 1130 ad-

142 1163 338 1198 ministrati
355 1163 463 1199 belli:
490 1174 526 1199 se
545 1167 655 1205 terra,
675 1161 841 1210 fratrem
867 1162 976 1203 mari,
995 1172 1071 1195 rem
1096 1159 1250 1207 gessisse.

145 1224 218 1262 His
241 1226 421 1270 obtinuit,
442 1233 484 1263 ut
512 1226 751 1276 praeferretur
779 1224 994 1268 candidato,
1015 1235 1126 1273 quem
1145 1221 1248 1258 Afri-
1262 1227 1368 1268 Scipio

144 1301 260 1325 canus
280 1289 396 1326 frater
415 1290 602 1335 ducebat3
635 1302 746 1338 quem
770 1287 949 1324 Cornelia
978 1299 1083 1336 genS,
1106 1287 1249 1323 Corne·
1261 1279 1429 1348 ξῧῐίῗιὶἔθ

146 1352 199 1388 lio
219 1353 372 1389 consule
393 1354 547 1390 comitia
574 1352 763 1398 habente3
795 1364 905 1401 quem
935 1357 1085 1388 tantum
1112 1349 1249 1401 praeju-

145 1417 285 1452 dicium
315 1425 480 1461 senatuS,
507 1419 627 1454 virum
657 1430 676 1454 e
706 1418 858 1453 civitate
891 1416 1077 1466 optimum
1100 1414 1252 1465 Judica-

146 1487 241 1524 tum,
270 1482 333 1530 qui
361 1488 519 1518 matrem
548 1482 689 1518 Idaeam
715 1481 942 1517 Pessinunte
971 1480 1185 1516 venientem
1212 1479 1254 1516 in

146 1544 278 1581 urbem
311 1546 509 1596 acciperet.
565 1544 612 1582 L.
642 1546 844 1586 Quinctius
883 1551 921 1580 et
958 1544 1028 1580 Cn.
1059 1542 1252 1579 Domitius

149 1608 426 1646 Ahenobarbus
457 1609 629 1646 consules
666 1609 782 1646 facti:
816 1608 909 1644 adeo
947 1620 994 1643 ne
1027 1608 1066 1643 in
1103 1605 1252 1657 plebeio

148 1673 299 1721 quidem
319 1673 487 1717 consule,
508 1687 622 1723 quum
641 1687 710 1724 pro
731 1674 774 1709 C.
791 1673 912 1709 Laelio
931 1673 1128 1714 niteretur,
1149 1670 1252 1706 Afri-

148 1749 263 1773 canus
284 1737 412 1775 valuit.
468 1737 628 1774 Postero
649 1738 709 1774 die
728 1744 907 1788 praetores
939 1737 1057 1773 creati
1085 1735 1131 1772 L.
1152 1735 1255 1770 Scri-

149 1800 286 1837 bonius
319 1801 434 1845 Libo,
467 1802 524 1839 M.
554 1802 707 1838 Fulvius
743 1801 1002 1843 Centumalus,
1040 1801 1087 1836 A.
1114 1799 1254 1835 Atilius

152 1866 347 1909 Serranus,
364 1867 420 1903 M.
434 1867 585 1903 Baebius
601 1866 838 1916 Tamphilus,
856 1865 1084 1902 L.Valerius
1103 1863 1254 1915 Tappo,

150 1930 199 1970 Q.
221 1930 394 1967 Salonius
425 1932 546 1968 Sarra.
603 1931 780 1981 AEdilitas
811 1931 969 1979 insignis
996 1942 1042 1966 eo
1065 1942 1165 1965 anno
1182 1928 1257 1964 fuit

149 1994 208 2031 M.
227 1994 375 2031 AEmilii
394 1995 529 2046 Lepidi
549 2002 587 2031 et
616 1994 822 2032 L.AEmilii
842 1994 976 2030 Paulli.
1023 1992 1170 2029 Multos
1190 2005 1257 2042 pe-

151 2061 299 2095 cuarios
319 2060 565 2096 damnarunt:
599 2073 644 2096 ex
674 2072 718 2096 ea
745 2060 906 2110 pecunia
934 2058 1054 2108 clipea
1084 2058 1259 2093 inaurata

151 2124 190 2159 in
214 2123 368 2172 fastigio
388 2124 495 2160 Jovis
526 2124 612 2160 aedis
643 2130 862 2173 posuerunt.
918 2122 1113 2159 Porticum
1143 2133 1257 2157 unam

153 2193 260 2223 extra
278 2194 427 2237 portam
446 2187 717 2236 Trigeminam,
740 2187 909 2238 emporio
930 2186 975 2223 ad
993 2185 1163 2222 Tiberim
1192 2185 1259 2220 ad-

146 2249 254 2300 jecto
269 2267 279 2296 3
302 2250 459 2287 alteram
474 2265 497 2287 a
510 2257 620 2302 porta
634 2250 828 2287 Fontinali
842 2251 888 2287 ad
902 2250 1039 2287 RIartis
1054 2262 1171 2294 aram,
1186 2261 1261 2299 qua

153 2315 193 2351 in
214 2314 399 2367 Campum
418 2316 489 2352 iter
508 2323 620 2360 esset,
640 2316 909 2367 perduxerunt.

675 2380 749 2417 Ζ4
