1523 2666
347 181 427 235 196
803 193 849 222 Τ.
871 193 1003 223 mvn

152 283 243 313 U·C·
263 282 430 326 simbus,
456 280 600 332 injussu
620 283 869 332 imperatoris,
891 284 1053 333 scaphiS,
1081 284 1182 321 haud
1212 297 1317 322 secus
1340 297 1451 335 quam

150 327 191 356 A·
208 326 245 357 ρ’
262 333 565 394 ‘²⁰4‘naufmg0s,
588 345 725 382 milites
756 347 836 382 sine
864 348 976 383 armis
1004 360 1089 384 cum
1115 349 1261 398 ingenti
1289 349 1454 386 tumultu

347 412 384 446 iu
405 417 542 447 terram
563 411 736 447 evasisse.

150 472 265 503 Terror
282 474 313 504 in
400 474 596 511 XXVIII.
642 474 837 524 Expositis
875 475 1008 525 copiis,
1046 475 1214 513 Romani
1252 482 1374 513 castra
1410 476 1450 512 in

153 517 270 547 Atma'
345 540 526 590 proximis
543 538 698 574 tumulis
719 545 922 575 metantur.
980 540 1067 576 Jam
1087 554 1164 577 non
1185 542 1223 577 iu
1243 541 1453 577 maritimos

345 604 458 640 modo
478 616 602 652 agros,
624 609 829 653 conspectu
846 604 1008 653 primum
1023 604 1167 649 classis,
1186 606 1272 642 dein
1287 604 1454 641 tumultu

345 668 619 716 egredientium
638 668 676 702 in
696 673 848 710 terram,
863 680 981 717 pavor
1000 674 1194 718 terrorque
1213 675 1448 719 pervenerat,

345 731 411 767 sed
444 732 481 766 in
520 731 619 780 ipsas
655 730 789 766 urbes:
822 742 944 779 neque
977 732 1078 767 enim
1108 733 1307 768 hominum
1338 732 1453 768 modo

345 795 471 838 turba,
498 794 696 830 mulierum
725 806 1003 843 puerorumque
1034 795 1246 844 agminibus
1276 795 1452 838 inmixta,

344 872 474 895 omnes
502 859 641 909 passim
660 857 915 908 compleverat
934 860 1027 901 vias,
1051 859 1116 895 sed
1143 872 1282 909 pecora
1301 871 1452 909 quoque

342 937 418 975 prae
439 936 477 959 se
495 929 659 971 agrestes
681 922 868 971 agebant3
901 928 943 958 ut
962 921 1122 972 relinqui
1139 923 1266 960 subito
1280 923 1450 960 Africam

343 989 496 1025 diceres.
555 986 724 1023 Urbibus
751 999 839 1023 vero
869 987 958 1037 ipsis
987 987 1184 1037 majorem,
1206 1001 1319 1037 quam
1339 1000 1450 1036 quem

345 1065 471 1088 secum
505 1051 732 1095 adtulerant,
766 1058 947 1087 terrorem
982 1051 1214 1088 inferebant:
1265 1052 1453 1103 praecipue

345 1116 596 1164 Karthaginis
624 1128 744 1166 prope
777 1121 818 1151 ut
850 1121 970 1165 captae
999 1115 1183 1152 tumultus
1209 1115 1293 1153 fuit.
1348 1115 1452 1151 Nam

344 1186 432 1232 post
456 1180 513 1216 M.
533 1179 693 1215 Atilium
714 1179 905 1228 Regulum
925 1186 962 1215 et
988 1179 1034 1216 L,
1053 1179 1244 1215 Manlium
1263 1179 1450 1222 consules,

345 1245 453 1281 annis
479 1256 597 1294 prope
617 1243 906 1291 quinquaginta,
928 1242 1073 1279 nullum
1102 1242 1321 1279 Romanum
1347 1255 1453 1279 exer-

346 1308 462 1345 citum
492 1307 674 1348 viderant,
706 1311 841 1356 praeter
870 1306 1113 1355 praedatorias
1146 1306 1296 1349 classes,
1317 1305 1452 1356 quibus

347 1372 613 1408 exscensiones
640 1371 678 1405 in
702 1382 812 1418 agros
839 1370 1048 1406 maritimos
1078 1370 1187 1406 factae
1209 1376 1336 1406 erant:
1368 1382 1455 1420 rap-

344 1437 484 1485 tisque,
504 1448 586 1484 quae
607 1433 719 1470 obvia
738 1433 815 1469 fors
835 1433 990 1477 fecerat,
1012 1434 1115 1484 prius
1143 1446 1334 1470 recursum
1357 1445 1454 1470 sem-

349 1488 422 1549 per
442 1500 489 1536 ad
517 1512 645 1542 naveS,
667 1511 780 1547 quani
809 1497 951 1534 clamor
980 1504 1144 1547 agrestes
1166 1498 1347 1541 conciret,
1372 1497 1455 1534 fue-

348 1571 404 1601 rat
424 1580 431 1601 2
464 1576 509 1600 eo
530 1562 651 1612 major
672 1568 753 1597 tum
772 1561 862 1610 fuga
882 1574 1071 1612 pavorque
1092 1563 1130 1597 in
1151 1561 1242 1598 urbe
1259 1561 1346 1598 fuit.
1384 1560 1452 1603 Et,

350 1628 529 1670 Hercule,
557 1639 679 1675 neque
704 1627 889 1662 exercitus
917 1626 1019 1662 domi
1038 1625 1196 1669 validus,
1223 1638 1345 1675 neque
1364 1625 1454 1668 dux,

350 1692 732 1742 quemobponerent,
753 1696 845 1727 erat.
892 1689 1124 1734 Hasdrubal,
1146 1690 1326 1739 Gisgonis
1342 1689 1453 1731 filius,

351 1770 500 1806 genere,
530 1756 644 1798 fama,
670 1755 824 1798 divitiis,
855 1755 960 1803 regia
992 1761 1073 1790 tum
1101 1755 1215 1790 etiam
1245 1754 1454 1797 adfinitate,

350 1823 464 1871 longe
493 1822 633 1872 primus
665 1820 827 1856 civitatis
859 1825 957 1855 erat:
991 1819 1053 1854 sed
1075 1831 1161 1855 eum
1192 1818 1240 1855 ab
1274 1818 1340 1855 illo
1371 1818 1456 1868 ipso

352 1887 527 1935 Scipione
553 1884 697 1933 aliquot
721 1883 863 1933 proeliis
892 1883 1017 1919 fusum
1046 1882 1270 1932 pulsumque
1294 1882 1334 1918 in
1363 1881 1456 1918 His·
1507 1930 1509 1932 q

349 1950 463 1999 paui-a
482 1947 755 1984 meminerant:
787 1958 856 1981 nec
887 1946 1006 1993 magis
1033 1945 1175 1980 vducem
1199 1945 1286 1980 duci
1312 1958 1455 1995 parem,

349 2026 460 2062 (ruam
481 2011 767 2048 tumultuarium
789 2011 996 2046 exercitum
1017 2022 1124 2044 suum
1151 2008 1328 2045 Romano
1348 2022 1455 2045 exer-

350 2078 441 2113 citui
463 2089 553 2112 esse.
602 2075 750 2124 Itaque,
771 2074 872 2110 velut
893 2075 923 2110 si
943 2073 1074 2110 urbem
1094 2073 1284 2123 extemplo
1304 2073 1456 2122 adgres-

338 2154 457 2180 ,surus
490 2140 616 2189 Scipio
645 2139 758 2182 foret,
787 2140 840 2174 ita
866 2138 912 2174 ad
939 2151 1042 2173 arma
1068 2144 1124 2173 est
1157 2137 1453 2174 conclamatum:

350 2212 543 2256 portaeque
563 2205 699 2254 raptim
720 2203 868 2246 clausae,
888 2209 926 2239 et
945 2202 1080 2239 armati
1100 2203 1139 2237 in
1154 2202 1284 2245 muris,
1301 2202 1457 2251 vigiliae-

349 2283 423 2319 que
443 2276 479 2305 et
499 2269 681 2305 stationes
702 2268 908 2318 dispositae,
930 2280 972 2303 ac
998 2273 1111 2303 nocte
1130 2267 1343 2316 insequenti
1361 2267 1458 2314 vigi-

350 2334 468 2371 latum
488 2339 556 2371 est.
612 2333 771 2370 Postero
801 2332 861 2369 die
887 2332 1083 2382 quingenti
1111 2332 1268 2382 equiteS,
1289 2330 1458 2382 specula»-
