<?xml version="1.0" encoding="UTF-8"?>
<!DOCTYPE html PUBLIC "-//W3C//DTD XHTML 1.0 Transitional//EN"
    "http://www.w3.org/TR/xhtml1/DTD/xhtml1-transitional.dtd">
<html xmlns="http://www.w3.org/1999/xhtml" xml:lang="en" lang="en">
 <head>
  <title>
</title>
<meta http-equiv="Content-Type" content="text/html;charset=utf-8" />
  <meta name='ocr-system' content='tesseract 3.04.00' />
  <meta name='ocr-capabilities' content='ocr_page ocr_carea ocr_par ocr_line ocrx_word'/>
</head>
<body>
  <div class='ocr_page' id='page_1' title='image "./historiarumquaes03livyuoft/historiarumquaes03livyuoft_0506.png"; bbox 0 0 1523 2666; ppageno 0'>
   <div class='ocr_carea' id='block_1_1' title="bbox 280 174 937 228">
    <p class='ocr_par' dir='ltr' id='par_1_1' title="bbox 280 174 937 228">
     <span class='ocr_line' id='line_1_1' title="bbox 280 174 937 228; baseline -0.011 -13"><span class='ocrx_word' id='word_1_1' title='bbox 280 174 366 228; x_wconf 83' lang='lat'>496</span> <span class='ocrx_word' id='word_1_2' title='bbox 735 182 780 211; x_wconf 83' lang='lat' dir='ltr'>T.</span> <span class='ocrx_word' id='word_1_3' title='bbox 806 180 937 209; x_wconf 77' lang='lat' dir='ltr'>L1v11</span> 
     </span>
    </p>
   </div>
   <div class='ocr_carea' id='block_1_2' title="bbox 76 267 1386 956">
    <p class='ocr_par' dir='ltr' id='par_1_2' title="bbox 76 267 1386 956">
     <span class='ocr_line' id='line_1_2' title="bbox 81 267 1383 323; baseline -0.009 -8"><span class='ocrx_word' id='word_1_4' title='bbox 81 283 177 315; x_wconf 84' lang='lat' dir='ltr'>U.c.</span> <span class='ocrx_word' id='word_1_5' title='bbox 193 290 264 316; x_wconf 74' lang='grc'>559.</span> <span class='ocrx_word' id='word_1_6' title='bbox 278 275 363 311; x_wconf 90' lang='lat' dir='ltr'>dam</span> <span class='ocrx_word' id='word_1_7' title='bbox 393 272 550 323; x_wconf 89' lang='lat' dir='ltr'>Tyrium</span> <span class='ocrx_word' id='word_1_8' title='bbox 579 278 712 309; x_wconf 88' lang='lat' dir='ltr'>nactus</span> <span class='ocrx_word' id='word_1_9' title='bbox 737 271 896 322; x_wconf 82' lang='lat' dir='ltr'>Ephesi,</span> <span class='ocrx_word' id='word_1_10' title='bbox 916 275 1166 320; x_wconf 85' lang='lat' dir='ltr'>expertusque</span> <span class='ocrx_word' id='word_1_11' title='bbox 1192 267 1383 304; x_wconf 78' lang='lat' dir='ltr'>solertiam</span> 
     </span>
     <span class='ocr_line' id='line_1_3' title="bbox 80 326 1384 391; baseline -0.005 -16"><span class='ocrx_word' id='word_1_12' title='bbox 80 326 174 391; x_wconf 42' lang='lat'>320·</span> <span class='ocrx_word' id='word_1_13' title='bbox 193 333 263 359; x_wconf 74' lang='lat'><strong>¹9³·</strong></span> <span class='ocrx_word' id='word_1_14' title='bbox 277 337 480 375; x_wconf 86' lang='lat' dir='ltr'>levioribus</span> <span class='ocrx_word' id='word_1_15' title='bbox 518 337 757 381; x_wconf 78' lang='lat' dir='ltr'>ministerii83</span> <span class='ocrx_word' id='word_1_16' title='bbox 808 337 944 386; x_wconf 89' lang='lat' dir='ltr'>partim</span> <span class='ocrx_word' id='word_1_17' title='bbox 982 336 1104 378; x_wconf 82' lang='lat' dir='ltr'>donis,</span> <span class='ocrx_word' id='word_1_18' title='bbox 1144 335 1282 385; x_wconf 87' lang='lat' dir='ltr'>partim</span> <span class='ocrx_word' id='word_1_19' title='bbox 1318 345 1384 383; x_wconf 90' lang='lat' dir='ltr'>spe</span> 
     </span>
     <span class='ocr_line' id='line_1_4' title="bbox 77 385 1382 457; baseline -0.005 -18"><span class='ocrx_word' id='word_1_20' title='bbox 77 385 264 457; x_wconf 45' lang='grc' dir='ltr'>ᾓξξῖῗὲἲέ</span> <span class='ocrx_word' id='word_1_21' title='bbox 278 402 517 452; x_wconf 72' lang='lat' dir='ltr'>praemiorum</span> <span class='ocrx_word' id='word_1_22' title='bbox 533 407 746 443; x_wconf 84' lang='lat' dir='ltr'>oneratum,</span> <span class='ocrx_word' id='word_1_23' title='bbox 767 400 902 449; x_wconf 89' lang='lat' dir='ltr'>quibus</span> <span class='ocrx_word' id='word_1_24' title='bbox 923 401 1035 436; x_wconf 84' lang='lat' dir='ltr'>etiam</span> <span class='ocrx_word' id='word_1_25' title='bbox 1056 400 1135 449; x_wconf 83' lang='lat' dir='ltr'>ipse</span> <span class='ocrx_word' id='word_1_26' title='bbox 1156 411 1221 435; x_wconf 85' lang='lat' dir='ltr'>rex</span> <span class='ocrx_word' id='word_1_27' title='bbox 1240 398 1382 434; x_wconf 84' lang='lat' dir='ltr'>adnue-</span> 
     </span>
     <span class='ocr_line' id='line_1_5' title="bbox 76 460 1384 513; baseline -0.003 -12"><span class='ocrx_word' id='word_1_28' title='bbox 76 470 254 510; x_wconf 84' lang='lat' dir='ltr'>thaginem.</span> <span class='ocrx_word' id='word_1_29' title='bbox 276 473 348 509; x_wconf 89' lang='lat' dir='ltr'>rat,</span> <span class='ocrx_word' id='word_1_30' title='bbox 366 465 645 513; x_wconf 82' lang='lat' dir='ltr'>Karthaginem</span> <span class='ocrx_word' id='word_1_31' title='bbox 661 477 746 499; x_wconf 90' lang='lat' dir='ltr'>cum</span> <span class='ocrx_word' id='word_1_32' title='bbox 766 464 952 499; x_wconf 86' lang='lat' dir='ltr'>mandatis</span> <span class='ocrx_word' id='word_1_33' title='bbox 971 464 1086 498; x_wconf 84' lang='lat' dir='ltr'>mittit</span> <span class='ocrx_word' id='word_1_34' title='bbox 1101 479 1111 508; x_wconf 80' lang='lat'><em>3</em></span> <span class='ocrx_word' id='word_1_35' title='bbox 1135 462 1212 498; x_wconf 88' lang='lat' dir='ltr'>edit</span> <span class='ocrx_word' id='word_1_36' title='bbox 1226 460 1384 498; x_wconf 87' lang='lat' dir='ltr'>nomina</span> 
     </span>
     <span class='ocr_line' id='line_1_6' title="bbox 275 525 1385 577; baseline -0.005 -11"><span class='ocrx_word' id='word_1_37' title='bbox 275 543 419 572; x_wconf 88' lang='lat' dir='ltr'>eorum,</span> <span class='ocrx_word' id='word_1_38' title='bbox 441 528 576 577; x_wconf 86' lang='lat' dir='ltr'>quibus</span> <span class='ocrx_word' id='word_1_39' title='bbox 600 527 796 563; x_wconf 88' lang='lat' dir='ltr'>conventis</span> <span class='ocrx_word' id='word_1_40' title='bbox 824 540 918 576; x_wconf 88' lang='lat' dir='ltr'>opus</span> <span class='ocrx_word' id='word_1_41' title='bbox 947 533 1063 563; x_wconf 89' lang='lat' dir='ltr'>esset:</span> <span class='ocrx_word' id='word_1_42' title='bbox 1098 527 1251 563; x_wconf 89' lang='lat' dir='ltr'>instruit</span> <span class='ocrx_word' id='word_1_43' title='bbox 1270 525 1385 561; x_wconf 87' lang='lat' dir='ltr'>etiam</span> 
     </span>
     <span class='ocr_line' id='line_1_7' title="bbox 274 590 1386 640; baseline -0.005 -10"><span class='ocrx_word' id='word_1_44' title='bbox 274 594 428 630; x_wconf 85' lang='lat' dir='ltr'>secretis</span> <span class='ocrx_word' id='word_1_45' title='bbox 455 592 571 634; x_wconf 88' lang='lat' dir='ltr'>notis,</span> <span class='ocrx_word' id='word_1_46' title='bbox 593 603 660 640; x_wconf 87' lang='lat' dir='ltr'>per</span> <span class='ocrx_word' id='word_1_47' title='bbox 678 603 769 638; x_wconf 90' lang='lat' dir='ltr'>quas</span> <span class='ocrx_word' id='word_1_48' title='bbox 790 591 891 626; x_wconf 89' lang='lat' dir='ltr'>haud</span> <span class='ocrx_word' id='word_1_49' title='bbox 910 590 1023 626; x_wconf 88' lang='lat' dir='ltr'>dubie</span> <span class='ocrx_word' id='word_1_50' title='bbox 1049 596 1299 638; x_wconf 82' lang='lat' dir='ltr'>agnoscerent</span> <span class='ocrx_word' id='word_1_51' title='bbox 1317 600 1386 624; x_wconf 88' lang='lat' dir='ltr'>sua</span> 
     </span>
     <span class='ocr_line' id='line_1_8' title="bbox 271 652 1383 701; baseline -0.004 -9"><span class='ocrx_word' id='word_1_52' title='bbox 271 656 452 693; x_wconf 86' lang='lat' dir='ltr'>mandata</span> <span class='ocrx_word' id='word_1_53' title='bbox 470 666 563 690; x_wconf 88' lang='lat' dir='ltr'>esse.</span> <span class='ocrx_word' id='word_1_54' title='bbox 620 653 736 689; x_wconf 89' lang='lat' dir='ltr'>Huuc</span> <span class='ocrx_word' id='word_1_55' title='bbox 752 654 972 689; x_wconf 83' lang='lat' dir='ltr'>Aristonem</span> <span class='ocrx_word' id='word_1_56' title='bbox 992 653 1233 701; x_wconf 80' lang='lat' dir='ltr'>Karthagine</span> <span class='ocrx_word' id='word_1_57' title='bbox 1249 652 1383 688; x_wconf 87' lang='lat' dir='ltr'>obver-</span> 
     </span>
     <span class='ocr_line' id='line_1_9' title="bbox 274 715 1384 767; baseline -0.005 -12"><span class='ocrx_word' id='word_1_58' title='bbox 274 726 421 756; x_wconf 84' lang='lat' dir='ltr'>santem</span> <span class='ocrx_word' id='word_1_59' title='bbox 442 731 518 754; x_wconf 90' lang='lat' dir='ltr'>non</span> <span class='ocrx_word' id='word_1_60' title='bbox 548 717 651 767; x_wconf 85' lang='lat' dir='ltr'>prius</span> <span class='ocrx_word' id='word_1_61' title='bbox 683 717 807 758; x_wconf 85' lang='lat' dir='ltr'>amici,</span> <span class='ocrx_word' id='word_1_62' title='bbox 830 730 942 765; x_wconf 82' lang='lat' dir='ltr'>quam</span> <span class='ocrx_word' id='word_1_63' title='bbox 968 717 1114 753; x_wconf 89' lang='lat' dir='ltr'>inimici</span> <span class='ocrx_word' id='word_1_64' title='bbox 1140 715 1384 758; x_wconf 79' lang='lat' dir='ltr'>Hannibalis,</span> 
     </span>
     <span class='ocr_line' id='line_1_10' title="bbox 274 779 1386 832; baseline -0.004 -13"><span class='ocrx_word' id='word_1_65' title='bbox 274 796 347 832; x_wconf 89' lang='lat' dir='ltr'>qua</span> <span class='ocrx_word' id='word_1_66' title='bbox 374 783 418 818; x_wconf 89' lang='lat' dir='ltr'>de</span> <span class='ocrx_word' id='word_1_67' title='bbox 445 793 577 818; x_wconf 84' lang='lat' dir='ltr'>caussa</span> <span class='ocrx_word' id='word_1_68' title='bbox 598 781 774 824; x_wconf 86' lang='lat' dir='ltr'>venisset,</span> <span class='ocrx_word' id='word_1_69' title='bbox 796 788 1068 828; x_wconf 81' lang='lat' dir='ltr'>cognoverunt.</span> <span class='ocrx_word' id='word_1_70' title='bbox 1125 780 1178 816; x_wconf 85' lang='lat' dir='ltr'>Et</span> <span class='ocrx_word' id='word_1_71' title='bbox 1204 780 1327 830; x_wconf 90' lang='lat' dir='ltr'>primo</span> <span class='ocrx_word' id='word_1_72' title='bbox 1346 779 1386 815; x_wconf 91' lang='lat' dir='ltr'>in</span> 
     </span>
     <span class='ocr_line' id='line_1_11' title="bbox 272 844 1380 893; baseline -0.003 -11"><span class='ocrx_word' id='word_1_73' title='bbox 272 846 421 882; x_wconf 88' lang='lat' dir='ltr'>circulis</span> <span class='ocrx_word' id='word_1_74' title='bbox 447 845 703 893; x_wconf 84' lang='lat' dir='ltr'>conviviisque</span> <span class='ocrx_word' id='word_1_75' title='bbox 736 844 926 880; x_wconf 79' lang='lat' dir='ltr'>celebrata</span> <span class='ocrx_word' id='word_1_76' title='bbox 955 844 1191 880; x_wconf 85' lang='lat' dir='ltr'>sermonibus</span> <span class='ocrx_word' id='word_1_77' title='bbox 1219 855 1277 879; x_wconf 88' lang='lat' dir='ltr'>res</span> <span class='ocrx_word' id='word_1_78' title='bbox 1304 848 1380 879; x_wconf 89' lang='lat' dir='ltr'>est:</span> 
     </span>
     <span class='ocr_line' id='line_1_12' title="bbox 271 907 1382 956; baseline -0.004 -10"><span class='ocrx_word' id='word_1_79' title='bbox 271 910 407 946; x_wconf 84' lang='lat' dir='ltr'>deinde</span> <span class='ocrx_word' id='word_1_80' title='bbox 439 910 478 944; x_wconf 87' lang='lat' dir='ltr'>in</span> <span class='ocrx_word' id='word_1_81' title='bbox 503 915 635 944; x_wconf 86' lang='lat' dir='ltr'>senatu</span> <span class='ocrx_word' id='word_1_82' title='bbox 667 908 834 956; x_wconf 87' lang='lat' dir='ltr'>quidam,</span> <span class='ocrx_word' id='word_1_83' title='bbox 863 909 969 946; x_wconf 82' lang='lat' dir='ltr'>Nihil</span> <span class='ocrx_word' id='word_1_84' title='bbox 996 914 1116 945; x_wconf 78' lang='lat' dir='ltr'>actum</span> <span class='ocrx_word' id='word_1_85' title='bbox 1142 920 1225 951; x_wconf 83' lang='lat' dir='ltr'>esse,</span> <span class='ocrx_word' id='word_1_86' title='bbox 1246 907 1382 950; x_wconf 89' lang='lat' dir='ltr'>dicere,</span> 
     </span>
    </p>
   </div>
   <div class='ocr_carea' id='block_1_3' title="bbox 271 972 1382 1020">
    <p class='ocr_par' dir='ltr' id='par_1_3' title="bbox 271 972 1382 1020">
     <span class='ocr_line' id='line_1_13' title="bbox 271 972 1382 1020; baseline -0.004 -10"><span class='ocrx_word' id='word_1_87' title='bbox 271 975 394 1010; x_wconf 77' lang='lat' dir='ltr'>exsilio</span> <span class='ocrx_word' id='word_1_88' title='bbox 423 973 651 1013; x_wconf 79' lang='lat' dir='ltr'>Hannibalis,</span> <span class='ocrx_word' id='word_1_89' title='bbox 672 973 703 1007; x_wconf 82' lang='lat' dir='ltr'>si</span> <span class='ocrx_word' id='word_1_90' title='bbox 731 972 852 1008; x_wconf 84' lang='lat' dir='ltr'>absens</span> <span class='ocrx_word' id='word_1_91' title='bbox 874 985 1011 1020; x_wconf 82' lang='lat' dir='ltr'>quoque</span> <span class='ocrx_word' id='word_1_92' title='bbox 1038 984 1148 1009; x_wconf 81' lang='lat' dir='ltr'>novas</span> <span class='ocrx_word' id='word_1_93' title='bbox 1174 972 1292 1008; x_wconf 85' lang='lat' dir='ltr'>moliri</span> <span class='ocrx_word' id='word_1_94' title='bbox 1315 982 1382 1013; x_wconf 85' lang='lat' dir='ltr'>res,</span> 
     </span>
    </p>
   </div>
   <div class='ocr_carea' id='block_1_4' title="bbox 270 1036 1441 1088">
    <p class='ocr_par' dir='ltr' id='par_1_4' title="bbox 270 1036 1441 1088">
     <span class='ocr_line' id='line_1_14' title="bbox 270 1036 1441 1088; baseline -0.003 -14"><span class='ocrx_word' id='word_1_95' title='bbox 270 1039 566 1085; x_wconf 78' lang='lat' dir='ltr'>sollicitandoque</span> <span class='ocrx_word' id='word_1_96' title='bbox 584 1038 720 1072; x_wconf 79' lang='lat' dir='ltr'>animos</span> <span class='ocrx_word' id='word_1_97' title='bbox 739 1036 920 1072; x_wconf 80' lang='lat' dir='ltr'>hominum</span> <span class='ocrx_word' id='word_1_98' title='bbox 945 1038 1088 1073; x_wconf 77' lang='lat' dir='ltr'>turbare</span> <span class='ocrx_word' id='word_1_99' title='bbox 1105 1042 1239 1073; x_wconf 85' lang='lat' dir='ltr'>statum</span> <span class='ocrx_word' id='word_1_100' title='bbox 1258 1037 1384 1072; x_wconf 79' lang='lat' dir='ltr'>civita-</span> <span class='ocrx_word' id='word_1_101' title='bbox 1437 1084 1441 1088; x_wconf 24' lang='lat'>⁸</span> 
     </span>
    </p>
   </div>
   <div class='ocr_carea' id='block_1_5' title="bbox 264 1101 1385 2367">
    <p class='ocr_par' dir='ltr' id='par_1_5' title="bbox 264 1101 1385 2367">
     <span class='ocr_line' id='line_1_15' title="bbox 273 1101 1383 1150; baseline -0.002 -12"><span class='ocrx_word' id='word_1_102' title='bbox 273 1105 317 1138; x_wconf 81' lang='lat' dir='ltr'>tis</span> <span class='ocrx_word' id='word_1_103' title='bbox 333 1108 460 1150; x_wconf 80' lang='lat' dir='ltr'>posset.</span> <span class='ocrx_word' id='word_1_104' title='bbox 507 1103 709 1137; x_wconf 81' lang='lat' dir='ltr'>Aristonem</span> <span class='ocrx_word' id='word_1_105' title='bbox 727 1103 928 1149; x_wconf 79' lang='lat' dir='ltr'>quemdam,</span> <span class='ocrx_word' id='word_1_106' title='bbox 952 1103 1096 1150; x_wconf 76' lang='lat' dir='ltr'>Tyrium</span> <span class='ocrx_word' id='word_1_107' title='bbox 1118 1103 1306 1143; x_wconf 81' lang='lat' dir='ltr'>advenam,</span> <span class='ocrx_word' id='word_1_108' title='bbox 1327 1101 1383 1136; x_wconf 80' lang='lat' dir='ltr'>in-</span> 
     </span>
     <span class='ocr_line' id='line_1_16' title="bbox 270 1163 1381 1211; baseline -0.002 -10"><span class='ocrx_word' id='word_1_109' title='bbox 270 1171 444 1201; x_wconf 78' lang='lat' dir='ltr'>structum</span> <span class='ocrx_word' id='word_1_110' title='bbox 470 1166 653 1200; x_wconf 80' lang='lat' dir='ltr'>mandatis</span> <span class='ocrx_word' id='word_1_111' title='bbox 671 1165 715 1200; x_wconf 83' lang='lat' dir='ltr'>ab</span> <span class='ocrx_word' id='word_1_112' title='bbox 740 1165 945 1200; x_wconf 70' lang='lat' dir='ltr'>Hannibale</span> <span class='ocrx_word' id='word_1_113' title='bbox 967 1170 1003 1200; x_wconf 85' lang='lat' dir='ltr'>et</span> <span class='ocrx_word' id='word_1_114' title='bbox 1028 1165 1072 1200; x_wconf 82' lang='lat' dir='ltr'>ab</span> <span class='ocrx_word' id='word_1_115' title='bbox 1090 1163 1267 1201; x_wconf 83' lang='lat' dir='ltr'>Antiocho</span> <span class='ocrx_word' id='word_1_116' title='bbox 1285 1175 1381 1211; x_wconf 86' lang='lat' dir='ltr'>rege,</span> 
     </span>
     <span class='ocr_line' id='line_1_17' title="bbox 271 1228 1383 1276; baseline -0.002 -11"><span class='ocrx_word' id='word_1_117' title='bbox 271 1231 422 1265; x_wconf 79' lang='lat' dir='ltr'>venisse:</span> <span class='ocrx_word' id='word_1_118' title='bbox 452 1233 564 1265; x_wconf 85' lang='lat' dir='ltr'>certos</span> <span class='ocrx_word' id='word_1_119' title='bbox 583 1229 740 1265; x_wconf 79' lang='lat' dir='ltr'>homines</span> <span class='ocrx_word' id='word_1_120' title='bbox 765 1230 924 1276; x_wconf 83' lang='lat' dir='ltr'>quotidie</span> <span class='ocrx_word' id='word_1_121' title='bbox 947 1240 1027 1264; x_wconf 85' lang='lat' dir='ltr'>cum</span> <span class='ocrx_word' id='word_1_122' title='bbox 1045 1241 1086 1265; x_wconf 88' lang='lat' dir='ltr'>eo</span> <span class='ocrx_word' id='word_1_123' title='bbox 1104 1233 1238 1264; x_wconf 84' lang='lat' dir='ltr'>secreta</span> <span class='ocrx_word' id='word_1_124' title='bbox 1263 1228 1383 1263; x_wconf 84' lang='lat' dir='ltr'>conlo-</span> 
     </span>
     <span class='ocr_line' id='line_1_18' title="bbox 270 1292 1385 1340; baseline -0.001 -12"><span class='ocrx_word' id='word_1_125' title='bbox 270 1295 357 1340; x_wconf 76' lang='lat' dir='ltr'>quia</span> <span class='ocrx_word' id='word_1_126' title='bbox 384 1304 510 1335; x_wconf 77' lang='lat' dir='ltr'>serere,</span> <span class='ocrx_word' id='word_1_127' title='bbox 541 1297 575 1328; x_wconf 87' lang='lat' dir='ltr'>et</span> <span class='ocrx_word' id='word_1_128' title='bbox 603 1294 640 1328; x_wconf 84' lang='lat' dir='ltr'>in</span> <span class='ocrx_word' id='word_1_129' title='bbox 666 1292 804 1328; x_wconf 77' lang='lat' dir='ltr'>occulto</span> <span class='ocrx_word' id='word_1_130' title='bbox 835 1293 1011 1340; x_wconf 80' lang='lat' dir='ltr'>conloqui,</span> <span class='ocrx_word' id='word_1_131' title='bbox 1033 1293 1128 1340; x_wconf 85' lang='lat' dir='ltr'>quod</span> <span class='ocrx_word' id='word_1_132' title='bbox 1151 1304 1233 1327; x_wconf 76' lang='lat' dir='ltr'>mox</span> <span class='ocrx_word' id='word_1_133' title='bbox 1251 1292 1287 1327; x_wconf 84' lang='lat' dir='ltr'>in</span> <span class='ocrx_word' id='word_1_134' title='bbox 1306 1303 1385 1327; x_wconf 86' lang='lat' dir='ltr'>om-</span> 
     </span>
     <span class='ocr_line' id='line_1_19' title="bbox 269 1354 1380 1405; baseline -0.002 -13"><span class='ocrx_word' id='word_1_135' title='bbox 269 1360 370 1392; x_wconf 76' lang='lat' dir='ltr'>nium</span> <span class='ocrx_word' id='word_1_136' title='bbox 386 1358 581 1405; x_wconf 81' lang='lat' dir='ltr'>perniciem</span> <span class='ocrx_word' id='word_1_137' title='bbox 600 1361 810 1404; x_wconf 79' lang='lat' dir='ltr'>erupturum</span> <span class='ocrx_word' id='word_1_138' title='bbox 830 1361 926 1392; x_wconf 82' lang='lat' dir='ltr'>esset.</span> <span class='ocrx_word' id='word_1_139' title='bbox 972 1354 1219 1392; x_wconf 89' lang='lat' dir='ltr'>Conclamare</span> <span class='ocrx_word' id='word_1_140' title='bbox 1235 1366 1380 1398; x_wconf 87' lang='lat' dir='ltr'>omnes,</span> 
     </span>
     <span class='ocr_line' id='line_1_20' title="bbox 277 1421 1381 1468; baseline -0.003 -11"><span class='ocrx_word' id='word_1_141' title='bbox 277 1422 406 1457; x_wconf 82' lang='lat' dir='ltr'>Vocari</span> <span class='ocrx_word' id='word_1_142' title='bbox 424 1422 626 1457; x_wconf 80' lang='lat' dir='ltr'>Aristonem</span> <span class='ocrx_word' id='word_1_143' title='bbox 653 1422 789 1463; x_wconf 84' lang='lat' dir='ltr'>debere,</span> <span class='ocrx_word' id='word_1_144' title='bbox 813 1425 847 1456; x_wconf 81' lang='lat' dir='ltr'>et</span> <span class='ocrx_word' id='word_1_145' title='bbox 873 1422 996 1468; x_wconf 81' lang='lat' dir='ltr'>quaeri,</span> <span class='ocrx_word' id='word_1_146' title='bbox 1023 1422 1111 1468; x_wconf 77' lang='lat' dir='ltr'>quid</span> <span class='ocrx_word' id='word_1_147' title='bbox 1134 1421 1303 1463; x_wconf 85' lang='lat' dir='ltr'>venisset,·</span> <span class='ocrx_word' id='word_1_148' title='bbox 1332 1423 1381 1462; x_wconf 82' lang='lat' dir='ltr'>et,</span> 
     </span>
     <span class='ocr_line' id='line_1_21' title="bbox 272 1486 1380 1535; baseline -0.003 -12"><span class='ocrx_word' id='word_1_149' title='bbox 272 1489 340 1523; x_wconf 73' lang='lat' dir='ltr'>nisi</span> <span class='ocrx_word' id='word_1_150' title='bbox 358 1492 589 1535; x_wconf 80' lang='lat' dir='ltr'>expromeret,</span> <span class='ocrx_word' id='word_1_151' title='bbox 617 1499 696 1523; x_wconf 79' lang='lat' dir='ltr'>cum</span> <span class='ocrx_word' id='word_1_152' title='bbox 722 1488 848 1534; x_wconf 79' lang='lat' dir='ltr'>legalis</span> <span class='ocrx_word' id='word_1_153' title='bbox 876 1486 1029 1523; x_wconf 83' lang='lat' dir='ltr'>Romam</span> <span class='ocrx_word' id='word_1_154' title='bbox 1051 1488 1172 1522; x_wconf 81' lang='lat' dir='ltr'>mitti:</span> <span class='ocrx_word' id='word_1_155' title='bbox 1198 1487 1285 1521; x_wconf 86' lang='lat' dir='ltr'>satis</span> <span class='ocrx_word' id='word_1_156' title='bbox 1310 1497 1380 1533; x_wconf 84' lang='lat' dir='ltr'>pro</span> 
     </span>
     <span class='ocr_line' id='line_1_22' title="bbox 273 1551 1381 1598; baseline -0.002 -12"><span class='ocrx_word' id='word_1_157' title='bbox 273 1553 474 1587; x_wconf 74' lang='lat' dir='ltr'>temeritate</span> <span class='ocrx_word' id='word_1_158' title='bbox 504 1552 608 1587; x_wconf 74' lang='lat' dir='ltr'>unius</span> <span class='ocrx_word' id='word_1_159' title='bbox 644 1551 795 1586; x_wconf 79' lang='lat' dir='ltr'>hominis</span> <span class='ocrx_word' id='word_1_160' title='bbox 829 1551 1085 1598; x_wconf 78' lang='lat' dir='ltr'>suppliciorum</span> <span class='ocrx_word' id='word_1_161' title='bbox 1114 1561 1263 1597; x_wconf 80' lang='lat' dir='ltr'>pensum</span> <span class='ocrx_word' id='word_1_162' title='bbox 1299 1560 1381 1585; x_wconf 85' lang='lat' dir='ltr'>esse.</span> 
     </span>
     <span class='ocr_line' id='line_1_23' title="bbox 273 1614 1382 1663; baseline -0.003 -12"><span class='ocrx_word' id='word_1_163' title='bbox 273 1616 442 1651; x_wconf 76' lang='lat' dir='ltr'>Privatos</span> <span class='ocrx_word' id='word_1_164' title='bbox 477 1627 540 1651; x_wconf 84' lang='lat' dir='ltr'>suo</span> <span class='ocrx_word' id='word_1_165' title='bbox 565 1616 726 1663; x_wconf 83' lang='lat' dir='ltr'>periculo</span> <span class='ocrx_word' id='word_1_166' title='bbox 751 1619 984 1663; x_wconf 83' lang='lat' dir='ltr'>peccaturos:</span> <span class='ocrx_word' id='word_1_167' title='bbox 1019 1614 1275 1662; x_wconf 79' lang='lat' dir='ltr'>rempublicam</span> <span class='ocrx_word' id='word_1_168' title='bbox 1310 1625 1382 1649; x_wconf 86' lang='lat' dir='ltr'>non</span> 
     </span>
     <span class='ocr_line' id='line_1_24' title="bbox 271 1678 1378 1728; baseline -0.001 -13"><span class='ocrx_word' id='word_1_169' title='bbox 271 1685 373 1715; x_wconf 75' lang='lat' dir='ltr'>extra</span> <span class='ocrx_word' id='word_1_170' title='bbox 392 1692 522 1715; x_wconf 71' lang='lat' dir='ltr'>noxam</span> <span class='ocrx_word' id='word_1_171' title='bbox 541 1681 658 1722; x_wconf 78' lang='lat' dir='ltr'>modo,</span> <span class='ocrx_word' id='word_1_172' title='bbox 678 1680 739 1715; x_wconf 83' lang='lat' dir='ltr'>sed</span> <span class='ocrx_word' id='word_1_173' title='bbox 757 1681 865 1715; x_wconf 76' lang='lat' dir='ltr'>etiam</span> <span class='ocrx_word' id='word_1_174' title='bbox 887 1684 987 1715; x_wconf 74' lang='lat' dir='ltr'>extra.</span> <span class='ocrx_word' id='word_1_175' title='bbox 995 1678 1145 1728; x_wconf 64' lang='lat' dir='ltr'>famam</span> <span class='ocrx_word' id='word_1_176' title='bbox 1164 1690 1275 1721; x_wconf 70' lang='lat' dir='ltr'>noxae,</span> <span class='ocrx_word' id='word_1_177' title='bbox 1295 1689 1378 1714; x_wconf 87' lang='lat' dir='ltr'>con-</span> 
     </span>
     <span class='ocr_line' id='line_1_25' title="bbox 269 1741 1380 1792; baseline -0.002 -13"><span class='ocrx_word' id='word_1_178' title='bbox 269 1744 481 1780; x_wconf 77' lang='lat' dir='ltr'>servandam</span> <span class='ocrx_word' id='word_1_179' title='bbox 501 1755 581 1779; x_wconf 86' lang='lat' dir='ltr'>esse.</span> <span class='ocrx_word' id='word_1_180' title='bbox 627 1743 795 1778; x_wconf 88' lang='lat' dir='ltr'>Vocatus</span> <span class='ocrx_word' id='word_1_181' title='bbox 816 1743 946 1778; x_wconf 88' lang='lat' dir='ltr'>Aristo</span> <span class='ocrx_word' id='word_1_182' title='bbox 966 1754 1126 1792; x_wconf 85' lang='lat' dir='ltr'>purgare</span> <span class='ocrx_word' id='word_1_183' title='bbox 1145 1754 1240 1785; x_wconf 86' lang='lat' dir='ltr'>sese,</span> <span class='ocrx_word' id='word_1_184' title='bbox 1261 1747 1298 1777; x_wconf 90' lang='lat' dir='ltr'>et</span> <span class='ocrx_word' id='word_1_185' title='bbox 1318 1741 1380 1778; x_wconf 86' lang='lat' dir='ltr'>fir-</span> 
     </span>
     <span class='ocr_line' id='line_1_26' title="bbox 271 1805 1380 1856; baseline -0.001 -14"><span class='ocrx_word' id='word_1_186' title='bbox 271 1807 441 1842; x_wconf 85' lang='lat' dir='ltr'>missimo</span> <span class='ocrx_word' id='word_1_187' title='bbox 467 1805 754 1856; x_wconf 88' lang='lat' dir='ltr'>propugnaculo</span> <span class='ocrx_word' id='word_1_188' title='bbox 785 1807 852 1848; x_wconf 88' lang='lat' dir='ltr'>uti,</span> <span class='ocrx_word' id='word_1_189' title='bbox 874 1806 974 1855; x_wconf 86' lang='lat' dir='ltr'>quod</span> <span class='ocrx_word' id='word_1_190' title='bbox 997 1805 1188 1841; x_wconf 86' lang='lat' dir='ltr'>literarum</span> <span class='ocrx_word' id='word_1_191' title='bbox 1217 1805 1313 1841; x_wconf 85' lang='lat' dir='ltr'>nihil</span> <span class='ocrx_word' id='word_1_192' title='bbox 1332 1805 1380 1842; x_wconf 86' lang='lat' dir='ltr'>ad</span> 
     </span>
     <span class='ocr_line' id='line_1_27' title="bbox 271 1870 1378 1919; baseline 0 -14"><span class='ocrx_word' id='word_1_193' title='bbox 271 1883 496 1919; x_wconf 85' lang='lat' dir='ltr'>quemquam</span> <span class='ocrx_word' id='word_1_194' title='bbox 517 1870 730 1906; x_wconf 84' lang='lat' dir='ltr'>adtulisset:</span> <span class='ocrx_word' id='word_1_195' title='bbox 764 1877 929 1906; x_wconf 88' lang='lat' dir='ltr'>ceterum</span> <span class='ocrx_word' id='word_1_196' title='bbox 956 1883 1025 1906; x_wconf 86' lang='lat' dir='ltr'>nec</span> <span class='ocrx_word' id='word_1_197' title='bbox 1051 1882 1219 1906; x_wconf 87' lang='lat' dir='ltr'>caussam</span> <span class='ocrx_word' id='word_1_198' title='bbox 1240 1870 1378 1906; x_wconf 85' lang='lat' dir='ltr'>adven-</span> 
     </span>
     <span class='ocr_line' id='line_1_28' title="bbox 270 1935 1377 1984; baseline -0.001 -13"><span class='ocrx_word' id='word_1_199' title='bbox 270 1943 330 1971; x_wconf 83' lang='lat' dir='ltr'>tus</span> <span class='ocrx_word' id='word_1_200' title='bbox 361 1936 451 1971; x_wconf 83' lang='lat' dir='ltr'>satis</span> <span class='ocrx_word' id='word_1_201' title='bbox 485 1935 723 1984; x_wconf 85' lang='lat' dir='ltr'>expediebat,</span> <span class='ocrx_word' id='word_1_202' title='bbox 758 1941 796 1971; x_wconf 89' lang='lat' dir='ltr'>et</span> <span class='ocrx_word' id='word_1_203' title='bbox 828 1936 867 1970; x_wconf 90' lang='lat' dir='ltr'>in</span> <span class='ocrx_word' id='word_1_204' title='bbox 897 1948 942 1971; x_wconf 91' lang='lat' dir='ltr'>eo</span> <span class='ocrx_word' id='word_1_205' title='bbox 975 1936 1137 1971; x_wconf 77' lang='lat' dir='ltr'>maxime</span> <span class='ocrx_word' id='word_1_206' title='bbox 1162 1935 1377 1978; x_wconf 70' lang='lat' dir='ltr'>haesitabat,</span> 
     </span>
     <span class='ocr_line' id='line_1_29' title="bbox 268 1997 1378 2047; baseline 0 -13"><span class='ocrx_word' id='word_1_207' title='bbox 268 1999 371 2047; x_wconf 84' lang='lat' dir='ltr'>quod</span> <span class='ocrx_word' id='word_1_208' title='bbox 391 2012 475 2034; x_wconf 90' lang='lat' dir='ltr'>cum</span> <span class='ocrx_word' id='word_1_209' title='bbox 496 1999 667 2035; x_wconf 82' lang='lat' dir='ltr'>Barcinae</span> <span class='ocrx_word' id='word_1_210' title='bbox 695 1998 815 2034; x_wconf 82' lang='lat' dir='ltr'>solum</span> <span class='ocrx_word' id='word_1_211' title='bbox 842 1999 1018 2035; x_wconf 88' lang='lat' dir='ltr'>factionis</span> <span class='ocrx_word' id='word_1_212' title='bbox 1048 1997 1265 2035; x_wconf 85' lang='lat' dir='ltr'>hominibus</span> <span class='ocrx_word' id='word_1_213' title='bbox 1285 2011 1378 2035; x_wconf 91' lang='lat' dir='ltr'>con-</span> 
     </span>
     <span class='ocr_line' id='line_1_30' title="bbox 267 2060 1374 2110; baseline 0 -12"><span class='ocrx_word' id='word_1_214' title='bbox 267 2060 437 2098; x_wconf 85' lang='lat' dir='ltr'>locutum</span> <span class='ocrx_word' id='word_1_215' title='bbox 470 2075 554 2098; x_wconf 89' lang='lat' dir='ltr'>eum</span> <span class='ocrx_word' id='word_1_216' title='bbox 591 2061 812 2110; x_wconf 80' lang='lat' dir='ltr'>arguebant.</span> <span class='ocrx_word' id='word_1_217' title='bbox 877 2062 973 2097; x_wconf 84' lang='lat' dir='ltr'>Orta</span> <span class='ocrx_word' id='word_1_218' title='bbox 1009 2062 1143 2098; x_wconf 89' lang='lat' dir='ltr'>deinde</span> <span class='ocrx_word' id='word_1_219' title='bbox 1176 2061 1374 2098; x_wconf 86' lang='lat' dir='ltr'>altercatio</span> 
     </span>
     <span class='ocr_line' id='line_1_31' title="bbox 268 2125 1374 2176; baseline 0 -14"><span class='ocrx_word' id='word_1_220' title='bbox 268 2133 339 2168; x_wconf 85' lang='lat' dir='ltr'>est,</span> <span class='ocrx_word' id='word_1_221' title='bbox 361 2127 442 2162; x_wconf 89' lang='lat' dir='ltr'>aliis</span> <span class='ocrx_word' id='word_1_222' title='bbox 462 2139 530 2175; x_wconf 88' lang='lat' dir='ltr'>pro</span> <span class='ocrx_word' id='word_1_223' title='bbox 550 2126 785 2175; x_wconf 85' lang='lat' dir='ltr'>speculatore</span> <span class='ocrx_word' id='word_1_224' title='bbox 806 2126 1074 2175; x_wconf 84' lang='lat' dir='ltr'>comprehendi</span> <span class='ocrx_word' id='word_1_225' title='bbox 1087 2125 1171 2176; x_wconf 84' lang='lat' dir='ltr'>jam</span> <span class='ocrx_word' id='word_1_226' title='bbox 1191 2132 1227 2161; x_wconf 91' lang='lat' dir='ltr'>et</span> <span class='ocrx_word' id='word_1_227' title='bbox 1246 2133 1374 2162; x_wconf 85' lang='lat' dir='ltr'>custo·</span> 
     </span>
     <span class='ocr_line' id='line_1_32' title="bbox 268 2188 1373 2238; baseline -0.001 -13"><span class='ocrx_word' id='word_1_228' title='bbox 268 2189 338 2224; x_wconf 86' lang='lat' dir='ltr'>diri</span> <span class='ocrx_word' id='word_1_229' title='bbox 357 2188 597 2238; x_wconf 83' lang='lat' dir='ltr'>jubentibus,</span> <span class='ocrx_word' id='word_1_230' title='bbox 619 2189 700 2225; x_wconf 87' lang='lat' dir='ltr'>aliis</span> <span class='ocrx_word' id='word_1_231' title='bbox 727 2189 970 2237; x_wconf 75' lang='lat' dir='ltr'>negantib11S‚</span> <span class='ocrx_word' id='word_1_232' title='bbox 992 2189 1245 2225; x_wconf 86' lang='lat' dir='ltr'>tumultuandi</span> <span class='ocrx_word' id='word_1_233' title='bbox 1265 2201 1373 2225; x_wconf 89' lang='lat' dir='ltr'>caus-</span> 
     </span>
     <span class='ocr_line' id='line_1_33' title="bbox 266 2253 1376 2302; baseline 0.003 -16"><span class='ocrx_word' id='word_1_234' title='bbox 266 2265 345 2287; x_wconf 77' lang='lat' dir='ltr'>sam</span> <span class='ocrx_word' id='word_1_235' title='bbox 380 2265 478 2289; x_wconf 88' lang='lat' dir='ltr'>esse:</span> <span class='ocrx_word' id='word_1_236' title='bbox 511 2255 599 2289; x_wconf 77' lang='lat' dir='ltr'>mali</span> <span class='ocrx_word' id='word_1_237' title='bbox 626 2265 701 2289; x_wconf 84' lang='lat' dir='ltr'>rem</span> <span class='ocrx_word' id='word_1_238' title='bbox 733 2255 885 2302; x_wconf 75' lang='lat' dir='ltr'>erempli</span> <span class='ocrx_word' id='word_1_239' title='bbox 911 2267 993 2298; x_wconf 85' lang='lat' dir='ltr'>esse,</span> <span class='ocrx_word' id='word_1_240' title='bbox 1021 2256 1064 2290; x_wconf 77' lang='lat' dir='ltr'>(le</span> <span class='ocrx_word' id='word_1_241' title='bbox 1089 2254 1201 2289; x_wconf 82' lang='lat' dir='ltr'>nihilo</span> <span class='ocrx_word' id='word_1_242' title='bbox 1224 2253 1376 2302; x_wconf 74' lang='lat' dir='ltr'>hospites</span> 
     </span>
     <span class='ocr_line' id='line_1_34' title="bbox 264 2317 1376 2367; baseline 0.004 -18"><span class='ocrx_word' id='word_1_243' title='bbox 264 2318 406 2365; x_wconf 77' lang='lat' dir='ltr'>corripi.</span> <span class='ocrx_word' id='word_1_244' title='bbox 465 2317 565 2353; x_wconf 81' lang='lat' dir='ltr'>Idem</span> <span class='ocrx_word' id='word_1_245' title='bbox 584 2317 952 2366; x_wconf 74' lang='lat' dir='ltr'>Karthaginiensibus,</span> <span class='ocrx_word' id='word_1_246' title='bbox 977 2323 1012 2354; x_wconf 87' lang='lat' dir='ltr'>et</span> <span class='ocrx_word' id='word_1_247' title='bbox 1045 2319 1142 2367; x_wconf 81' lang='lat' dir='ltr'>Tyri,</span> <span class='ocrx_word' id='word_1_248' title='bbox 1170 2322 1204 2353; x_wconf 81' lang='lat' dir='ltr'>et</span> <span class='ocrx_word' id='word_1_249' title='bbox 1234 2318 1269 2354; x_wconf 83' lang='lat' dir='ltr'>in</span> <span class='ocrx_word' id='word_1_250' title='bbox 1294 2317 1376 2354; x_wconf 78' lang='lat' dir='ltr'>aliis</span> 
     </span>
    </p>
   </div>
   <div class='ocr_carea' id='block_1_6' title="bbox 1494 178 1513 638">
    <p class='ocr_par' dir='ltr' id='par_1_6' title="bbox 1494 163 1513 638">
     <span class='ocr_line' id='line_1_35' title="bbox 1495 178 1511 288; baseline 0 -44"><span class='ocrx_word' id='word_1_251' title='bbox 1495 178 1511 288; x_wconf 60' lang='lat' dir='ltr'>i</span> 
     </span>
     <span class='ocr_line' id='line_1_36' title="bbox 1494 281 1513 638; baseline 0 -284"><span class='ocrx_word' id='word_1_252' title='bbox 1494 281 1513 638; x_wconf 64' lang='grc' dir='ltr'>’ἱ</span> 
     </span>
    </p>
   </div>
   <div class='ocr_carea' id='block_1_7' title="bbox 1484 691 1519 2666">
    <p class='ocr_par' dir='ltr' id='par_1_7' title="bbox 1484 691 1519 2666">
     <span class='ocr_line' id='line_1_37' title="bbox 1484 691 1519 2666; baseline 0 0"><span class='ocrx_word' id='word_1_253' title='bbox 1484 691 1519 2666; x_wconf 95' lang='lat' dir='ltr'> </span> 
     </span>
    </p>
   </div>
  </div>
 </body>
</html>
