1523 2666
329 204 409 247 292
779 207 824 236 T.
850 208 983 238 L1v11

133 298 175 329 U.
190 294 479 330 C.552.territus
508 293 613 331 rabie
642 307 787 340 eorum,
813 310 942 347 pugna
969 296 1170 336 abstiterit.
1225 297 1436 352 Principes,

131 342 222 372 A'C'
241 349 463 406 ²⁰9 quibus
494 359 660 395 atrocior
688 373 773 410 pars
803 360 984 398 facinoris
1011 361 1186 410 delegata
1208 371 1301 407 erat,
1323 376 1439 413 quum

132 399 218 473 3er
230 401 316 482 353}—
329 435 469 472 paucos
490 428 528 458 et
547 423 742 460 confectos
764 424 980 463 vulneribus
1005 439 1047 462 ac
1067 426 1288 464 lassitudine
1308 440 1438 478 super-

132 486 268 526 cipibus.
328 499 408 524 esse
441 486 577 537 proelio
606 495 818 533 cernerent,
844 489 927 525 luce
961 491 1082 540 prima
1113 492 1326 528 sacerdotes
1354 505 1440 530 cum

327 551 456 588 infulis
477 551 524 588 ad
541 551 673 588 urbem
693 552 903 589 dedendam
922 554 1101 606 Philippo
1121 556 1291 592 mittunt.

381 614 538 652 XVIII.
566 616 670 651 Ante
689 615 923 653 deditionem
942 630 989 654 ex
1009 619 1054 653 iis
1080 618 1215 667 legatis
1234 619 1439 664 Romanis,

327 682 392 731 qui
429 682 699 719 Alexandriam
735 683 840 719 missi
871 690 991 728 erant,
1028 684 1086 720 M.
1114 685 1292 722 AEmilius
1323 687 1439 724 trium

328 759 515 784 consensu
534 748 712 784 minimus
732 755 839 791 natu,
861 749 988 785 audita
1014 748 1214 785 obsidione
1233 749 1439 799 Abydeno-

327 825 425 855 rum,
446 812 493 848 ad
514 812 730 863 Philippum
751 813 877 849 venit:
901 813 978 862 qui,
1000 818 1153 861 questus
1173 813 1307 850 Attalo
1326 813 1438 851 Rho-

327 876 472 926 diisque
498 889 602 913 arma
627 876 760 919 inlata,
782 882 819 913 et
848 876 950 925 quod
975 882 1058 913 tum
1079 878 1243 914 maxime
1261 878 1440 928 Abydum

327 940 581 991 obpugnaret,
603 953 718 990 quum
738 953 804 978 rex
823 940 870 978 ab
891 941 1024 978 Attalo
1045 947 1083 978 et
1098 941 1260 979 Rhodiis
1282 942 1383 980 ultro
1399 955 1440 981 se

325 1004 429 1042 bello
454 1005 669 1042 lacessitum
695 1005 835 1042 diceret
844 1022 855 1052 5
888 1007 987 1042 Num
1016 1007 1179 1055 Abydeni
1207 1020 1356 1056 quoque,
1379 1008 1440 1045 in-

327 1071 425 1120 quit,
444 1072 540 1106 ultro
561 1070 624 1106 tibi
644 1071 842 1107 intulerant
861 1083 965 1107 arma
979 1073 1001 1107 ,Ρ
1032 1071 1190 1107 Insueto
1205 1084 1293 1108 vera
1312 1072 1440 1110 audire

326 1134 492 1171 ferocior
526 1134 649 1171 oratio
676 1135 755 1170 visa
784 1140 854 1178 est,
887 1147 1000 1184 quam
1023 1148 1105 1184 quae
1136 1135 1311 1172 habenda
1341 1136 1441 1187 apud

326 1211 453 1248 regem
474 1206 584 1236 esset.
639 1200 765 1242 AEtos,
786 1200 924 1249 inquit,
945 1205 979 1236 et
987 1199 1130 1248 forma,
1149 1206 1184 1237 et
1201 1213 1307 1249 super
1321 1203 1443 1238 omnia

328 1263 533 1301 Romanum
565 1277 689 1301 nomen
726 1269 759 1301 te
785 1264 1006 1313 ferociorem
1028 1264 1141 1314 facit.
1209 1267 1289 1314 Ego
1321 1271 1442 1303 autem

324 1330 484 1377 primum
512 1330 631 1371 velim,
660 1341 720 1365 vos
737 1328 919 1377 foederum
947 1340 1116 1365 memores
1137 1341 1278 1365 servare
1305 1341 1445 1367 mecum

324 1405 463 1441 pacem.
521 1393 563 1428 Si
588 1393 676 1428 bello
698 1395 918 1435 lacesse-ritis,
937 1393 1027 1428 mihi
1042 1405 1178 1442 quoque
1197 1394 1234 1429 in
1254 1395 1373 1430 animo
1391 1398 1444 1431 est

316 1456 460 1506 facere,
481 1462 523 1493 ut
544 1469 693 1505 regnum
720 1457 959 1494 Macedonum
986 1470 1192 1506 nomenque,
1213 1458 1310 1494 haud
1327 1460 1444 1495 minus

328 1535 436 1569 qnam
465 1522 686 1564 Romanum,
707 1523 822 1559 nobile
850 1523 940 1558 bello
968 1523 1141 1559 sentiatis.
1198 1521 1260 1559 Ita
1287 1522 1442 1560 dimisso

328 1586 472 1635 legato,
493 1586 705 1636 Philippus,
727 1599 819 1623 auro
841 1594 1088 1636 argentoque,
1115 1600 1197 1636 quae
1221 1594 1445 1625 coacervata

331 1658 454 1694 erant,
489 1657 660 1700 accepto,
690 1651 889 1686 hominum
917 1652 1083 1700 praedam
1112 1663 1265 1688 omnem
1290 1651 1439 1689 amisit:

331 1720 441 1751 tanta
467 1715 566 1750 enim
594 1714 715 1750 rabies
747 1714 1028 1751 multitudinem
1056 1715 1207 1759 invasit,
1228 1720 1270 1751 ut
1288 1721 1444 1765 repente

332 1778 503 1829 proditos
526 1778 612 1821 rati,
637 1779 701 1827 qui
731 1784 943 1828 pugnantes
973 1784 1136 1815 mortem
1155 1778 1441 1823 obcubuissent,

332 1842 615 1893 perjuriumque
635 1842 716 1878 aliis
737 1843 801 1879 alii
818 1843 1107 1894 exprobranteS,
1124 1849 1163 1880 et
1181 1843 1440 1881 sacerdotibus

140 1918 288 1958 Abydeni
334 1908 511 1950 maxime,
533 1908 610 1956 qui,
635 1920 728 1956 quos
756 1907 802 1943 ad
834 1913 995 1943 mortem
1027 1907 1279 1951 devovissent,
1312 1920 1443 1945 eorum

139 1972 173 1991 sc
191 1972 248 2001 ipsu

141 2006 300 2036 trucidant
335 1972 566 2009 deditionem
598 1972 769 2007 vivorum
796 1972 899 2008 hosti
925 1972 1118 2016 fecissent,
1139 1977 1294 2022 repente
1313 1985 1444 2010 omnes

335 2038 382 2074 ad
401 2037 540 2073 caedem
562 2035 768 2086 conjugum
792 2036 1072 2086 liberorumque
1098 2037 1363 2080 discurrerent,
1385 2050 1443 2074 se-

335 2116 407 2152 que
424 2103 495 2152 ipsi
516 2115 581 2152 per
601 2114 730 2138 omnes
751 2102 828 2138 vias
848 2101 941 2138 lethi
955 2101 1221 2139 interficerent.
1252 2101 1445 2154 Obstupe-

334 2167 456 2204 factus
484 2179 529 2202 eo
559 2165 686 2202 furore
715 2178 795 2209 rex,
826 2165 1034 2215 subpressit
1064 2166 1233 2215 inpetum
1260 2165 1442 2205 militum:

333 2238 386 2274 et,
419 2232 578 2268 triduum
608 2242 643 2266 se
675 2231 723 2266 ad
753 2231 972 2266 moriendum
1005 2230 1182 2278 Abydenis
1212 2231 1310 2273 clare,
1339 2230 1446 2269 dixit.

334 2298 423 2337 Quo
456 2297 580 2347 spatio
610 2295 717 2346 plura
755 2295 926 2331 facinora
961 2295 1001 2330 in
1034 2307 1073 2330 se
1108 2295 1196 2330 victi
1233 2294 1442 2338 ediderunt,

333 2374 445 2411 quam
485 2360 612 2396 infesti
650 2359 853 2395 edidissent
888 2359 1074 2395 victores:
1120 2371 1203 2401 nec,
1233 2358 1306 2394 nisi
1335 2370 1447 2406 quem

331 2425 481 2464 vincula
500 2430 566 2462 aut
584 2423 657 2461 alia
676 2424 878 2461 necessitas
894 2424 990 2460 mori
1009 2422 1217 2475 prohibuit,
1236 2421 1435 2471 quisquam
