1523 2666
325 200 405 244 208
788 210 834 240 T.
859 211 993 242 L1v11

128 314 171 345 U.
189 314 225 344 c,
239 315 454 347 543.recens
475 302 633 339 victoria
653 302 780 339 animo
801 310 910 341 esset.
968 303 1015 340 In
1034 303 1192 354 primam
1219 304 1336 342 aciem
1357 317 1440 342 suas

126 359 168 387 A·
185 358 220 387 C·
239 366 495 417 204·1egi0nes
517 368 761 417 Sempronius
782 368 953 404 induxit:
988 370 1026 404 in
1047 369 1221 405 subsidiis
1243 368 1377 405 locatae
1395 369 1440 406 P.

129 410 297 441 Hanniba-

128 451 192 481 lem
210 455 276 484 acie

128 496 238 527 vincit.

125 812 291 843 Cornelius

126 855 285 886 Etruriam

124 898 157 927 in
171 899 277 929 officio

122 941 275 973 continet.

123 1588 200 1617 Livii
217 1593 247 1617 ct

121 1630 244 1660 Claudii

120 1683 265 1705 censura.

325 432 466 468 Licinii
486 432 668 491 legione&
700 432 844 468 Consul
860 433 1047 482 principio
1063 445 1198 482 pugnae
1215 433 1330 469 aedem
1347 433 1441 468 For-

323 502 425 532 tunae
455 496 695 544 Primigenia:
725 497 842 538 vovit,
874 497 904 531 si
935 509 980 532 eo
1010 497 1070 532 die
1098 498 1227 532 hostes
1256 497 1437 533 fudisset:

323 572 554 609 composque
584 558 663 607 ejus
696 560 776 594 voti
808 559 892 595 fuit.
949 559 1039 595 Fusi
1073 573 1116 596 ac
1148 560 1271 608 fugati
1301 559 1438 596 Poeni:

322 636 436 672 supra
456 628 619 671 quatuor
638 622 757 658 millia
777 629 1010 658 armatorum
1029 636 1125 659 caesa
1143 637 1150 658 :
1173 623 1300 673 paullo
1316 624 1439 659 minus

320 687 481 722 trecenti
508 687 581 722 vivi
611 687 725 736 capti,
748 693 786 722 et
815 688 900 735 equi
924 687 1188 736 quadraginta,
1209 694 1247 724 et
1266 687 1440 724 undecim

319 753 500 790 militaria
519 754 638 802 signa.
687 753 886 790 Perculsus
907 754 1065 790 adverso
1084 754 1221 804 proelio
1242 751 1440 790 Hannibal

322 818 530 854 Crotonem
551 819 757 854 exercitum
788 818 957 855 abduxit.
1014 818 1161 854 Eodem
1182 825 1352 868 tempore
1379 816 1437 853 ΓΜ.

321 882 519 918 Cornelius
542 882 675 918 consul
693 883 733 917 in
753 882 872 918 altera
901 888 1007 932 parte
1028 882 1149 918 Italiae
1171 895 1250 918 non
1269 888 1348 918 tam
1378 893 1437 917 ar-

318 947 404 989 mis,
436 959 547 995 quam
571 945 805 995 judiciorum
838 952 995 989 terrore,
1025 946 1219 982 Etruriam
1250 946 1436 988 continet,

318 1017 439 1047 totam
466 1011 584 1047 ferme
603 1011 651 1046 ad
669 1010 895 1058 Magonem,
917 1023 960 1045 ac
989 1022 1056 1059 per
1075 1023 1159 1045 eum
1179 1010 1225 1045 ad
1243 1021 1346 1058 spem
1366 1021 1437 1044 no-

315 1075 428 1110 vandi
448 1086 521 1117 reS,
542 1087 700 1110 versam.
755 1074 832 1109 Eas
856 1074 1083 1122 quaestiones
1113 1086 1159 1109 ex
1187 1079 1434 1109 senatuscon-

316 1138 417 1174 sulto
449 1139 604 1174 minime
643 1138 843 1174 ambitiose
878 1138 1034 1174 habuit:
1068 1138 1251 1186 multique
1287 1136 1434 1172 nobiles

312 1202 481 1244 Etrusci,
503 1203 566 1251 qui
596 1208 659 1238 aut
680 1202 751 1251 ipsi
782 1202 918 1244 ierant,
940 1208 1006 1237 aut
1028 1202 1210 1237 miserant
1228 1201 1275 1236 ad
1293 1199 1434 1247 Mago-

313 1278 402 1302 nem
431 1266 476 1302 (ie
506 1265 735 1316 populorum
764 1278 917 1301 suorum
947 1265 1175 1307 defectione,
1196 1266 1317 1314 primo
1337 1276 1433 1313 prae-

315 1336 438 1365 sentes
470 1337 577 1365 erant
607 1329 872 1374 condemnati3
905 1335 1052 1379 postea,
1081 1329 1313 1365 conscientia
1341 1327 1433 1364 sibi-

315 1399 393 1430 met
413 1395 486 1444 ipsi
502 1393 674 1430 exsilium
690 1394 982 1436 consciscentes,
1001 1406 1116 1442 quum
1136 1393 1309 1428 absentes
1327 1392 1433 1428 dam-

315 1457 395 1493 nati
417 1463 555 1501 essent,
578 1457 798 1507 corporibus
815 1457 1031 1500 subtractis,
1050 1457 1152 1492 bona
1171 1463 1333 1498 tantum,
1350 1469 1432 1505 quae

316 1520 501 1571 publicari
521 1528 711 1570 poterant,
732 1520 971 1570 pignoranda
990 1532 1113 1569 poenae
1133 1519 1364 1569 praebebant.

370 1585 588 1621 XXXVII.
617 1585 722 1621 Dum
753 1585 834 1620 haec
868 1584 1040 1620 consules
1075 1584 1228 1619 diversis
1263 1584 1429 1631 regioni-

314 1649 384 1686 bus
415 1656 548 1698 agunt,
570 1662 743 1686 censores
764 1649 915 1685 interim
934 1648 1070 1684 Romae
1096 1648 1152 1683 M.
1173 1647 1304 1683 Livius
1328 1654 1365 1683 et
1385 1649 1430 1685 C.

315 1713 496 1749 Claudius
534 1720 707 1749 senatum
754 1713 1019 1749 recitaverunt.
1076 1712 1256 1761 Princeps
1293 1712 1431 1748 iterum

310 1777 429 1814 lectus
464 1777 513 1816 Q.
539 1777 679 1813 Fabius
714 1776 932 1812 Maximus:
963 1776 1087 1812 notati
1116 1781 1285 1825 septem,
1317 1788 1432 1811 nemo

310 1849 454 1886 tamen,
476 1843 539 1891 qui
560 1841 651 1877 sella
671 1841 791 1876 curuli
820 1841 989 1876 sedisset.
1047 1840 1156 1875 Sarta
1175 1846 1276 1875 tecta
1295 1839 1432 1875 acriter

311 1913 349 1943 et
369 1919 454 1942 cum
484 1919 630 1942 summa
649 1906 721 1942 fide
751 1912 981 1954 exegerunt:
1014 1906 1113 1941 viam
1133 1917 1152 1940 e
1180 1904 1266 1940 foro
1285 1904 1431 1940 Boario.

310 1970 358 2006 ad
376 1970 549 2013 Veneris,
571 1977 609 2006 et
628 1971 727 2005 circa
746 1969 849 2005 foros
879 1968 1066 2018 publicos,
1088 1976 1125 2004 et
1155 1969 1270 2004 aedeiu
1290 1967 1427 2003 Matris

309 2033 466 2082 Blagnae
495 2035 533 2069 in
554 2033 703 2070 Palatio
723 2034 935 2069 faciendam
963 2033 1196 2070 locaverunt.
1252 2031 1427 2080 Vectigal

311 2098 425 2133 etiam
464 2110 603 2133 novum
634 2111 680 2133 ex
717 2097 852 2132 salaria
885 2109 1038 2132 annona
1073 2102 1308 2131 statuerunt:
1341 2107 1428 2131 sex-,

309 2167 416 2196 tante
437 2160 491 2197 sal
511 2168 549 2197 et
568 2161 702 2197 Romae
721 2168 756 2196 et
777 2173 842 2210 per
862 2166 983 2196 totam
1001 2159 1150 2195 Italiam
1168 2165 1259 2195 erat.
1288 2158 1424 2194 Romae

308 2225 431 2273 pretio
452 2225 598 2268 eodem,
619 2224 735 2275 pluris
766 2225 803 2259 in
826 2224 918 2260 foris
940 2231 977 2259 et
996 2222 1270 2265 conciliabulis,
1292 2229 1329 2258 et
1348 2222 1423 2258 alio
1446 2244 1448 2247 v

307 2287 397 2323 alibi
443 2289 565 2338 pretio
603 2288 847 2338 praebendum
883 2287 1114 2323 locaverunt.
1172 2286 1216 2322 ld
1260 2285 1425 2334 vectigal

306 2359 562 2390 commentum
593 2353 752 2390 alterum
774 2365 818 2389 ex
840 2352 1058 2389 censoribus
1089 2351 1178 2388 satis
1204 2350 1422 2393 credebant,
