1523 2666
309 179 390 219 240
764 176 808 205 T.
834 165 967 205 L1v11

109 270 204 302 UC.
223 266 455 314 549.a1·genti
483 266 522 301 in
548 264 736 301 vestibulo
763 265 874 300 curiae
905 267 1125 313 posuerunt.
1182 261 1414 301 Hominibus

113 315 153 344 Λ.
169 316 206 346 C.
222 322 282 346 203

106 1359 272 1398 Supplica-

106 1404 150 1432 tio
165 1404 278 1432 Romae

287 330 471 379 ’acceptis
505 336 543 365 et
567 330 605 365 in
637 341 823 365 carcerem
852 328 1028 369 conditis,
1057 339 1149 362 auro
1179 333 1412 377 argentoque

307 394 469 437 reddito,
490 394 619 443 gratiae
644 393 777 441 legatis
795 399 908 428 actae:
943 397 1055 439 atque
1079 391 1231 440 insuper
1260 404 1416 428 munera

293 458 395 494 -data
420 471 463 494 ac
488 471 616 500 naves,
637 457 771 506 quibus
802 457 839 492 in
870 456 1097 505 Hispaniam
1124 463 1413 493 reverterentur.

303 522 456 559 Mentio
476 522 610 558 deinde
635 521 681 557 ab
705 520 915 556 senioribus
944 520 1046 556 facta
1068 526 1138 562 est,
1169 521 1321 568 Segnius
1350 521 1413 556 Ιιο-

304 589 418 623 mines
436 588 540 629 bona,
562 599 669 635 qaam
687 587 799 627 mala,
820 587 962 621 sentire.
1024 587 1192 622 Transitu
1213 588 1248 622 in
1267 586 1419 622 Italiam

304 652 534 694 Hannibalis,
565 655 739 699 quantum
768 651 911 686 terroris
936 652 1163 698 pavorisque,
1191 662 1262 686 sese
1290 651 1416 686 memi-

303 718 408 759 nisse,
427 728 514 764 quas
543 716 668 751 deinde
698 715 827 756 clades,
848 726 933 762 quos
964 715 1078 750 luctus
1104 715 1303 749 incidisse?
1335 714 1418 749 Visa

305 786 424 816 castra
450 781 602 816 hostium
635 792 654 815 e
683 781 794 815 muris
821 778 916 813 urbis
929 794 940 813 .·
972 790 1048 825 ‘1²1ae
1076 782 1161 813 vota
1195 778 1419 826 singulorum

302 847 615 892 universorumque
631 843 751 892 fuisse
765 845 787 878 ,θ
819 844 955 890 quoties
974 843 1009 877 in
1029 844 1188 878 conciliis
1205 855 1317 885 voces,
1338 855 1416 879 ma-

303 921 369 945 nus
388 911 435 945 acl
453 911 578 946 coelum
596 909 871 957 porrigentium,
893 908 1035 943 auditas
1046 923 1058 950 ‚·
1089 908 1147 943 En
1166 919 1337 955 umquam
1356 908 1417 943 ille

296 972 539 1022 ·diesfuturus
566 977 665 1015 esset,
697 984 765 1020 quo
794 983 946 1007 vacuam
975 971 1127 1006 hostibus
1153 972 1303 1007 Italiam
1324 971 1416 1007 bona

297 1049 390 1084 pace
400 1037 595 1087 florentem
620 1037 731 1072 visuri
749 1037 892 1071 essent?
923 1036 1076 1071 Dedisse
1096 1036 1241 1071 tandem
1258 1036 1296 1070 id
1314 1036 1416 1071 Deos

299 1102 533 1136 sextodecimo
567 1101 706 1136 demum
734 1111 852 1135 anno:
882 1110 944 1134 nec
977 1111 1059 1141 esse,
1098 1100 1159 1147 qni
1183 1099 1271 1134 Diis
1293 1103 1415 1146 grates

299 1166 458 1213 agendas
479 1170 654 1201 censeant.
710 1166 812 1200 Adeo
834 1175 877 1199 ne
904 1164 1147 1199 advenientem
1166 1165 1308 1211 quidem
1324 1176 1412 1211 gra-

302 1232 391 1265 tiam
411 1230 566 1265 homines
585 1230 728 1275 benigne
747 1230 919 1275 accipere,
941 1230 1070 1264 nedum
1086 1234 1127 1264 ut
1145 1230 1336 1275 proeteritae
1352 1241 1410 1264 sa-

301 1296 346 1329 tis
360 1306 530 1330 memores
547 1295 630 1329 sint.
661 1292 951 1328 Conclamatum
971 1291 1104 1327 deinde
1121 1304 1165 1327 ex
1183 1292 1288 1327 omni
1304 1298 1411 1341 parte

302 1359 415 1394 curiae
439 1364 509 1399 est,
531 1358 586 1392 uti
609 1356 764 1392 referret
795 1356 836 1392 P.
858 1355 982 1391 AElius
1010 1362 1168 1405 praetor:
1202 1356 1412 1392 decretum-

105 1447 230 1475 decreta
248 1446 290 1475 Ob
302 1434 388 1470 que,
408 1428 450 1457 ut
469 1422 634 1470 quinque
661 1421 737 1456 dies
765 1420 863 1456 circa
883 1420 1012 1456 omnia
1037 1419 1249 1469 pulvinaria
1268 1419 1410 1469 suppli-

104 1489 281 1519 discessum
302 1492 463 1528 caretur,
494 1485 731 1532 victimaeque
760 1483 922 1533 majores
956 1482 1231 1519 immolarentur
1260 1489 1411 1519 centum

107 1531 277 1562 Hanniba-

107 1574 156 1604 lis.

95 2206 201 2245 Legati

96 2250 266 2288 Karthagi-

92 2304 217 2324 menses
239 2296 276 2325 de

90 2347 99 2375 Ξ
113 2347 177 2367 ace.

300 1549 447 1597 viginti.
503 1549 591 1585 Jam
620 1549 774 1584 dimisso
802 1547 923 1583 Laelio
951 1547 1161 1595 legatisque
1179 1546 1408 1589 BIasinissae,

298 1625 412 1662 quum
440 1612 822 1661 Karthaginiensium
848 1611 993 1659 legatos
1024 1611 1067 1646 <le
1097 1623 1189 1659 pace
1220 1610 1266 1646 ad
1300 1622 1409 1646 sena-

297 1684 379 1712 tum
405 1677 598 1712 venientes
633 1675 803 1711 Puteolis
836 1675 951 1716 visos,
982 1674 1069 1727 incle
1101 1681 1203 1710 terra
1230 1680 1409 1710 venturos

297 1741 466 1777 adlatum
490 1746 608 1785 esset5
641 1740 810 1776 revocari
845 1739 888 1774 C.
908 1738 1069 1774 Laelium
1099 1738 1255 1788 placuit,
1277 1745 1318 1774 ut
1344 1752 1407 1774 co-

297 1817 376 1840 ram
396 1817 441 1840 eo
461 1804 507 1840 de
526 1817 618 1854 pace
638 1809 826 1852 ageretur.
883 1803 931 1841 Q.
951 1802 1103 1838 Fulvius
1125 1801 1242 1844 Gillo,
1262 1801 1406 1850 legatus

297 1868 501 1917 Scipionis,
537 1867 879 1915 Karthaginienses
914 1865 1080 1901 Romam
1114 1866 1291 1902 adduxit:
1325 1867 1407 1914 qui-

294 1932 378 1975 bus,
397 1933 521 1968 vetitis
539 1932 685 1980 ingredi
699 1932 844 1974 urbem,
861 1931 1068 1980 hospitium
1085 1931 1122 1965 in
1136 1929 1223 1966 villa
1239 1930 1403 1980 publica,

293 2004 446 2032 senatus
467 1997 514 2032 ad
535 1997 652 2032 aedem
670 1996 841 2032 Bellonae
863 1996 970 2031 datus
992 2002 1060 2031 est.

347 2060 486 2096 XXII.
517 2060 741 2096 Orationem
780 2060 947 2096 eamdem
986 2059 1116 2102 ferme,
1156 2071 1268 2107 quam
1306 2060 1404 2109 apud

294 2125 525 2174 Scipionem,
547 2124 781 2167 habuerunt3
816 2122 964 2172 culpam
985 2135 1137 2158 omnem
1157 2122 1245 2157 belli
1266 2136 1288 2158 a
1307 2123 1403 2172 pub-

292 2188 368 2224 lico
389 2188 548 2224 consilio
568 2189 606 2224 in
627 2187 886 2224 Hannibalem
907 2194 1106 2223 vertenteS.
1155 2187 1251 2223 Eum
1271 2186 1403 2233 injussu

291 2259 434 2290 senatus
453 2265 521 2289 non
540 2254 651 2301 Alpes
670 2255 786 2295 morlo,
807 2254 869 2288 secl
888 2254 1028 2289 Iberum
1044 2264 1192 2300 quoque,
1209 2257 1403 2299 transgres-

287 2331 386 2354 sam:
414 2330 478 2355 nec
504 2318 677 2354 Romanis
704 2319 833 2362 solum,
857 2319 917 2354 sed
939 2322 1022 2353 ante
1050 2319 1159 2353 etiam
1180 2318 1400 2365 Saguntinis,
