1507 2656
265 180 420 210 LIBER
442 179 633 208 xxvnl.
667 179 774 207 CAP.
797 181 916 210 XXV.
1072 182 1150 225 119

41 271 206 308 tentoria
241 271 377 320 primo,
413 269 547 305 deinde
583 270 620 304 in
653 269 848 319 principiis
881 269 1149 320 praetorioque,
1163 274 1346 308 U.C.⁵46.

40 335 104 372 ubi
134 347 323 371 sermones
354 334 452 369 inter
481 345 519 368 se
547 333 750 372 serentium
770 332 928 369 circulos
956 334 1150 379 vidissent,
1162 319 1202 349 A·
1219 318 1255 350 C·
1272 324 1348 352 2⁰⁶·

40 399 354 448 adloquebantur,
376 403 664 446 percunctantes
685 398 820 445 magis,
835 410 916 445 quae
937 410 1069 434 caussa
1087 400 1152 435 irae

40 461 432 508 consternationisque
452 459 586 496 subitae
606 459 720 503 foret,
741 473 853 509 quam
872 460 1013 497 factum
1041 474 1152 498 accu-

39 533 176 563 santes.
233 524 358 573 Vulgo
377 526 594 572 stipendium
613 537 681 559 ηυη
700 525 827 560 datum
852 526 902 560 ad
920 526 1014 561 diem
1026 523 1152 574 jacta-

37 589 171 626 batur:
203 593 252 631 et,
274 601 381 636 quum
409 589 531 624 eodem
562 593 730 636 tempore,
751 601 818 636 quo
835 589 946 624 scelus
972 589 1153 638 [iliturgi-

37 659 204 691 tonorum
223 656 422 695 exstitisset,
443 659 524 701 post
540 655 688 689 duorum
709 655 964 702 imperatorum
983 656 1153 692 duorum-

38 731 104 768 que
132 720 347 755 exercituum
376 722 546 764 stragem,
568 729 634 753 sua
659 719 790 753 virtute
816 717 997 766 defensum
1028 731 1154 755 nomen

38 783 134 819 Rom
148 785 243 819 tnu'm
275 794 317 817 ac
351 787 491 817 retenta
525 783 712 829 provincia
748 787 858 818 esset:
888 783 1155 830 Illiturgitanos

32 859 175 897 poenam
205 858 304 882 noxae
335 848 502 882 meritam
528 846 655 882 habere
665 863 677 891 ,-
705 849 776 882 suis
804 851 899 882 recte
920 846 1040 895 factis
1065 859 1153 895 gra-

36 913 127 949 tiam
157 912 220 958 qui
251 911 421 951 exsolvat,
452 922 523 945 non
559 922 640 947 esse.
702 911 809 946 Talia
840 916 1020 958 querentes
1051 919 1154 960 aequa

36 987 153 1015 orare,
171 986 277 1022 seque
304 986 345 1010 ea
374 975 552 1010 relaturos
578 976 627 1010 ad
655 976 919 1023 imperatorem,
946 975 1152 1024 responde-

35 1039 151 1076 bant:
186 1039 315 1079 laetari,
336 1038 431 1086 quod
458 1037 550 1073 nihil
579 1040 728 1081 tristius,
757 1051 821 1075 nec
849 1040 1082 1075 insanabilius
1099 1051 1152 1075 es-

33 1110 109 1142 set:
138 1110 174 1141 et
202 1105 247 1141 P.
267 1104 471 1151 Scipionem
497 1102 618 1139 Derim
649 1104 875 1150 benignitate,
895 1108 932 1138 et
957 1103 1152 1151 rempubli-

36 1182 116 1205 cam
136 1181 207 1205 esse
233 1170 363 1215 gratiae
381 1167 585 1215 referendce.
642 1167 857 1216 Scipionem
884 1166 991 1202 bellis
1018 1166 1151 1202 adsue·

36 1239 133 1274 tum,
155 1232 202 1268 ad
221 1231 450 1267 seditionum
479 1230 662 1280 procellas
683 1230 829 1272 rudem,
850 1229 1053 1265 sollicitum
1082 1230 1150 1266 ha·

37 1295 153 1331 bebat
171 1307 313 1337 res,·ne
332 1302 397 1329 aut
416 1294 600 1329 exercitus
621 1293 828 1342 peccando,
849 1300 914 1329 aut
933 1294 1012 1343 ipse
1041 1293 1153 1343 puni·

36 1358 150 1400 endo,
172 1357 325 1394 modum
346 1357 564 1393 excederet:
598 1357 636 1392 in
662 1357 877 1406 praesentia,
898 1362 940 1392 ut
960 1358 1151 1405 coepisset,

37 1422 173 1458 leniter
192 1422 253 1470 agi
273 1421 428 1470 placuit,
449 1428 500 1463 et,
521 1421 642 1456 missis
659 1422 757 1456 circa
777 1421 1038 1470 stipendiarias
1061 1420 1150 1456 civi-

36 1492 132 1522 tates
153 1484 408 1526 exactoribus,
429 1485 603 1533 stipendii
625 1497 729 1534 spem
744 1486 995 1534 propinquam
1014 1484 1152 1521 facere.

36 1550 215 1586 Edictum
235 1548 394 1584 subinde
415 1549 666 1597 propositum,
688 1556 729 1584 ut
758 1549 805 1584 ad
828 1548 1056 1598 stipendium
1084 1561 1150 1597 pe-

34 1614 190 1649 tendum
209 1613 455 1649 convenirent
475 1612 778 1660 Karthaginem5
803 1625 867 1648 seu
889 1613 1046 1662 carptim
1064 1625 1150 1661 par-

33 1683 105 1719 tes,
127 1689 192 1713 seu
211 1676 375 1711 universi
396 1675 563 1711 mallent.
619 1675 881 1724 Tranquillam
910 1676 1150 1718 seditionem,

27 1739 111 1790 jam
130 1753 195 1789 per
215 1752 254 1775 se
273 1740 593 1787 languescentem,
616 1740 813 1788 repentina
832 1740 937 1788 quies
964 1738 1151 1775 rebellan-

35 1805 128 1839 tium
161 1803 422 1853 Hispanorum
454 1803 568 1839 fecit:
614 1804 804 1839 redierant
836 1804 936 1839 enim
970 1804 1008 1839 in
1041 1802 1149 1846 fines,

33 1868 177 1904 omisso
205 1869 371 1918 incepto,
399 1867 632 1903 Mandonius
663 1874 701 1902 et
729 1866 917 1909 Indibilis,
948 1872 1150 1916 postquam

34 1932 159 1968 vivere
192 1931 409 1982 Scipionem
446 1930 613 1966 adlatum
645 1937 722 1967 est:
756 1943 825 1966 nec
855 1929 937 1980 jam
972 1937 1052 1966 erat
1085 1936 1151 1966 aut

29 1996 139 2039 civis,
170 2002 235 2032 aut
264 2002 455 2038 externus,
477 2007 563 2030 cum
583 2008 658 2043 quo
678 1994 843 2029 furorem
874 2007 982 2030 suum
1013 2005 1149 2029 conso·

34 2060 190 2096 ciarent.
246 2059 387 2096 Omnia
407 2061 764 2109 circumspectantes
786 2058 944 2094 consilia
967 2057 1062 2093 nihil
1090 2070 1149 2093 re-

32 2122 126 2171 liqui
145 2122 352 2166 habebant,
370 2130 510 2173 praeter
537 2135 616 2157 non
637 2122 867 2157 tutissimum
887 2135 908 2157 a
928 2121 1034 2157 malis
1056 2133 1147 2156 con-

32 2186 125 2222 siliis
145 2194 351 2237 receptum,
375 2195 414 2223 ut
435 2187 671 2237 imperatoris
692 2186 877 2236 veljustae
898 2187 975 2228 irae,
997 2185 1055 2220 vel
1070 2197 1149 2221 non

35 2250 276 2300 desperandae
314 2250 523 2287 clementiae
561 2263 641 2286 sese
681 2250 984 2285 committerent:
1035 2248 1147 2283 ctiam

31 2314 205 2352 hostibus
225 2328 312 2353 eum
336 2317 540 2365 ignovisse,
568 2329 652 2352 cum
683 2315 818 2364 quibus
844 2315 944 2350 ferro
974 2314 1147 2350 dimicas-
