1507 2656
270 216 424 245 LIBER
448 214 628 243 XXXVI.
663 213 770 243 CAP.
792 214 923 243 XVII.
1068 212 1152 259 579

41 315 128 356 pars
150 306 308 356 imperio
335 305 540 356 parendum
570 305 668 352 regis
700 311 813 354 atque
840 306 1003 342 eundum
1024 320 1152 343 censc-
1166 309 1257 339 U.C-
1275 308 1351 340 561ss

41 368 150 413 bant,
170 382 255 421 pars
276 370 554 406 subsistendum
576 369 772 405 Hcraclcae
794 370 839 406 ad
858 377 1053 420 utramque
1073 354 1203 408 for-A*
1221 353 1259 384 C*
1277 359 1349 386 ²⁹³⁸

42 441 198 480 tuua1u3
232 441 286 478 ut,
308 437 384 471 sive
405 435 524 470 victus
546 448 568 470 a
588 434 742 471 consule
762 447 827 470 rex
848 442 959 478 esset,
982 437 1020 471 in
1041 448 1155 487 expe-

42 498 124 534 dito
143 498 327 535 haberent
356 500 522 547 integras
554 499 681 548 copias
710 499 756 535 ad
788 510 900 549 opem
931 501 1153 550 propinquis

41 562 236 600 ferendam
270 564 485 600 civitatibus
519 564 618 608 suis3
652 564 728 599 sive
761 564 942 608 vinceret,
974 572 1017 601 ut
1046 566 1155 601 dissi-

26 633 154 679 rpatos
174 628 215 663 in
234 627 361 677 fugam
381 628 579 664 Romanos
600 635 926 678 persequerentur.
985 629 1158 679 Utraque

43 704 130 743 pars
150 704 229 728 non
249 693 386 728 mansit
413 692 527 728 modo
556 693 595 728 in
630 693 818 728 sententia
845 705 925 736 sua,
947 693 1012 729 sed
1041 695 1157 732 etiam

42 765 222 793 exsecuta
240 763 297 793 est
316 756 514 792 consilium
531 771 538 792 :
571 756 645 792 duo
662 756 778 792 millia
799 757 995 793 Heracleae
1016 758 1157 794 substi-

43 826 194 856 terunt:
228 821 303 857 duo
329 820 514 856 trifariam
540 821 658 856 divisa
678 820 963 864 Callidromum,
986 827 1022 858 et
1045 822 1156 858 Rho-

41 885 228 928 duntiam,
264 891 302 920 et
327 884 534 921 Tichiunta
574 885 671 933 (haec
708 886 864 922 nomina
897 886 1155 923 cacuminibus

43 950 150 995 sunt)
174 962 418 1001 occupavere.

97 1014 232 1051 XVII.
263 1013 407 1050 Consul
437 1018 639 1063 postquam
671 1015 815 1051 insessa
848 1016 1043 1065 superiora
1074 1014 1160 1052 loca

45 1077 93 1114 ab
114 1077 257 1114 AEtolis
284 1078 391 1120 vidit,
424 1077 482 1113 M.
504 1077 680 1113 Porcium
701 1078 889 1115 Catonem
912 1085 950 1114 et
977 1079 1024 1116 L.
1044 1078 1161 1115 Vale-

41 1143 140 1179 rium
165 1141 358 1183 Flaccum,
380 1141 595 1177 consulares
621 1141 783 1190 legatos,
805 1156 890 1178 cum
917 1143 1017 1179 binis
1045 1143 1159 1179 milli-

40 1207 112 1243 bus
151 1205 382 1242 delectorum
415 1206 599 1255 peditum,
639 1206 686 1242 ad
729 1206 885 1243 castella
921 1207 1158 1252 AEtolorum,

42 1270 222 1307 Flaccum
246 1270 286 1305 in
310 1269 577 1305 Rhoduntiam
601 1276 638 1305 et
664 1270 886 1315 Tichiunta,
909 1271 1095 1308 Catonem
1116 1273 1156 1308 in

44 1336 317 1374 Callidromum
337 1336 456 1373 mittit
471 1350 478 1372 z
511 1336 606 1387 ipse,
622 1337 842 1387 priusquam
862 1338 909 1375 ad
924 1339 1074 1375 hostem
1090 1352 1154 1376 co-
1168 1353 1290 1385 Consul

42 1404 124 1453 pias
145 1402 374 1445 admoveret,
395 1407 550 1437 vocatos
571 1401 611 1438 in
631 1402 855 1439 concionem
872 1403 1009 1440 milites
1025 1405 1154 1454 paucis
1167 1408 1242 1428 suos
1257 1398 1332 1428 h01‘

44 1473 102 1504 est
134 1466 351 1503 adlocutus:
389 1467 584 1515 Plerosque
612 1468 771 1502 omnium
801 1469 980 1511 ordinum,
1012 1470 1157 1512 milites,
1169 1448 1264 1473 tatur.

43 1534 138 1568 inter
164 1544 225 1568 vos
253 1544 323 1567 esse
352 1532 465 1574 video,
487 1532 546 1579 qui
567 1532 616 1567 in
653 1531 720 1567 hac
746 1533 871 1569 eadem
898 1534 1089 1581 provincia
1116 1535 1157 1571 T.

43 1597 205 1638 Quinctii
230 1597 338 1632 ductu
364 1597 590 1644 auspicioque
612 1596 865 1634 militaveritis.
922 1598 1158 1635 Macedonico

39 1662 129 1698 bello
144 1661 433 1709 inexsuperabilis
448 1663 561 1708 magis
578 1662 693 1697 saltus
707 1663 756 1698 ad
774 1674 915 1698 amnem
930 1665 1048 1699 Aoum
1056 1663 1155 1712 fuit,

38 1738 149 1773 quam
168 1726 236 1762 hic.
295 1725 435 1774 Quippe
459 1731 575 1773 portae
601 1731 683 1761 sunt
705 1726 771 1769 hoe,
793 1731 827 1762 et
849 1739 952 1769 unus,
973 1729 1065 1763 inter
1084 1729 1156 1764 duo

39 1792 159 1826 maria
187 1791 316 1827 clausis
344 1790 513 1832 omnibus,
543 1791 642 1827 velut
668 1792 849 1828 naturalis
878 1793 1048 1828 transitus
1082 1797 1155 1830 est:

40 1855 255 1890 munitiones
286 1859 321 1890 et
348 1855 432 1890 locis
460 1855 773 1902 opportunioribus
810 1859 893 1891 tunc
915 1855 1086 1904 fuerunt,
1120 1861 1156 1892 et

39 1919 231 1956 validiores
258 1920 437 1966 inpositae.-
467 1919 640 1954 exercitus
667 1919 821 1955 hostium
853 1920 915 1955 ille
942 1923 977 1955 et
1007 1932 1155 1956 numero

39 1982 167 2030 major,
198 1988 234 2019 et
265 1984 417 2019 militum
449 1995 577 2030 genere
604 1984 791 2031 aliquanto
818 1985 955 2021 melior.
1014 1985 1156 2034 Quippe

39 2050 117 2085 illic
136 2048 352 2084 Macedones
372 2048 591 2096 Thracesque
604 2053 639 2084 et
654 2049 774 2096 Illyrii
793 2054 907 2091 erant,
917 2048 1155 2097 ferocissimae

39 2126 160 2149 omnes
181 2118 327 2161 gentes:
356 2113 412 2150 hic
432 2114 515 2162 Syri
532 2119 567 2150 et
586 2115 739 2151 Asiatici
764 2116 879 2151 Graeci
904 2121 1000 2159 sunt,
1022 2117 1155 2153 levissi-

40 2191 101 2214 ma
123 2190 256 2226 genera
283 2178 465 2214 hominum
487 2184 521 2214 et
542 2181 705 2216 servituti
723 2185 822 2216 natu.
880 2180 959 2216 Rex·
977 2181 1040 2216 ille
1054 2181 1155 2217 belli-

41 2244 250 2285 cosissimus,
284 2244 497 2278 exercitatus
521 2242 603 2289 jam
639 2245 723 2280 inde
754 2245 796 2280 ab
815 2243 970 2291 juventa
986 2246 1157 2294 finitimis

50 2307 228 2343 Thracum
256 2313 362 2356 atque
390 2308 615 2355 Illyriorum,
636 2313 671 2344 et
700 2310 795 2345 circa
824 2311 980 2345 omnium
1009 2311 1156 2345 ‹alcola-

42 2384 123 2408 rum
151 2371 269 2418 hellis5
299 2372 367 2418 hic,
397 2379 437 2410 ut
463 2374 576 2410 (elium
605 2386 742 2411 omnem
772 2376 883 2411 vitam
920 2376 1098 2419 omittam,
1128 2377 1158 2412 is

546 2438 576 2474 C
598 2451 616 2474 c
637 2439 659 2475 2
