1523 2666
129 280 217 310 ΠΧ).
233 286 305 311 546.

131 324 168 352 A.
180 323 216 352 C.
228 329 301 354 206.

329 189 408 219 120
792 189 836 217 T.
867 191 994 220 LIVII

327 287 394 318 set.
453 281 566 317 Suam
593 282 816 317 seditionem
840 283 920 317 sine
951 282 1115 324 vulnere,
1147 284 1226 319 sine
1253 287 1435 335 sanguine

322 345 463 382 fuisse:
497 358 566 381 nec
597 346 714 394 ipsam
745 353 926 387 atrocem,
958 359 1027 382 nec
1056 348 1175 383 atroci
1206 361 1319 397 poena
1353 352 1435 400 dig·
1472 348 1476 351 ’

319 423 433 445 nam:
468 416 507 444 ut
528 410 681 457 ingenia
705 409 870 445 humana
899 416 987 445 sunt
1016 411 1063 446 ad
1092 424 1197 447 suam
1218 414 1353 462 cuique
1380 415 1433 450 le-

318 474 476 509 vandam
499 473 646 523 culpam
668 474 786 508 nimio
813 473 895 522 plus
926 473 1099 511 facunda.
1157 476 1228 512 Illa
1247 477 1435 514 dubitatio

318 545 412 579 erat,
434 536 641 584 singuiaene
661 536 851 578 cohortes,
872 549 920 571 an
942 538 1120 580 universi,
1138 539 1182 574 ad
1205 539 1434 589 stipendium

318 599 521 650 petendum
555 600 675 634 irent:
722 598 919 634 inclinavit
948 602 1152 645 sententia,
1187 604 1288 651 quod
1316 605 1433 641 tutius

319 664 538 706 censebant,
560 664 752 698 universos
774 664 839 699 ire.

372 728 524 764 XXVI.
555 727 627 763 Per
647 728 797 763 eosdem
817 728 911 770 dies,
933 728 1066 776 quibus
1097 730 1178 765 haec
1209 730 1259 765 illi
1282 732 1433 768 consul-

316 792 464 835 tabant,
487 792 687 828 consilinm
710 792 755 827 de
784 793 828 827 iis
858 792 1092 841 Karthagini
1122 801 1229 829 erat:
1260 795 1432 832 certaba-

315 862 451 905 turque
472 858 684 899 sententiis,
707 863 831 892 utrum
852 858 890 893 in
910 865 1083 894 auctores
1109 865 1259 895 tantum
1279 861 1433 898 seditio-

314 921 373 955 nis
397 922 521 967 (erant
543 927 669 955 autem
697 921 735 955 hi
765 933 923 956 numero
944 922 1043 957 haud
1073 921 1170 971 pluS,
1192 935 1303 971 quam
1323 925 1434 972 quin·

314 997 387 1032 que
413 992 451 1020 et
480 985 655 1032 triginta)
685 985 1058 1027 animadverteretur,
1087 998 1134 1021 an
1161 986 1323 1036 plurium
1345 1000 1433 1038 sup-

313 1047 428 1098 plicio
449 1048 672 1083 vindicanda
701 1055 778 1084 tam
808 1048 900 1084 foedi
922 1048 1082 1099 exempli
1114 1049 1276 1086 defectio
1296 1053 1430 1101 magis,

312 1125 425 1160 quam
445 1112 594 1153 seditio,
617 1119 726 1148 esset.
768 1112 869 1147 Vicit
890 1114 1078 1149 sententia
1097 1113 1232 1157 lenior,
1255 1121 1309 1157 ut,
1332 1115 1430 1152 unde

312 1182 397 1211 orta
417 1174 528 1224 culpa
547 1182 658 1218 esset,
686 1175 737 1211 ibi
765 1189 878 1225 poena
905 1177 1154 1212 consisteret:
1188 1177 1233 1212 ad
1257 1178 1429 1214 multitu-

313 1240 436 1275 dinem
465 1241 754 1288 castigationem
784 1241 873 1275 satis
907 1252 997 1276 esse.
1055 1240 1228 1276 Consilio
1256 1242 1427 1285 dimisso,

310 1310 351 1339 ut
382 1303 418 1338 id
451 1310 576 1339 actum
607 1303 808 1344 videretur,
839 1303 1032 1352 expeditio
1062 1304 1235 1340 adversus
1263 1305 1429 1342 Mando-

310 1367 415 1402 nium
442 1365 720 1414 Indibilemque
750 1366 911 1401 edicitur
938 1367 1134 1409 exercitui,
1165 1368 1228 1416 qui
1258 1367 1428 1405 Kartha·

310 1431 399 1478 gine
419 1436 514 1473 erat,
529 1437 566 1465 et
589 1430 730 1466 cibaria
750 1431 893 1466 dierum
914 1430 1057 1478 aliquot
1075 1444 1206 1481 parare
1220 1430 1424 1481 jubentur:

309 1494 470 1530 tribunis
502 1502 661 1544 septem,
683 1496 805 1543 quiet
832 1501 943 1530 antea
971 1495 1176 1531 Sucronem
1207 1497 1254 1532 ad
1284 1495 1428 1533 lenien-

308 1559 393 1594 dam
442 1559 666 1594 seditionem
703 1559 839 1600 ierant,
878 1558 1031 1594 obviam
1069 1559 1251 1594 exercitui
1288 1560 1425 1603 missis,

306 1622 423 1670 quina
449 1623 605 1657 nomina
632 1622 842 1671 principum
875 1622 1070 1657 seditionis
1106 1622 1207 1657 edita
1235 1631 1350 1667 sunt3
1383 1630 1426 1659 ut

307 1698 386 1728 eos,
408 1699 474 1735 per
494 1687 658 1735 idoneos
671 1685 843 1721 homines
865 1686 1030 1734 benigno
1050 1685 1156 1721 vultu
1177 1698 1221 1721 ac
1251 1698 1423 1722 sermone

306 1753 343 1787 in
381 1752 589 1801 hospitium
621 1752 801 1787 invitatos
833 1752 1053 1801 sopitosque
1087 1752 1189 1795 vino,
1224 1753 1421 1790 vincirent.

305 1815 421 1851 Haud
441 1815 573 1864 procul
585 1814 668 1865 jam
688 1815 928 1863 Karthagine
958 1814 1130 1858 aberant,
1151 1828 1265 1863 quum
1287 1828 1333 1851 ex
1352 1816 1422 1852 ob-

304 1880 372 1914 viis
393 1880 577 1921 auditum,
608 1885 762 1929 postero
783 1879 842 1914 die
861 1891 1012 1914 omnem
1034 1879 1241 1915 exercitum
1261 1892 1345 1915 cum
1363 1879 1422 1917 M.

304 1943 434 1979 Silano
470 1945 508 1978 in
547 1943 762 1979 Lacetanos
801 1943 1002 1992 proficisci,
1040 1954 1118 1977 non
1163 1948 1267 1978 metu
1304 1943 1419 1979 modo

301 2008 421 2049 omni,
444 2009 505 2056 qni
529 2009 664 2043 tacitus
685 2006 871 2042 insidebat
891 2006 1040 2049 animis,
1061 2005 1235 2042 liberavit
1254 2019 1334 2050 eos,
1356 2008 1420 2043 sed

302 2072 473 2107 laetitiam
508 2073 701 2119 ingentem
734 2071 846 2107 fecit:
880 2071 980 2119 quod
1010 2071 1127 2119 magis
1158 2070 1326 2106 habituri
1356 2084 1418 2108 so-

301 2136 379 2172 lum
400 2137 680 2185 imperatorem,
703 2149 814 2184 quam
842 2136 910 2184 ipsi
931 2135 1048 2170 futuri
1069 2136 1105 2170 in
1126 2142 1316 2184 potestate
1336 2134 1418 2185 q'us

299 2207 438 2237 essent.
497 2200 572 2236 Sub
594 2213 769 2236 occasum
790 2199 878 2235 solis
900 2199 1029 2235 urbem
1050 2200 1206 2248 ingressi
1228 2206 1329 2241 sunt,
1351 2212 1415 2236 ex·

299 2265 533 2312 ercitumque
562 2265 721 2300 alterum
752 2270 948 2314 parantem
974 2264 1102 2299 omnia
1134 2263 1181 2299 ad
1211 2264 1283 2299 iter
1311 2264 1416 2299 vide-

298 2335 398 2365 runt.
456 2329 618 2380 Excepti
645 2329 880 2365 sermonibus
900 2328 946 2364 de
974 2328 1160 2364 industria
1179 2328 1414 2379 com-positis,
