1523 2666
106 240 149 269 U.
161 239 198 270 C.
215 246 285 272 5⁴19.

105 284 146 314 A.
160 283 196 313 C.
214 289 288 316 2023.

301 147 386 188 214
768 148 814 175 T.
844 147 973 175 LIVIl

299 237 397 274 Tum
418 243 623 288 praetorum
651 238 854 287 provinciae
875 239 914 274 in
933 244 1074 275 sortem
1094 238 1289 290 conjectae.
1345 243 1414 281 Ju-

299 302 556 338 risdictionem
582 300 766 337 urbanam
795 302 921 338 Paetus
953 302 1094 346 AElius,
1130 304 1343 342 Sardiniam
1371 307 1415 345 P.

299 365 501 407 Lentulus,
524 364 691 401 Siciliam
706 364 748 401 P.
761 365 912 408 Villius,
933 367 1147 404 Ariminum
1168 381 1252 405 cum
1270 369 1415 406 duabus

300 429 512 478 legionibus
538 429 624 477 (sub
644 429 825 466 Lucretio
846 431 982 481 Spurio
1003 445 1054 468 eae
1081 432 1248 481 fuerant)
1271 434 1416 473 Quinc-

299 493 402 528 tilius
423 493 544 529 Varus
572 499 628 528 est
659 495 827 530 sortitus.
883 495 936 530 Et
964 495 1145 532 Lucretio
1170 503 1419 547 prorogatum

299 558 512 606 imperium,
535 563 577 593 ut
596 556 769 593 Genuam
788 558 969 607 oppidum
988 573 1010 595 a
1028 560 1198 609 Magone
1217 562 1340 598 Poeno
1361 563 1417 598 di-

299 628 426 657 rutum
457 621 718 658 exaedificaret.
772 622 815 658 P.
837 623 1020 674 Scipioni,
1040 638 1118 661 non
1138 628 1333 676 temporis,
1355 627 1419 663 sed

297 686 353 722 rei
382 686 554 735 gerendae
585 686 673 729 fine,
695 686 814 722 donec
834 687 1061 725 debellatum
1090 690 1128 725 in
1150 690 1282 726 Africa
1301 690 1416 734 foret,

298 758 548 801 prorogatum
576 752 775 801 imperium
796 759 874 788 est:
907 753 1187 802 decretumque,
1208 761 1251 791 ut
1276 755 1418 806 suppli·

300 817 401 852 catio
421 816 540 858 fieret,
563 816 666 865 quod
686 816 716 852 is
736 818 776 852 in
795 816 965 854 Africam
994 818 1228 868 provinciam
1246 818 1418 869 trajecis-

302 887 372 922 set,
392 887 436 917 ut
455 894 499 917 ea
518 893 574 917 res
603 880 777 917 salutaris
806 881 949 933 populo
969 882 1147 920 Romano
1167 884 1313 934 ipsique
1332 884 1418 921 duci

300 952 413 994 atque
435 946 616 982 exercitui
637 952 746 982 esset.

351 1009 407 1046 ΙΙ.
436 1010 482 1046 In
513 1010 680 1046 Siciliam
700 1010 773 1046 tria
794 1010 913 1047 millia
941 1012 1102 1048 militum
1133 1019 1222 1048 sunt
1250 1013 1414 1063 scripta:

297 1080 350 1117 et,
382 1075 483 1124 quia,
519 1073 619 1123 quod
655 1073 803 1110 roboris
836 1088 881 1111 ea
912 1077 1109 1125 provincia
1144 1076 1342 1119 habuerat,
1377 1077 1418 1113 in

297 1138 468 1175 Africam
487 1144 743 1175 transvectum
762 1139 899 1183 fuerat,
917 1153 964 1176 ne
985 1153 1059 1190 qua
1079 1140 1205 1177 classis
1223 1154 1269 1178 ex
1285 1140 1419 1177 Africa

295 1201 503 1252 trajiceret,
535 1202 787 1251 quadraginta
818 1204 977 1240 navibus
1011 1205 1192 1240 custodiri
1225 1204 1418 1254 placuerat

296 1266 435 1303 Siciliae
471 1267 700 1302 maritimam
738 1280 856 1304 oram.
912 1268 1112 1305 Tredecim
1149 1281 1266 1305 novas
1303 1281 1417 1305 naves

295 1330 432 1367 Villius
463 1343 590 1369 secum
618 1332 658 1368 in
688 1331 855 1369 Siciliam
885 1332 1015 1369 duxit:
1058 1340 1191 1380 ceterae
1220 1334 1260 1370 in
1291 1333 1420 1369 Sicilia

296 1402 440 1432 veteres
460 1395 623 1432 refectae.
680 1395 785 1432 Huic
806 1395 915 1433 classi
934 1396 991 1434 M.
1008 1397 1260 1448 Pomponius,
1280 1397 1415 1448 prioris

296 1460 387 1496 anni
415 1466 569 1509 praetor,
599 1467 809 1510 prorogato
838 1462 999 1512 imperio
1029 1462 1268 1512 praepositus,
1295 1474 1415 1497 novos

295 1524 433 1560 milites
456 1537 503 1561 ex
521 1524 636 1561 Italia
654 1525 830 1561 advectos
851 1526 890 1562 in
910 1539 1024 1563 naves
1044 1527 1225 1577 inposuit.
1278 1525 1415 1562 Parem

294 1588 447 1624 naviuin
466 1601 664 1625 numerum
686 1589 755 1625 Cn.
777 1589 954 1633 Octavio,
975 1592 1128 1640 praetori
1159 1591 1251 1625 item
1279 1589 1415 1640 prioris

296 1652 401 1694 anni,
432 1665 517 1688 cum
547 1653 629 1702 pari
656 1651 744 1702 jure
772 1653 920 1703 imperii
951 1654 998 1689 ad
1028 1654 1206 1690 tuendam
1234 1653 1415 1689 Sardiniae

296 1728 403 1751 oram
449 1715 582 1752 Patres
631 1716 888 1753 decreverunt.
944 1716 1130 1754 Lentulus
1168 1724 1308 1767 praetor
1344 1716 1417 1752 duo

295 1779 415 1816 millia
433 1780 596 1816 militum
616 1780 704 1817 dare
726 1781 764 1817 in
784 1794 897 1817 naves
920 1780 1064 1831 jussus.
1118 1781 1172 1817 Et
1192 1779 1314 1816 Italiae
1334 1793 1416 1823 ora,

296 1845 385 1892 quia
415 1845 597 1881 incertum
629 1854 723 1888 erat,
745 1859 821 1894 quo
840 1847 990 1882 missuri
1019 1846 1176 1882 classem
1205 1844 1416 1893 Karthagi-

295 1908 444 1944 nienses
473 1908 614 1952 forent,
648 1909 890 1957 (videbantur
919 1917 1060 1952 autem,
1089 1909 1270 1959 quidquid
1298 1909 1417 1944 nuda-

295 1977 376 2007 tum
393 1973 575 2021 praesidiis
595 1981 707 2015 esset,
725 1974 897 2022 petitiui)
916 1973 972 2010 M.
985 1973 1150 2016 Marcio,
1168 1973 1323 2023 praetori
1340 1973 1417 2022 pri-

296 2036 371 2071 oris
392 2037 497 2079 anni,
512 2050 597 2072 cum
616 2037 778 2073 totidem
797 2037 956 2073 navibus
978 2038 1116 2073 tuenda
1132 2037 1220 2072 data
1239 2042 1296 2072 est
1312 2051 1318 2071 :
1342 2036 1417 2071 tria

295 2098 414 2136 millia
440 2099 604 2136 militum
633 2102 670 2136 in
703 2114 785 2137 eam
817 2100 972 2137 classem
1005 2114 1050 2137 ex
1080 2101 1232 2137 decreto
1259 2099 1417 2135 Patrum

294 2162 469 2199 consules
490 2165 734 2214 scripserunt,
753 2172 790 2201 et
810 2165 900 2201 duas
917 2164 1087 2214 legiones
1110 2164 1270 2201 urbanas
1291 2162 1337 2199 ad
1357 2163 1414 2198 in-

294 2233 396 2262 certa
411 2226 514 2264 belli.
545 2227 742 2279 Hispaniae
761 2242 846 2266 cum
863 2228 1088 2265 exercitibus
1104 2228 1338 2278 imperioque
1353 2239 1416 2261 ve·-

292 2289 436 2327 teribus
457 2291 764 2343 imperatoribus,
785 2292 832 2330 L.
848 2292 1016 2330 Lentulo
1037 2298 1074 2328 et
1094 2290 1140 2328 L,
1155 2289 1304 2328 Manlio
1325 2290 1414 2326 Aci-
