1507 2656
5 1238 8 1250 ,

5 1256 7 1268 «

0 1370 8 1394 ἰ.

0 1443 5 1465 Γ

0 1534 5 1808 i

0 1852 6 1913 1*

0 2602 1 2627 l

0 2630 2 2656 l

353 135 509 167 Lmen
533 132 678 163 xxx1.
711 131 816 162 eAP.
841 131 987 163 xx1v.
1139 129 1218 178 297

108 225 321 278 proximam
340 235 562 271 murumque
582 222 680 258 circa
701 221 810 257 scalis
831 221 944 272 cepit,
972 220 1063 258 alibi
1082 221 1215 274 sopitis
1231 225 1274 257 U.
1286 228 1322 260 C.
1338 235 1411 260 552.

107 290 340 333 custodibus,
364 289 453 326 alibi
480 286 585 324 nullo
616 286 877 331 custodiente;
909 287 1099 337 progressi
1127 287 1216 325 inde
1227 270 1318 305 A'C'
1335 278 1413 304 ⁹⁰⁰·

106 355 154 392 ad
180 354 392 403 frequentia
418 351 582 388 aedificiis
614 349 712 393 loca,
743 350 963 386 custodibus
989 350 1214 396 interfectis,

106 418 340 466 refractaque
374 421 497 466 porta,
533 420 698 450 ceteram
731 413 1013 449 multitudinem
1048 421 1216 452 armato-

105 495 189 518 rum
210 485 447 531 acceperunt.
503 479 598 514 Inde
628 479 666 514 in
696 484 818 514 totam
845 477 977 514 urbem
1006 478 1215 517 discursum

105 551 185 581 est:
217 550 329 580 aucto
356 544 471 579 etiam
496 541 676 580 tumultu.
698 541 798 591 quod
830 542 929 578 circa
958 542 1086 578 forum
1115 543 1213 591 ignis

103 609 213 645 tectis
235 608 395 658 injectus
416 613 509 644 erat.
568 606 863 656 Conflagrarunt
882 613 919 642 et
938 606 1075 643 horrea
1094 608 1213 656 regia,

105 679 143 708 et
175 673 506 708 armamentarium
534 683 619 707 cum
645 670 789 719 ingenti
818 671 1002 720 adparatu
1020 671 1215 707 machina-

105 748 189 772 rum
215 742 590 784 tormentorumque:
624 734 742 770 caedes
770 734 858 770 inde
891 735 1032 784 passim
1064 734 1216 783 fugien-

104 800 202 836 tium
227 801 367 850 pariter
393 812 435 836 ac
461 800 754 850 repugnantium
780 798 861 835 fieri
880 805 1007 849 coepta
1033 805 1113 835 est:
1145 811 1217 835 nec

106 864 184 900 ullo
204 863 301 914 jam,
322 865 387 913 qui
416 863 587 900 militaris
619 863 739 899 aetatis
767 869 879 906 esset,
899 875 978 900 non
1007 870 1074 900 aut
1102 875 1215 907 caeso,

105 934 171 965 aut
188 928 337 976 fugato,
359 929 523 979 Sopatro
549 929 666 965 etiam
687 928 889 964 Acarnane
913 927 1094 978 praefecto
1120 941 1217 979 prze-

105 991 189 1029 sidii
217 991 435 1035 interfecto,
459 993 587 1042 praeda
613 993 735 1028 omnis
765 993 889 1042 primo
914 992 954 1027 in
979 992 1105 1028 forum
1125 1005 1217 1029 con-

106 1056 196 1101 lata,
214 1056 348 1093 deinde
366 1057 406 1093 in
426 1068 539 1095 naves
558 1057 747 1106 inposita:
771 1069 897 1092 carcer
912 1056 1027 1092 etiam
1046 1056 1093 1093 ab
1107 1055 1217 1093 Rho·
1230 1062 1397 1102 Direptam

105 1122 176 1159 diis
210 1122 418 1158 refractus:
464 1121 665 1170 emisique
706 1121 856 1171 captivi,
893 1133 986 1170 quos
1018 1106 1430 1173 Philippusrelinquunt.

106 1192 301 1235 tamquam
320 1186 361 1222 in
378 1185 609 1221 tutissimam
630 1185 841 1222 custodiam
868 1186 1101 1223 condiderat.
1132 1186 1218 1223 Sta-

104 1252 178 1287 tuis
205 1251 293 1287 inde
317 1251 416 1299 regis
444 1249 600 1299 dejectis
624 1251 898 1301 truncatisque,
920 1251 1030 1300 signo
1050 1251 1219 1301 receptui

106 1313 210 1357 dato,
232 1314 533 1351 conscenderunt
561 1327 690 1358 naves,
708 1321 746 1351 et
772 1314 975 1358 Piraeeum,
1004 1315 1103 1352 unde
1129 1327 1218 1365 pro-

104 1379 195 1418 fecti
228 1385 348 1421 erant,
382 1378 586 1416 redierunt.
654 1379 772 1416 Quod
804 1381 836 1415 si
868 1386 1018 1416 tantum
1055 1379 1220 1416 militum

104 1443 369 1481 Romanorum
401 1442 550 1486 fuisset,
584 1448 627 1478 ut
656 1450 694 1479 et
724 1443 876 1480 Chalcis
905 1444 1041 1486 teneri,
1069 1451 1108 1479 et
1139 1455 1220 1481 non

103 1510 224 1546 deseri
252 1508 467 1559 praesidium
491 1508 731 1544 Athenarum
755 1509 968 1559 potuisset3
1000 1520 1140 1557 magna
1158 1520 1216 1545 res

104 1574 292 1626 principio
325 1573 453 1609 statim
486 1571 590 1615 belli,
626 1571 777 1608 Chalcis
804 1578 842 1608 et
873 1572 1039 1623 Euripus
1069 1572 1220 1610 ademta

105 1639 187 1688 regi
205 1638 331 1674 forent
347 1653 355 1674 :
386 1650 475 1673 nam
492 1644 535 1672 ut
556 1643 656 1672 terra
670 1635 1014 1687 Thermopylarum
1033 1638 1218 1687 angustiae

106 1703 306 1746 Graeciam,
323 1703 378 1738 ita
396 1702 491 1737 mari
509 1701 648 1737 fretum
667 1700 802 1751 Euripi
822 1701 974 1738 claudit.

158 1766 310 1803 XXIV.
339 1766 584 1803 Demetriade
629 1772 709 1802 tum
749 1765 950 1816 Philippus
987 1772 1090 1804 erat:
1140 1779 1215 1817 quo
1229 1772 1366 1804 Advolat

106 1845 221 1882 quum
240 1838 338 1868 esset
357 1831 539 1867 nunciata
565 1830 689 1868 clades
717 1831 828 1867 sociae
848 1831 966 1874 urbis,
987 1843 1215 1882 quamquam
1227 1817 1405 1893 {025¹}ssng

106 1908 230 1932 serum
259 1896 440 1933 auxilium
466 1896 621 1947 perditis
654 1903 749 1940 erat,
771 1903 913 1940 tamen,
935 1909 1016 1946 quae
1042 1899 1217 1948 proxima

104 1959 246 1997 auxilio
267 1968 337 2004 est,
359 1960 544 1997 ultionem
569 1967 718 2011 petens,
740 1974 826 1997 cum
846 1961 1030 2010 expeditis
1052 1963 1217 2012 quinque

104 2024 269 2062 millibus
298 2026 479 2076 peditum,
511 2034 549 2062 et
587 2026 767 2062 trecentis
798 2024 988 2075 equitibus
1026 2027 1218 2078 extemplo

103 2089 309 2140 profectus,
331 2103 442 2127 cursu
467 2103 586 2142 prope
613 2089 839 2126 Chalcidem
868 2090 1079 2134 contendit,
1099 2091 1220 2128 haud-

105 2166 293 2203 quaquam
326 2155 461 2191 dubius
498 2155 661 2206 obprimi
695 2154 894 2190 Romanos
924 2167 1057 2204 posse:
1091 2169 1113 2192 a
1146 2169 1221 2205 qua

104 2218 304 2255 destitutus
339 2232 422 2270 spe,
456 2233 525 2256 nec
560 2220 765 2268 quidquam
797 2218 912 2261 aliud,
942 2232 1053 2268 quam
1082 2219 1129 2256 ad
1157 2221 1220 2257 de-

104 2280 227 2320 forme
247 2283 503 2335 spectaculum
533 2284 721 2321 semirutae
753 2296 795 2320 ac
821 2282 1002 2321 fumantis
1025 2284 1135 2322 sociae
1154 2297 1218 2321 ur·

614 2347 692 2385 05
