1523 2666
277 298 307 321 2.

125 288 215 318 U.C.
234 296 272 321 55

122 334 161 362 A.
179 332 216 363 C.
234 341 307 366 200.

118 988 225 1028 Legati

120 1033 289 1072 Karthagi-

118 1084 194 1106 nem
202 1086 303 1108 missi.

110 1764 212 1795 Iidem
230 1767 269 1796 ad

109 1808 260 1840 Masinis·

105 1860 189 1883 sam.

324 184 406 237 284
766 198 810 228 τ.
834 199 967 229 1,1v11

322 286 425 321 clade
433 283 513 331 jam
532 285 671 335 inflatos
691 289 828 324 excidio
848 291 996 326 colom'oe
1015 290 1190 329 Romanae
1207 305 1335 342 augere
1353 294 1433 332 hos-

323 352 413 386 tium
431 352 579 387 animos.

373 414 447 451 XI.
478 415 551 451 His
571 415 688 452 literis
710 417 875 453 recitatis
897 418 1157 464 decreverunt,
1178 427 1221 457 ut
1246 422 1289 458 C.
1309 422 1433 458 Aure-

317 478 388 517 lius
406 479 539 515 consul
555 480 777 523 exercitum,
795 482 855 517 cui
872 483 910 518 in
926 483 1120 519 Etruriam
1137 485 1184 520 ad
1200 486 1432 521 convenien-

317 542 406 578 dum
426 542 524 578 diem
545 543 728 586 edixerat,
749 545 915 580 Arimini
934 547 1065 582 eadem
1091 548 1151 583 die
1175 547 1432 598 adessejube·

316 612 389 648 ret,
410 612 448 641 et
468 613 533 641 aut
556 607 651 655 ipse,
672 607 703 641 si
734 620 801 656 per
829 610 1070 645 commodum
1099 612 1315 661 reipublicae
1343 624 1434 662 pos-

317 676 388 712 set,
405 669 452 705 ad
472 669 760 719 obprimendam
783 671 973 708 Gallicum
994 674 1198 710 tumultum
1215 676 1432 724 proficisce-

315 740 443 778 retur3
477 740 542 769 aut
566 733 613 769 L.
632 734 747 770 Furio
768 737 922 784 praetori
953 736 1149 780 scriberet,
1171 744 1227 780 ut,
1248 751 1364 786 quum
1385 739 1433 775 ad

317 810 402 834 eum
423 797 593 846 legiones
622 811 668 834 ex
688 798 844 835 Etruria
868 801 1074 843 venissent,
1102 802 1225 837 missis
1247 802 1286 837 in
1313 803 1433 838 vicem

316 875 444 898 earnm
465 863 631 911 quinque
651 863 817 898 millibus
839 865 1044 908 sociorum,
1063 866 1125 913 qui
1146 866 1299 901 interim
1315 866 1432 902 Etru-

315 926 380 962 riae
400 927 576 975 praesidio
596 933 735 981 essent,
757 927 1059 977 proficisceretur
1078 930 1158 978 ipse
1179 930 1223 965 ad
1241 929 1432 967 coloniam

314 988 549 1026 liberandam
570 990 782 1027 obsidione.
839 991 1007 1040 Legatos
1034 992 1124 1028 item
1156 993 1364 1028 mittendos
1391 994 1432 1029 in

315 1053 485 1090 Africam
506 1061 747 1097 censuerunt,
773 1055 924 1090 eosdem
954 1055 1250 1104 Karthaginem,
1278 1056 1431 1092 eosdem

314 1118 354 1153 in
391 1118 613 1154 Numidiam
648 1119 693 1154 ad
720 1118 978 1155 Masinissam.
1053 1119 1350 1168 Karthaginem,
1390 1126 1430 1156 ut

312 1182 553 1225 nunciarent,
593 1184 703 1218 civem
739 1195 861 1218 eorum
903 1183 1156 1219 Hamilcarem
1191 1184 1357 1219 relictum
1394 1186 1431 1220 in

319 1246 457 1287 Gallia,
486 1245 586 1281 haud
613 1248 702 1281 satis
726 1248 816 1282 scire
845 1258 887 1281 ex
912 1247 1152 1282 Hasdrubalis
1178 1249 1295 1294 prius,
1316 1259 1362 1282 an
1388 1259 1432 1283 ex

310 1310 483 1357 iMagonis
507 1316 634 1358 postea
659 1313 828 1353 exercitu,
857 1312 987 1347 bellum
1015 1317 1140 1347 contra
1155 1311 1428 1360 faeclusfacere.

310 1374 499 1410 Exercitus
536 1375 724 1410 Gallorum
761 1376 1008 1423 Ligurumque
1043 1377 1209 1411 excivisse
1244 1376 1294 1410 acl
1325 1388 1429 1411 arma

310 1443 436 1474 contra
445 1439 620 1487 populum
637 1440 865 1476 Romanum:
890 1452 982 1482 eum,
995 1442 1027 1476 si
1042 1453 1117 1488 pax
1127 1441 1304 1488 placeret,
1324 1452 1427 1476 revo-

308 1504 461 1538 candum
480 1504 565 1545 illis,
587 1509 622 1539 et
641 1505 844 1539 deflendum
859 1504 996 1551 populo
1011 1503 1179 1539 Romano
1195 1515 1266 1539 esse
1282 1519 1294 1539 .·
1315 1502 1428 1538 simul

306 1567 488 1603 nunciare
496 1566 610 1617 jussi,
620 1567 798 1616 perfugas
808 1569 872 1603 sibi
888 1581 957 1603 non
970 1580 1089 1603 omnes
1102 1569 1260 1603 redditos
1273 1579 1343 1603 esse
1351 1584 1363 1615 ,-
1384 1580 1427 1602 ac

305 1644 476 1680 magnam
488 1639 632 1681 partem
644 1646 764 1669 eorum
774 1635 902 1681 palam
914 1634 1138 1681 Karthagini
1152 1634 1331 1669 obversari
1340 1634 1428 1669 dici.-

305 1709 392 1744 quos
411 1698 665 1746 comprehendi
683 1701 914 1746 conquirique
932 1699 1068 1741 debere,
1089 1704 1132 1734 at
1152 1699 1216 1734 sibi
1235 1698 1427 1747 exfoedere

305 1763 553 1798 restituantur.
587 1762 683 1799 Haec
699 1763 746 1799 ad
760 1762 1102 1810 Karthaginienses
1117 1763 1306 1799 mandata.
1335 1762 1424 1798 Ma-

305 1826 449 1862 sinissae
465 1827 670 1877 gratularij
679 1829 767 1870 ussi,
785 1829 879 1876 quod
894 1840 963 1863 nou
976 1830 1139 1876 patrium
1158 1829 1264 1864 modo
1278 1839 1424 1875 recupe-

302 1896 415 1927 rasset
432 1903 595 1938 regnum,
615 1893 690 1933 sed,
709 1897 816 1939 parte
820 1893 1079 1942 florentissima
1101 1892 1277 1940 Syphacis
1282 1892 1420 1940 finium

301 1953 457 2001 adjecta,
478 1958 588 1991 etiam
607 1958 787 1992 auxisset:
815 1958 995 1992 nunciare
1016 1963 1199 2006 praeterea
1211 1955 1325 2004 jussi,
1347 1955 1419 1990 bel-

301 2021 375 2055 lum
394 2033 473 2056 cum
492 2033 575 2068 rege
597 2021 771 2069 Philippo
785 2027 997 2069 susceptum,
1019 2023 1114 2070 quod
1133 2021 1420 2067 Karthaginien-

299 2095 351 2119 ses
370 2084 514 2119 auxiliis
524 2083 675 2129 juvisset
685 2101 699 2129 ,-
729 2083 950 2133 injuriasque
970 2085 1155 2134 inferendo
1173 2086 1276 2120 sociis
1291 2084 1420 2132 populi

302 2146 473 2190 Romani,
487 2149 677 2198 flagrante
696 2149 784 2185 bello
806 2150 934 2192 Italia,
956 2151 1122 2196 co'c'gisset
1141 2150 1268 2185 classes
1286 2149 1419 2183 exerci-

301 2216 425 2260 tusque
446 2213 480 2248 in
505 2214 681 2249 Graeciam
705 2215 800 2249 mitti
807 2231 820 2258 ;
849 2219 897 2256 et,
918 2214 1119 2249 distinendo
1138 2214 1272 2261 copias,
1294 2223 1419 2247 caussa

300 2275 606 2323 inprimisfuisset
629 2279 741 2313 serius
762 2279 800 2313 in
818 2276 986 2328 Africam
1010 2274 1225 2323 trajiciendi.
1274 2276 1416 2316 Petere,
