1507 2656
271 207 424 239 Lmen
447 194 640 235 xxxrn.
673 202 1035 235 cAr.xxxvr11.
1127 205 1208 246 421

103 299 292 351 lesponto,
314 299 395 335 aliae
417 297 527 334 urbes
548 301 806 345 sequerentur.
864 294 987 343 Igitur
1010 301 1047 331 et
1066 295 1146 346 ipse
1165 294 1213 332 ab
1229 298 1269 328 U.
1281 297 1317 327 C.
1335 298 1409 328 ⁵56,

101 361 256 413 Epheso
289 363 336 399 ad
368 362 566 410 Smyrnam
600 359 848 396 obsidendam
883 360 1009 394 misit:
1045 366 1097 403 et,
1131 341 1317 408 quaeA’C‘
1337 344 1409 373 ¹⁹6‘

103 427 229 476 Abydi
249 426 367 475 copiae
387 432 508 467 erant,
528 423 705 475 praesidio
725 429 874 460 tantum
894 423 1045 459 modico
1065 423 1214 467 relicto,

104 490 188 526 duci
208 490 254 526 ad
278 489 531 539 Lampsacum
565 487 864 538 obpugnandum
890 486 1020 537 jussit.
1076 486 1160 523 Nec
1179 487 1217 523 vi

103 559 252 590 tantum
271 553 459 589 terrebat:
492 552 571 596 sed,
591 564 658 602 per
683 551 829 601 legatos
849 551 986 588 leniter
1010 551 1219 600 adloquen-

104 616 154 653 do
174 617 470 667 castigandoque
488 616 743 652 temeritatem
766 622 804 652 et
830 616 1092 666 pertinaciam,
1113 627 1219 666 spem

106 680 316 718 conabatur
342 681 481 725 facere,
507 681 626 724 brevi,
656 693 738 730 quae
771 685 958 730 peterent,
988 680 1215 725 habitur085

108 745 173 781 sed
192 757 307 794 quum
327 746 417 781 satis
437 751 475 781 et
502 745 608 796 ipsis,
630 751 667 781 et
690 744 866 781 omnibus
891 744 974 781 aliis
1005 744 1217 794 adpareret,

109 808 156 845 ab
185 821 273 857 rege
302 809 530 859 impetratam
560 821 623 845 eos
652 808 881 851 libertatem,
905 821 985 844 non
1011 820 1080 859 per
1107 820 1219 844 occa-

109 873 256 909 sionem
283 880 445 923 raptam,
474 873 626 910 habere.
682 873 871 909 Adversus
903 885 985 922 quae
1014 871 1220 922 responde-

107 935 215 980 bant,
237 938 342 973 Nihil
359 950 472 986 neque
496 940 636 980 mirari,
656 950 770 986 neque
786 950 985 974 succensere
1003 937 1223 973 Antiochum

110 1000 245 1042 debere,
266 1003 295 1036 si
313 1013 410 1049 spem
431 1002 606 1037 libertatis
625 1003 762 1050 differri
781 1014 851 1037 non
869 1002 956 1037 sotis
975 1013 1074 1048 aequo
1100 1001 1222 1036 animo

103 1069 328 1112 paterentur.
385 1065 471 1115 Ipse
505 1066 616 1101 initio
646 1066 756 1108 veris,
790 1065 949 1100 navibus
980 1064 1027 1100 ab
1063 1064 1219 1113 Epheso

105 1128 313 1178 profectus,
350 1129 645 1179 Hellespontum
687 1129 784 1178 petit
807 1144 817 1173 3
854 1134 1050 1164 terrestres
1090 1127 1217 1177 copias
1232 1129 1411 1161 Chersone«

106 1193 308 1245 Ill-adytum
326 1196 483 1246 trajicit,
506 1196 735 1232 Chersonesi
762 1194 891 1231 urbem
908 1213 919 1242 5
951 1194 1121 1230 terrestri
1150 1206 1218 1230 na·
1233 1183 1307 1256 ἒὲζῃ
1323 1182 1421 1204 occu*

108 1259 228 1296 valem
249 1263 455 1297 exercitum
472 1261 627 1311 junxit:
661 1267 711 1304 et,
735 1261 822 1310 quia
842 1260 1055 1296 clauserant
1074 1265 1219 1310 portaS,

110 1324 354 1361 circumdedit
386 1327 528 1362 moenia
559 1327 728 1368 armatis,
761 1332 799 1361 et
827 1324 910 1375 jam
943 1337 1058 1374 opera
1088 1325 1218 1361 admo-

111 1388 228 1431 venti,
250 1389 390 1424 deditio
411 1395 467 1425 est
485 1389 612 1426 facta:
646 1389 744 1425 idem
765 1396 886 1424 metus
906 1395 986 1424 tum
1010 1388 1221 1424 incolentes

110 1450 201 1487 alias
219 1452 446 1490 Chersonesi
468 1455 576 1491 urbes
597 1456 634 1490 in
656 1455 886 1490 deditionem
903 1454 1017 1490 dedit.
1047 1453 1222 1503 Lysima-

111 1515 236 1552 chiam
254 1517 342 1554 inde
362 1519 537 1555 omnibus
557 1519 668 1555 simul
690 1518 886 1555 navalibus
906 1517 1222 1567 terrestribusque

18 1589 25 1600 ¹
70 1624 75 1628 ᾗ
113 1581 231 1630 copiis
268 1583 398 1618 venit:
443 1596 556 1632 quam
593 1595 708 1632 quum
751 1582 937 1618 desertam
983 1594 1026 1617 ac
1065 1588 1222 1618 stratam

112 1657 230 1696 prope
250 1647 366 1682 ruinis
392 1648 610 1690 invenisset,
635 1651 830 1696 (ceperant
856 1652 997 1689 autem,
1018 1646 1224 1696 direptam-

115 1722 188 1758 que
206 1710 452 1748 incenderant
470 1712 637 1747 Thraces
661 1712 789 1761 paucis
820 1717 908 1746 ante
937 1710 1064 1757 annis)
1086 1711 1224 1760 cupido

116 1785 201 1810 eum
220 1777 444 1812 restituendi
470 1776 639 1812 nobilem
659 1775 805 1818 urbem,
833 1782 871 1811 et
898 1774 986 1811 loco
1015 1775 1126 1810 sitam
1156 1787 1226 1825 op·

116 1844 296 1888 portuno,
330 1840 440 1889 cepit.
498 1839 632 1888 Itaque
668 1839 773 1875 omni
810 1850 900 1873 cura
931 1837 1043 1873 simul
1075 1844 1132 1874 est
1161 1838 1227 1874 ad-

113 1915 261 1952 gressus
281 1910 316 1939 et
337 1910 438 1940 tecta
466 1916 669 1953 murosque
697 1903 910 1945 restituere,
932 1907 970 1937 et
998 1902 1136 1952 partim
1167 1915 1226 1938 re·

118 1966 255 2003 dimere
272 1967 474 2003 servientes
493 1967 839 2016 Lysimachienses,
856 1966 994 2015 partim
1013 1964 1105 2014 fuga
1121 1978 1225 2015 spar-
1242 1969 1390 2017 Lysima-

118 2043 179 2066 sos
210 2043 274 2080 per
305 2030 597 2080 Hellespontum
621 2030 974 2077 Chersonesumque
1004 2014 1353 2087 conquireresegi‘t'ffi?⁰
1366 2023 1415 2045 ἐ’

120 2094 440 2142 contrahereque:
472 2094 610 2143 partim
636 2105 756 2129 novos
777 2092 950 2134 colonos,
972 2104 1036 2142 spe
1057 2104 1228 2128 commo—

119 2157 251 2192 dorum
289 2157 497 2206 proposita,
533 2156 756 2198 adscribere,
790 2162 828 2191 et
862 2155 966 2190 omni
1004 2154 1119 2190 modo
1151 2154 1227 2191 fre-

121 2227 314 2268 quentare.
371 2220 489 2256 Simul
514 2226 555 2256 ut
573 2220 763 2256 Thracum
783 2219 1071 2255 submoveretur
1088 2224 1225 2262 metus,

122 2284 201 2333 ipse
221 2290 326 2334 parte
346 2284 499 2321 dimidia
519 2286 751 2321 terrestrium
772 2284 966 2335 copiarum
986 2283 1033 2319 ad
1059 2282 1228 2334 depopu-
