1523 2666
143 262 188 293 U.
201 261 237 293 C.
253 267 325 298 ⁵57.

141 306 183 337 A.
199 305 236 338 C.
256 313 327 340 195.

337 159 421 214 458
793 171 838 201 τ.
863 171 996 203 mvn

338 268 462 311 serpat
481 264 589 300 latius
608 264 773 311 contagio
791 262 866 309 ejus
882 265 972 300 mali
983 280 996 308 ,-
1023 275 1087 301 nos
1104 266 1196 314 oequi
1213 265 1362 315 bonique
1376 265 1448 316 sa-

340 329 460 364 cimas.
496 328 560 364 De
584 327 651 364 hac
674 339 712 364 re
729 340 790 364 vos
808 329 965 372 consulo,
985 333 1146 366 staturus
1169 341 1222 373 eo,
1243 332 1339 379 quod
1362 332 1448 380 plu-

338 404 394 429 res
412 393 626 429 censueritis.

391 456 553 494 XXIII.
593 456 687 492 Post
728 457 941 494 orationem
981 456 1149 495 Romani
1191 457 1446 509 imperatoris,

337 521 550 574 percenseri
580 520 739 557 aliorum
770 522 968 558 sententiae
998 529 1134 574 coeptae
1163 530 1262 561 sunt.
1320 523 1451 563 Quum

316 587 485 637 .legatus
515 585 821 628 Atheniensium,
851 592 1034 634 quantum
1065 594 1217 637 poterat
1245 588 1376 637 gratiis
1406 601 1448 625 a·

141 1295 325 1328 AEtoIOrum

142 1340 291 1380 querelae.

337 651 485 700 gendis,
506 649 771 686 Romanorum
796 650 835 686 in
856 650 1043 687 Graeciam
1071 652 1205 687 merita
1235 651 1446 696 extulisset,

337 717 536 765 inploratcs
554 715 743 757 auxilium,
764 716 930 752 adversus
948 715 1162 765 Philippum
1186 717 1305 753 tulisse
1322 728 1425 764 opem
1436 733 1450 761 ,-

334 792 409 817 non
436 785 593 828 rogatos,
619 779 715 815 ultro
744 780 913 816 adversus
941 786 1135 828 tyrannum
1162 781 1282 817 Nabin
1311 780 1451 831 obferre

336 845 539 888 auxilium‚·
567 843 861 892 indignatusque
880 849 992 887 esset,
1013 844 1086 881 haec
1105 849 1210 881 tanta
1228 846 1355 881 merita
1374 857 1448 882 ser-

334 910 495 946 monibus
528 914 649 944 tamen
681 908 885 956 aliquorum
917 910 1032 956 carpi,
1055 908 1196 957 fittura
1224 910 1448 946 calumnian-

336 978 427 1013 tium
442 991 455 1021 ‚-
484 987 593 1024 quum
611 973 731 1023 fateri
744 977 867 1022 potius
882 976 1149 1023 praeteritorum
1168 977 1329 1023 gratiam
1346 974 1447 1011 debe-

333 1046 442 1085 rent5
472 1039 677 1090 adparebat
706 1039 842 1074 incessi
862 1039 1029 1075 AEtolos.
1086 1040 1210 1088 Igitur
1232 1038 1448 1075 Alexander

335 1106 510 1156 princeps
545 1104 682 1153 gentis,
714 1104 882 1139 invectus
917 1104 1080 1153 primum
1109 1105 1149 1140 in
1177 1104 1445 1147 Athenienses,

335 1168 521 1206 libertatis
542 1168 733 1217 quondam
763 1167 873 1203 duces
900 1174 938 1202 et
963 1174 1151 1210 auctores,
1173 1168 1447 1204 adsentationis

335 1222 499 1286 propriae
547 1233 669 1281 gratia
715 1243 955 1267 communem
1001 1243 1172 1267 caussam
1218 1231 1420 1281 prodentes
1434 1248 1446 1278 3

339 1305 492 1349 questus
523 1297 671 1338 deinde,
702 1296 862 1338 Achoeos,
895 1295 1068 1344 Philippo
1097 1298 1275 1344 quondam
1304 1297 1447 1339 milites,

332 1369 553 1415 postremum
589 1362 631 1397 ab
665 1362 839 1397 inclinata
870 1360 944 1407 ejus
969 1360 1130 1409 fortuna
1164 1361 1381 1410 transfugas,
1415 1367 1451 1399 et

339 1427 549 1465 Corinthum
578 1427 760 1473 recepisse,
791 1429 826 1461 et
855 1426 893 1461 id
921 1437 1039 1472 agere,
1070 1430 1111 1461 ut
1130 1426 1247 1473 Argos
1275 1426 1450 1463 habeant:

336 1494 495 1535 AEtolos,
515 1492 649 1539 primos
678 1490 790 1526 hostes
819 1490 998 1538 Philippi,
1018 1502 1155 1537 semper
1181 1492 1294 1526 socios
1312 1490 1449 1527 Roma-

335 1570 475 1599 norum,
494 1560 619 1604 pactos
636 1557 673 1591 in
691 1554 832 1603 foedere
850 1566 932 1590 suas
953 1554 1054 1589 urbes
1079 1567 1253 1602 agrosque
1269 1555 1359 1604 fore
1387 1559 1449 1594 de-

335 1625 430 1659 victo
452 1620 636 1668 Philippo,
649 1619 827 1667 fraudari
846 1619 985 1655 Echino
1004 1623 1039 1655 et
1059 1619 1236 1655 Pharsalo
1250 1636 1263 1663 ,-
1289 1621 1447 1658 insimu-

334 1686 429 1723 lavit
456 1684 598 1721 fraudis
628 1682 849 1719 Romanos:
883 1684 990 1730 quod,
1014 1695 1106 1718 vano
1136 1684 1243 1719 titulo
1273 1685 1448 1722 libertatis

334 1755 524 1793 ostentato,
554 1749 760 1784 Chalcidem
784 1752 819 1783 et
848 1748 1121 1784 Demetriadem
1147 1749 1324 1796 praesidiis
1352 1755 1448 1787 tene-

333 1822 415 1853 rent
427 1833 438 1860 ,-
468 1817 530 1864 qui
550 1815 737 1862 Philippo,
759 1815 943 1849 cunctanti
963 1814 1133 1849 deducere
1155 1814 1239 1849 inde
1264 1816 1446 1862 praesidia,

335 1879 484 1926 objicere
510 1890 648 1926 semper
674 1878 771 1913 soliti
802 1881 898 1918 sunt,
928 1889 1136 1924 numquam,
1171 1878 1281 1914 donec
1312 1879 1448 1915 Deme·

336 1946 439 1987 trias,
480 1942 703 1990 Chalcisque,
741 1946 776 1977 et
815 1941 1004 1977 Corinthus
1048 1946 1264 1984 tenerentur,
1304 1943 1451 1980 liberam

340 2009 517 2045 Graeciam
535 2006 649 2056 fore:
672 2010 865 2054 postremo,
888 2007 975 2054 quia
1002 2007 1210 2043 remanendi
1238 2007 1273 2042 in
1310 2008 1449 2045 Groecia

332 2074 581 2121 retinendique
608 2072 782 2107 exercitus
802 2071 920 2118 Argos
946 2076 982 2107 ct
1012 2071 1132 2107 Nabin
1160 2083 1319 2108 caussam
1337 2072 1448 2120 face-

333 2143 423 2176 rent.
480 2138 729 2185 Deportarent
748 2137 900 2184 legiones
920 2138 956 2172 in
977 2137 1138 2173 Italiam.
1193 2136 1341 2174 AEtolos
1363 2138 1448 2186 pol-

333 2204 447 2246 liceri,
469 2206 535 2238 aut
553 2200 812 2237 conditionibus
830 2205 864 2236 et
883 2201 1066 2238 voluntate
1083 2213 1150 2238 sua
1175 2201 1296 2239 Nabin
1323 2203 1447 2250 praesi·

332 2268 434 2304 dium
451 2267 562 2315 Argis
579 2265 829 2308 deducturum,
850 2269 915 2301 aut
931 2267 967 2302 vi
992 2270 1099 2313 atque
1127 2267 1238 2303 armis
1265 2270 1449 2303 coacturos

331 2332 370 2369 in
385 2334 566 2381 potestate
585 2325 834 2367 consentientis
858 2329 1003 2367 Groeciae
1021 2340 1103 2366 esse.
