1507 2656
316 202 470 230 LIBER
494 199 640 228 XXXI·
674 198 782 226 CAv.
805 197 887 225 xl..
1065 192 1145 239 317

39 292 181 328 inutilis
202 298 300 328 erat:
334 290 397 326 sed
417 301 461 325 ea
479 299 630 337 quoque
649 287 732 337 ipsa
751 291 807 329 ut,
825 286 856 321 si
872 285 956 334 quis
977 285 1149 336 inpetum
1163 286 1206 319 U.
1219 286 1255 317 C.
1271 293 1345 318 ³⁵9.

37 355 192 399 faceret,
214 356 252 391 in
271 360 464 405 patentem
484 351 630 389 vulneri
657 363 793 400 equum
823 350 1064 399 equitemque
1090 361 1150 386 sa·
1163 331 1204 362 Α·
1217 329 1254 361 C·
1269 335 1341 361 ⁹⁰*

39 421 153 468 gittas
175 418 362 469 conjicere
389 422 554 467 poterat,
576 417 631 451 ita
650 415 826 451 adversus
846 419 955 450 scuta
973 412 1152 451 Romana

38 496 108 520 nec
129 483 175 520 ad
194 481 458 533 trajiciendum
478 481 569 516 satis
590 491 767 528 magnam
787 478 861 515 vim
879 477 1060 521 habebat,
1081 490 1151 514 nee

36 549 158 598 aperti
177 547 380 596 quidquam
409 552 503 588 erat,
531 544 633 594 quod
662 550 820 594 peteret.
877 542 1014 592 Itaque
1042 541 1081 578 id
1110 548 1152 578 ut

37 623 174 647 vanum
199 609 266 646 teli
294 621 412 659 genus
440 615 641 645 senserunt
660 620 755 651 esse,
777 608 876 644 saxis
907 607 1047 657 passim
1066 613 1151 643 tota

36 674 131 711 valle
161 673 379 725 jacentibus
413 672 655 709 incessebant
691 671 865 708 hostem:
911 683 969 714 ea,
1004 670 1151 722 majore

37 752 123 775 cum
152 739 293 782 sonitu,
314 751 427 788 quam
456 737 610 774 vulnere
640 736 731 780 ullo,
760 735 926 786 pulsatio
955 743 1151 772 scutorum

36 816 239 854 parumper
275 804 517 840 succedentes
552 802 751 838 Romanos
784 802 919 838 tenuit.
984 800 1149 845 Deinde,
1162 810 1311 843 pen-um⁹

36 869 80 903 iis
103 881 253 917 quoque
282 868 418 918 spretis
447 868 600 918 partim,
629 866 819 903 testudine
847 865 963 910 facta,
993 878 1061 917 per
1085 866 1149 903 ad·
1163 856 1323 930 gigig&

37 945 163 969 versos
191 934 334 970 vadunt
361 934 514 970 hostes:
547 933 699 984 partim,
719 932 826 968 brevi
854 931 1015 967 circuitu
1034 943 1151 981 quum
1163 944 1294 984 gamas,

36 995 225 1046 injugum
244 996 351 1032 collis
371 997 592 1040 evasissent,
613 996 782 1046 trepidos
803 1008 849 1032 ex
867 994 1051 1046 praesidiis
1072 1002 1149 1032 sta-

36 1060 280 1110 tionibusque
307 1060 540 1097 Macedonas
571 1061 800 1097 deturbant:
833 1067 886 1103 et,
917 1067 959 1096 ut
987 1061 1027 1097 in
1055 1060 1150 1098 loch

37 1124 214 1176 inpeditis
235 1126 377 1162 difficili
396 1126 501 1175 fuga,
519 1126 719 1177 plerosque
739 1127 854 1163 etiam
874 1125 1120 1163 obtruncant.

87 1189 177 1228 XL.
207 1190 269 1227 Ita
287 1192 472 1240 angustiae
496 1192 642 1228 minore
672 1193 893 1235 certamine,
914 1203 1027 1240 quam
1048 1189 1150 1240 quod

37 1255 171 1291 animis
191 1263 482 1306 proposuerant,
504 1264 705 1308 superatae,
725 1264 765 1294 et
784 1258 823 1293 in
843 1256 1044 1294 Eordaeam
1063 1268 1147 1307 per·

36 1325 214 1366 ventum,
246 1320 311 1358 ubi
338 1322 562 1371 pervastatis
589 1322 730 1374 passim
760 1322 874 1370 agris,
895 1321 935 1356 in
960 1319 1149 1358 Elimeam

36 1396 76 1420 se
112 1386 277 1436 recepit:
311 1386 398 1422 inde
429 1387 600 1437 inpetum
637 1387 676 1423 in
715 1385 929 1422 Orestidem
963 1385 1075 1431 fecit3
1112 1391 1150 1421 et

37 1448 218 1499 oppidum
249 1450 441 1487 Celetrum
470 1458 528 1488 est
554 1452 767 1501 adgressus,
797 1452 836 1487 in
870 1448 1070 1501 peninsula
1099 1449 1149 1485 si-

36 1518 130 1550 tum.
169 1513 292 1551 Lacus
313 1517 455 1552 moenia
475 1517 618 1565 cingit:
652 1517 821 1566 angustis
842 1516 1015 1552 faucibus
1033 1527 1151 1556 unum

35 1590 82 1615 ex
101 1579 315 1615 continenti
334 1581 406 1616 iter
425 1588 494 1618 est.
538 1581 668 1617 Primo
689 1583 764 1617 situ
784 1582 868 1631 ipso
886 1581 991 1623 freti,
1012 1580 1149 1617 clausis

35 1644 170 1694 portis,
191 1644 390 1695 imperium
419 1646 610 1682 abnuere:
644 1647 793 1690 deinde,
814 1653 1016 1697 postquam
1043 1646 1153 1695 signa

34 1705 139 1750 ferri,
160 1720 204 1744 ac
232 1709 423 1746 testudine
452 1711 602 1747 succedi
632 1711 678 1747 ad
709 1718 874 1761 portam,
902 1710 1152 1759 obsessasque

34 1769 163 1808 fauces
183 1773 333 1821 agmine
361 1774 529 1810 hostium
556 1774 743 1817 viderunt,
765 1775 981 1825 priusquam
1003 1774 1150 1825 experi-

35 1845 165 1874 rentur
182 1846 386 1883 certamen,
407 1847 510 1876 metu
532 1840 570 1876 in
590 1841 821 1878 deditionem
841 1846 1038 1878 venerunt.
1088 1839 1151 1878 Ab

35 1900 187 1939 Celetro
216 1903 254 1938 in
284 1902 526 1941 Dassaretios
553 1907 753 1957 processit,
774 1906 982 1956 urbemque
1002 1905 1152 1953 Pelium

33 1965 70 2000 vi
91 1965 212 2015 cepit:
246 1967 398 2004 servitia
415 1969 502 2004 inde
523 1982 607 2007 cum
627 1977 753 2007 cetera
773 1970 899 2021 praeda
919 1969 1092 2014 abduxit,
1112 1975 1152 2007 et

33 2026 153 2065 libera
186 2030 311 2081 capita
345 2031 425 2067 sine
460 2034 583 2081 pretio
617 2033 780 2079 dimisit3
814 2033 1072 2084 oppidumque
1104 2034 1150 2070 iis

36 2092 210 2135 reddidit,
232 2095 405 2143 praesidio
426 2096 550 2134 valido
579 2098 772 2148 inposito:
804 2110 894 2135 nam
923 2105 962 2134 et
990 2099 1063 2136 sita
1082 2110 1151 2148 op-

36 2164 197 2205 portune
219 2157 305 2194 urbs
325 2166 405 2195 erat
425 2160 471 2196 ad
492 2161 642 2211 inpetus
664 2162 701 2197 iu
722 2161 992 2198 Macedoniam
1007 2162 1151 2200 facien-

37 2219 117 2256 dos.
174 2220 235 2257 Ita
257 2225 465 2272 perag-raus
494 2224 663 2262 hostium
693 2227 808 2274 agris,
836 2225 971 2264 consul
999 2227 1038 2263 in
1067 2225 1153 2263 loca

33 2284 114 2334 jam
134 2295 269 2336 pacata
288 2288 334 2324 ad
352 2289 616 2340 Apolloniam,
639 2292 737 2329 unde
757 2303 864 2330 orsus
884 2291 1026 2329 bellum
1053 2299 1147 2336 erat,

39 2351 168 2402 copias
204 2351 364 2391 reduxit.
438 2353 659 2410 Philippum
692 2363 908 2396 averterant
940 2355 1080 2400 AEtoli,
1113 2364 1150 2395 et

552 2419 584 2459 P
601 2420 625 2457 3
