1523 2666
285 168 341 208 24
746 167 791 195 T.
814 167 947 196 mvn

88 267 178 299 uc,
197 257 383 307 543.pitos
398 271 408 302 3
440 268 562 304 neque
589 254 654 290 illo
674 254 734 291 die
760 255 881 291 virum
901 268 1126 304 quemquam
1152 256 1189 291 iu
1218 256 1297 292 acie
1316 254 1398 292 Ro-

86 311 127 342 A·
140 311 178 343 C·
196 317 271 343 2⁰9·
282 333 394 356 mana
408 319 538 362 fuisse,
559 325 696 368 praeter
711 331 828 355 unum
848 319 1004 364 ducem,
1038 320 1098 355 cui
1113 326 1179 355 aut
1195 326 1317 356 morte
1337 332 1397 356 sa·-

69 1092 218 1124 Tertium

68 1136 233 1176 proelium.

279 384 560 426 tisfaciendum,
599 390 666 419 aut
703 384 853 432 egregia
882 385 1042 420 victoria
1070 390 1180 421 esset.
1236 383 1398 420 Postero

277 450 338 486 die
358 449 482 485 ornati
508 448 717 497 armatique
745 448 791 483 ad
812 448 975 485 edictum
1002 449 1170 485 aderant.
1228 448 1399 498 Impera-

276 522 339 549 tor
355 526 418 549 cos
435 512 654 555 conlaudat,
670 513 989 562 pronunciatque,
1006 527 1028 549 α
1044 514 1169 562 quibus
1184 517 1264 549 orta
1277 513 1398 561 pridie

262 578 365 628 fuga
383 583 483 621 esset,
503 578 742 625 cohortesque,
764 590 841 625 quae
857 579 961 625 signa
980 580 1189 620 amisissent,
1211 590 1248 614 se
1265 579 1301 614 in
1316 579 1395 626 pri-

271 657 370 680 mam
402 645 514 679 aciem
550 644 807 679 inducturum:
840 645 977 680 edicere
1002 643 1083 691 jam
1117 656 1203 686 sese,
1237 643 1396 679 omnibus

267 708 508 756 pugnandum
527 719 570 743 ac
587 708 799 743 vincendum
817 719 911 751 esse;
941 713 976 744 et
995 709 1230 744 adnitendum
1247 707 1397 755 singulis

268 773 520 820 universisque,
547 784 591 808 ne
616 773 719 820 prius
746 772 914 807 hesternae
935 771 1056 820 fugoe,
1081 784 1187 819 quam
1217 771 1396 806 hodiernae

266 838 437 879 victorioe,
448 835 561 884 fama
580 836 735 872 Romam
757 838 953 884 perveniat.
1011 835 1105 871 Inde
1124 834 1212 871 cibo
1231 846 1393 884 corpora

268 899 417 937 firmare
429 899 542 950 jussi,
565 907 619 943 ut,
637 901 667 935 si
688 900 839 948 longior
858 913 987 950 pugna
1006 906 1118 943 esset,
1137 898 1278 935 viribus
1298 897 1388 937 sub-

268 963 436 1001 ficerent.
495 963 572 1001 Ubi
590 964 718 1000 omnia
738 964 839 1000 dicta
857 964 1035 1014 factaque
1051 969 1154 1007 sunt,
1170 962 1307 1012 quibus
1324 975 1389 1000 ex-

266 1028 476 1065 citarentur
496 1028 613 1064 animi
633 1027 810 1071 militum,
832 1028 872 1064 in
891 1029 1011 1064 aciem
1030 1027 1254 1078 procedunt.

320 1092 431 1129 XIV.
461 1092 578 1131 Quod
604 1092 667 1128 ubi
695 1091 907 1129 Hannibali
934 1092 1156 1128 nunciatum
1183 1097 1263 1127 est:
1298 1090 1389 1127 Cum

264 1170 305 1195 eo
333 1160 519 1201 nimirum,
540 1158 677 1206 inquit,
706 1158 803 1194 hoste
829 1170 884 1194 res
911 1163 975 1201 est,
996 1159 1057 1206 qui
1084 1169 1147 1194 nec
1165 1157 1305 1198 bonam,
1326 1167 1389 1192 nec

263 1221 515 1271 malamferre
528 1223 725 1271 fortunam
743 1228 871 1271 potest.
918 1224 989 1259 Seu
1008 1224 1106 1265 vicit,
1123 1221 1304 1271 ferociter
1328 1222 1385 1258 in-

259 1292 335 1324 stat
350 1290 477 1324 victis:
504 1301 565 1324 seu
584 1290 698 1325 victus
715 1294 778 1331 est,
801 1291 981 1324 instaurat
999 1300 1079 1324 cum
1098 1286 1290 1323 victoribus
1308 1297 1384 1322 cer·

261 1358 392 1388 tamen.
451 1352 570 1401 Signa
614 1353 700 1388 inde
739 1365 873 1388 canere
910 1351 1041 1402 jussit,
1080 1352 1208 1401 copias
1245 1350 1383 1387 educit.

257 1416 476 1465 Pugnatum
506 1417 695 1465 utrimque
725 1416 935 1466 aliquanto,
957 1429 1069 1465 quam
1095 1415 1230 1465 pridie,
1258 1414 1380 1450 acrius

257 1486 337 1517 est:
370 1481 500 1517 Poenis
529 1481 575 1517 ad
605 1481 854 1517 obtinendum
883 1482 1104 1518 hesternum
1129 1480 1241 1516 decus
1272 1478 1380 1515 adni-

256 1544 440 1587 tentibus,
465 1544 651 1581 Romanis
680 1545 727 1581 ad
747 1545 968 1581 demendam
996 1544 1260 1594 ignominiam.
1318 1542 1378 1579 Si-

255 1609 376 1646 nistra
396 1609 455 1646 ala
482 1609 528 1646 ab
559 1609 746 1647 Romanis
777 1616 814 1646 et
843 1610 1036 1653 cohortes,
1058 1623 1142 1659 quae
1172 1609 1378 1645 amiserant

254 1674 377 1723 signa,
407 1675 445 1710 in
475 1676 596 1724 prima
625 1675 705 1711 acie
735 1675 972 1724 pugnabant,
1004 1682 1041 1712 et
1069 1674 1170 1723 legio
1199 1673 1379 1709 vicesima

253 1737 302 1774 ab
329 1738 463 1774 dextro
493 1751 612 1776 cornu
642 1740 839 1776 instructa.
895 1740 942 1777 L.
960 1739 1160 1776 Cornelius
1189 1736 1376 1775 Lentulus

253 1808 292 1838 et
312 1803 354 1840 C.
371 1802 550 1840 Claudius
571 1803 677 1840 Nero
703 1804 821 1853 legati
841 1805 1019 1842 cornibus
1046 1810 1247 1854 praeerant,
1267 1801 1374 1839 Mar-

249 1866 366 1903 cellus
404 1866 567 1904 mediam
604 1870 737 1912 aciem,
768 1870 944 1906 hortator
976 1870 1161 1918 testisque
1194 1878 1372 1917 praesenS,

249 1930 437 1968 firmabat.
493 1932 555 1968 Ab
586 1933 806 1970 Hannibale
836 1934 1002 1984 Hispani
1030 1934 1191 1984 primam
1220 1931 1372 1968 obtine-

248 1994 344 2032 bant
362 1996 544 2040 frontem,
569 2005 607 2033 et
636 1998 673 2034 id
702 1998 849 2035 roboris
879 2001 918 2036 in
949 1999 1052 2035 omni
1082 1998 1251 2035 exercitu
1280 2004 1372 2034 erat.

248 2059 377 2099 Quum
397 2073 534 2111 anceps
556 2062 618 2097 diu
641 2075 770 2112 pugna
797 2070 908 2107 esset,
929 2062 1129 2101 Hannibal
1149 2061 1370 2112 elephantos

244 2124 287 2161 in
306 2126 467 2175 primam
497 2128 615 2164 aciem
641 2129 766 2165 induci
789 2129 929 2179 jussit:
963 2130 994 2165 si
1014 2141 1125 2179 quem
1154 2127 1309 2178 injicere
1327 2140 1372 2163 ea

245 2202 304 2225 res
324 2191 530 2228 tumultum
551 2205 594 2228 ac
615 2206 794 2243 pavorem
823 2201 963 2244 posset.
1019 2194 1072 2230 Et
1090 2194 1214 2244 primo
1236 2193 1367 2231 turba·

244 2260 334 2289 runt
357 2255 466 2304 signa
494 2258 733 2308 ordinesque,
755 2265 794 2295 et
823 2260 959 2310 partim
987 2259 1206 2302 occulcatis,
1227 2259 1366 2309 partim

243 2318 434 2369 dissipatis
463 2328 622 2367 terrore,
652 2324 715 2374 qui
745 2325 846 2361 circa
874 2330 996 2368 erant,
1026 2324 1261 2361 nudaverant
1289 2337 1366 2361 una
