1507 2656
380 231 534 261 LIBER
558 230 737 260 xxxlv.
771 230 878 259 CAP.
902 231 999 260 vu.
1163 232 1245 277 443

133 329 275 361 tantum
292 326 432 359 nostras
451 323 553 370 pacis
580 325 616 357 et
642 321 920 368 tranquillitatis
936 320 1247 371 publicaefructus
1259 322 1300 353 U·
1315 322 1350 353 C·
1369 326 1444 359 5⁵7·

129 401 200 425 non
230 390 443 437 perveniet?
483 387 654 435 Purpura
683 387 752 422 viri
780 391 936 428 utemur,
970 390 1175 434 proetextati
1209 391 1245 426 in
1257 366 1349 400 A‘C’
1369 373 1442 401 ¹⁹⁵⁴

127 453 406 502 magistratibus,
440 454 478 488 in
509 452 739 494 sacerdotiis;
785 451 886 487 liberi
921 453 1035 487 nostri
1065 456 1246 500 proetextis

122 532 289 569 purpura
309 521 399 567 togis
416 523 563 555 utentur
575 535 588 563 ,·
616 517 885 566 magistratibus
905 518 942 553 in
962 518 1110 554 coloniis
1127 521 1244 555 muni-

125 586 306 633 cipiisque,
334 584 392 621 liic
420 584 545 621 Romae
574 584 697 633 infimo
724 584 848 631 generi
875 584 1056 631 magistris
1083 585 1244 621 vicorum

123 654 215 697 toga>
229 655 413 698 proeteaetae
432 649 597 686 habenda?
607 648 670 695 jus
685 650 953 697 permittemus5
982 661 1045 685 nec
1061 650 1098 685 id
1117 654 1158 686 ut
1174 651 1244 687 vivi

120 715 235 750 solum
255 713 409 750 habeant
429 719 570 750 tantum
588 715 736 761 insigne,
753 714 815 749 sed
830 714 938 749 etiam
954 718 995 749 ut
1010 726 1088 750 cum
1108 726 1149 750 eo
1165 726 1242 751 cre-

120 783 262 814 mentur
280 780 434 815 mortui:
452 777 606 828 feminis
626 779 805 814 duntaxat
822 789 997 826 purpura>
1011 790 1112 815 usum
1129 781 1240 815 inter-

121 844 306 880 dicemus?
333 849 382 887 et,
417 856 523 892 quum
555 844 618 880 tibi
643 845 720 879 viro
755 844 861 879 liceat
884 855 1048 892 purpura
1081 845 1116 880 in
1149 849 1242 881 veste

117 910 283 956 stragula
302 910 369 952 uti,
392 914 543 945 matrem
552 908 717 958 familioe
738 914 836 945 tuam
859 921 1081 957 purpureum
1101 911 1238 946 amicu-

119 973 191 1009 lum
216 970 345 1010 habere
370 986 439 1011 non
466 976 558 1010 sines
571 976 592 1010 ῤ’)
618 979 653 1010 et
672 986 780 1022 equus
800 978 880 1010 tuus
896 975 1084 1022 speciosius
1103 976 1237 1010 instra-

119 1042 175 1074 tus
193 1040 275 1081 erit,
297 1051 404 1087 quam
423 1051 512 1075 uxor
530 1040 657 1075 vestita
671 1040 692 1074 :9
711 1039 782 1074 Sed
802 1040 837 1074 in
854 1051 1032 1086 purpura,
1054 1052 1130 1087 quae
1150 1040 1237 1076 teri-

117 1107 188 1146 tur,
213 1102 422 1146 absumitur,
450 1101 621 1149 injustam
647 1102 801 1150 quidem,
821 1104 883 1138 sed
912 1104 1073 1150 aliquam
1101 1108 1234 1147 tamen,

114 1179 272 1203 caussam
295 1168 497 1204 tenacitatis
512 1168 639 1202 video:
668 1168 703 1202 in
730 1179 819 1202 auro
839 1178 934 1209 vero,
959 1169 994 1203 in
1015 1179 1084 1215 quo
1100 1173 1234 1215 proeter

113 1243 240 1268 manus
267 1233 425 1279 pretium
449 1231 540 1267 nihil
559 1233 814 1267 intertrimenti
827 1232 893 1281 fit,
915 1244 993 1280 quoe
1023 1233 1233 1280 malignitas

114 1297 195 1332 est.9
219 1297 427 1345 praesidium
452 1297 573 1343 potius
592 1297 629 1332 in
655 1308 695 1331 eo
722 1301 773 1332 est
801 1298 904 1333 etad
930 1299 1106 1345 privatos,
1128 1301 1163 1333 et
1182 1299 1233 1335 ad

109 1360 270 1409 publicos
287 1373 382 1403 usus,
402 1362 493 1396 sicut
513 1362 650 1408 experti
665 1362 756 1396 estis.
792 1361 945 1397 Nullam
965 1363 1233 1399 (emulationem

112 1426 205 1461 inter
221 1437 257 1461 se
273 1426 513 1473 singularum,
534 1426 678 1473 quando
701 1426 804 1461 nulla
827 1425 982 1468 liaberet,
1007 1438 1078 1462 esse
1099 1427 1229 1465 aiebat,

110 1490 174 1532 At,
205 1490 376 1531 Hercule,
406 1490 577 1525 universis
606 1490 708 1525 dolor
733 1494 768 1525 et
795 1491 998 1537 indignatio
1024 1495 1087 1532 est,
1119 1503 1229 1538 quum

105 1555 281 1590 sociorum
310 1554 438 1590 Latini
469 1556 622 1590 nominis
652 1555 818 1590 uxoribus
845 1556 967 1591 vident
995 1567 1037 1590 ea
1066 1567 1228 1592 concessa

106 1624 332 1662 ornamenta,
363 1632 440 1668 quoe
466 1620 530 1656 sibi
559 1621 703 1656 ademta
729 1621 800 1655 sint
809 1636 822 1663 ,·
853 1632 960 1667 quum
987 1621 1138 1667 insignes
1167 1633 1227 1658 eas

105 1697 176 1721 esse
207 1696 297 1720 auro
335 1690 369 1721 et
391 1698 579 1733 purpura,·
620 1698 728 1733 quum
766 1686 847 1720 illas
879 1685 959 1722 vehi
987 1697 1053 1732 per
1088 1686 1223 1730 urbem,

102 1761 138 1786 se
155 1750 302 1798 pedibus
318 1752 436 1798 sequi:
467 1755 650 1798 tamquam
680 1752 715 1786 in
738 1750 889 1786 illarum
916 1751 1130 1794 civitatibus,
1150 1763 1224 1788 non

103 1816 141 1850 in
165 1827 244 1858 sua,
271 1816 460 1863 imperium
485 1817 542 1852 sit.
605 1815 771 1852 Virorum
791 1815 856 1852 hoc
875 1817 1013 1851 animos
1030 1816 1222 1854 vulnerare

98 1885 237 1929 posset:
265 1881 353 1928 quid
372 1881 668 1918 muliercularum
688 1882 845 1923 censetis,
868 1893 955 1929 quas
977 1883 1087 1919 etiam
1104 1894 1221 1930 parva

101 1946 281 1981 movent?
309 1946 392 1982 Non
417 1947 663 1993 magistratus,
683 1958 747 1982 nec
771 1948 987 1988 sacerdotia,
1007 1959 1071 1983 nec
1091 1949 1220 1987 trium-

100 2009 177 2057 phi,
197 2022 261 2045 nec
279 2010 447 2057 insignia,
468 2022 532 2046 nec
553 2011 661 2052 dona,
682 2015 747 2045 aut
772 2011 889 2058 spolia
917 2011 1043 2048 bellica
1062 2011 1115 2048 his
1134 2025 1217 2048 cou-

101 2074 236 2121 tingere
255 2079 415 2122 possunt.
472 2075 680 2117 Mumfitiae,
702 2080 735 2111 et
754 2080 914 2116 ornatus,
936 2080 971 2112 et
990 2077 1120 2118 cultus,
1143 2077 1217 2114 haec

90 2137 318 2187 seminarum
347 2141 502 2187 insignia
525 2145 633 2176 sunt:
661 2140 715 2176 his
738 2141 898 2188 gaudent
924 2145 959 2176 et
986 2141 1217 2187 gloriantur3

99 2203 191 2239 hunc
215 2204 389 2240 mundum
417 2204 624 2240 muliebrem
652 2205 884 2252 adpellarunt
913 2202 1065 2249 majores
1091 2207 1216 2243 nostri.

102 2267 198 2308 Quid
213 2269 317 2304 aliud
335 2271 371 2305 in
391 2269 501 2312 luctu,
524 2282 627 2318 quam
656 2281 857 2318 purpuram
879 2275 989 2318 atque
1004 2282 1133 2306 aurum
1153 2272 1216 2307 de-

94 2335 270 2381 ponunt?
298 2335 394 2382 quid,
416 2347 522 2383 quum
542 2335 740 2377 eluxerunt,
761 2336 940 2372 sumunt.9
968 2336 1055 2382 quid
1076 2337 1110 2371 in
1128 2348 1215 2384 gra-

100 2398 330 2437 tulationibus
350 2401 751 2451 supplicationibusque,
772 2402 841 2439 nisi
866 2401 1131 2440 excellentiores
1156 2414 1216 2439 ore

607 2464 689 2503 U6
