1507 2656
263 435 325 485 T.
366 431 577 485 LIVII
628 429 1047 483 PATAVINI

444 600 506 638 LI
518 600 550 637 B
559 599 639 637 ER
676 598 873 637 XXXVI.

99 919 175 1014 Ρ
225 913 557 951 CORNELIUM
584 913 654 950 Cn.
678 912 796 949 filium
826 912 1042 963 Scipionem
1073 921 1111 950 et
1138 913 1208 952 Μ’.

179 998 199 1017 ο
223 980 387 1017 Acilium
402 979 649 1015 Glabrionem
661 977 849 1021 consules,
863 979 959 1014 inito
969 978 1207 1028 magistratu,

93 1043 241 1088 Patres,
262 1045 478 1095 priusquam
500 1044 545 1079 de
565 1044 768 1093 provinciis
790 1050 960 1092 agerent,
981 1056 1038 1080 res
1063 1044 1208 1081 divinas

93 1109 217 1146 facere
236 1108 443 1160 majoribus
465 1108 600 1144 hostiis
620 1107 819 1157 jusserunt
837 1108 877 1143 in
895 1108 1072 1145 omnibus
1092 1108 1206 1153 fanis,

94 1174 133 1211 in
159 1174 294 1224 quibus
321 1173 595 1211 lectisternium
623 1172 806 1223 majorem
836 1179 983 1223 partem
1011 1174 1101 1210 anni
1127 1173 1208 1210 fieri

94 1239 215 1285 solet3
248 1239 481 1290 precarique,
510 1238 611 1287 quod
644 1244 796 1274 senatus
829 1238 874 1274 de
907 1251 1007 1275 novo
1036 1237 1138 1275 bello
1167 1239 1208 1275 in

95 1304 223 1340 animo
241 1303 413 1346 haberet,
431 1308 472 1339 ut
493 1315 536 1339 ea
552 1315 609 1338 res
627 1303 773 1339 senatui
790 1301 1008 1353 populoque
1027 1302 1206 1339 Romano

92 1368 191 1405 bene
211 1381 254 1404 ac
272 1367 434 1404 feliciter
454 1369 631 1404 eveniret.
687 1367 746 1404 Ea
770 1368 898 1403 omnia
917 1367 1100 1404 sacrificia
1119 1367 1207 1404 laeta

92 1433 259 1476 fuerunt,
275 1433 480 1483 primisque
496 1433 632 1468 hostiis
645 1432 862 1482 perlitatum
879 1439 954 1469 est:
979 1439 1016 1469 et
1031 1434 1085 1469 ita
1100 1445 1207 1469 arus-

93 1499 194 1549 pices
229 1498 519 1548 responderunt,
550 1510 595 1534 eo
626 1497 727 1534 bello
755 1498 938 1534 terminos
965 1497 1096 1548 populi
1123 1497 1206 1534 Ro-

90 1562 194 1598 mani
223 1562 441 1612 propagari,
474 1563 675 1598 victoriam
705 1575 748 1598 ac
777 1562 1012 1613 triumphum
1042 1563 1205 1600 ostendi.

91 1625 188 1663 Haec
208 1639 323 1675 quum
342 1627 564 1662 renunciata
587 1632 725 1669 essent,
747 1626 880 1662 solutis
908 1626 1092 1676 religione
1122 1628 1204 1663 ani-

91 1691 176 1734 mis,
198 1690 329 1727 Patres
352 1691 589 1739 rogationem
610 1691 656 1727 ad
676 1691 858 1741 populum
877 1691 966 1728 ferri
979 1691 1200 1742 jusserunt:

1224 916 1265 948 U.
1282 916 1318 948 C.
1332 920 1405 949 561.

1222 961 1262 992 A.
1277 959 1312 991 C.
1332 967 1404 993 191.

94 1758 233 1793 Vellent
249 1756 474 1804 juberentne,
496 1770 574 1794 cum
604 1758 781 1794 Antiocho
810 1770 903 1806 rege,
926 1760 1054 1807 quique
1071 1763 1203 1795 sectam
1217 1771 1344 1802 Bellum
1362 1784 1380 1804 a

91 1821 164 1868 (jus
182 1824 294 1859 secuti
312 1827 436 1864 essent,
459 1823 586 1858 bellum
615 1824 732 1858 iniri?
761 1824 790 1858 si
817 1836 861 1859 ea
886 1825 1036 1872 rogatio
1059 1823 1202 1874 perlata
1216 1815 1249 1846 Ρ·
1268 1815 1304 1846 R·
1321 1817 1352 1846 in

1215 1860 1419 1891 Antiochum

89 1893 200 1928 esset,
217 1892 313 1928 tum,
332 1886 362 1921 si
383 1887 435 1921 ita
457 1885 645 1921 videretur
664 1887 897 1930 consulibus,
916 1900 993 1923 rem
1014 1888 1200 1937 integram
1215 1903 1406 1934 decernitur.

89 1950 135 1986 ad
154 1956 327 1986 senatum
345 1949 541 1986 referrent.
579 1950 621 1986 P.
640 1950 838 1987 Cornelius
861 1964 942 1988 eam
963 1953 1203 2001 rogationem

87 2013 261 2064 pertulit:
294 2021 374 2050 tum
401 2021 552 2050 senatus
581 2015 758 2059 decrevit,
781 2022 821 2052 ut
848 2017 1020 2053 consules
1050 2017 1203 2054 Italiam

87 2085 124 2115 et
166 2078 351 2114 Graeciam
395 2080 608 2128 provincias
655 2081 900 2127 sortirentur5
950 2083 1011 2118 cui
1055 2083 1204 2120 Graecia

88 2143 289 2185 evenisset,
314 2148 353 2179 ut
383 2150 520 2192 praeter
547 2157 632 2180 eum
661 2158 858 2182 nnmerum
889 2146 1065 2191 militum,
1092 2160 1204 2197 quem

85 2207 132 2244 L.
153 2208 356 2247 Quinctius
385 2208 422 2243 in
453 2221 536 2244 eam
559 2211 794 2259 provinciam
823 2225 869 2248 ex
897 2213 1125 2249 anctoritate
1146 2225 1204 2249 se·

88 2278 200 2308 natus
221 2273 432 2323 scripsisset
453 2273 733 2323 imperassetve,
754 2282 795 2311 ut
815 2288 899 2312 eum
917 2277 1123 2314 exercitum
1142 2291 1204 2314 ac·

84 2337 240 2386 ciperet,
262 2349 371 2386 quem
391 2336 448 2374 M.
469 2337 621 2374 Baebius
643 2346 782 2388 praetor
805 2353 906 2378 anno
930 2341 1056 2391 priore
1078 2355 1123 2379 ex
1144 2355 1202 2379 se-

595 2403 716 2441 Bb4
