1507 2656
365 190 521 220 mni-:R
546 189 716 220 xxvn.
749 189 857 219 CAP.
880 190 965 219 xx.
1170 185 1225 232 35

107 279 207 328 lapso
235 291 324 328 equo
355 281 507 329 effusum
535 282 574 316 in
601 292 770 329 praeceps,
803 285 948 328 captum
974 279 1018 316 ab
1051 278 1225 316 Romanis
1237 280 1328 311 U.C-
1345 286 1420 312 543-

105 356 187 381 esse.
244 344 387 394 Scipio,
422 357 539 394 quum
568 345 756 381 adservari
788 344 997 380 Numidam
1029 324 1420 394 jussisset,A‘C·⁹⁰⁹·

106 421 190 458 quae
227 421 297 459 pro
338 408 521 445 tribunali
559 408 705 458 agenda
742 415 864 452 erant,
900 409 1074 458 peragit:
1125 408 1226 451 inde,

106 485 222 522 quum
251 486 291 510 se
319 474 358 509 in
385 474 605 524 praetoriuin
625 474 843 523 recepisset,
864 480 1041 509 vocatum
1062 485 1146 509 eum
1166 473 1226 509 in-

106 542 291 587 terrogat,
329 540 482 576 velletne
526 541 575 576 ad
611 540 842 575 IWczsz'nissam
877 540 1046 575 reverti?
1081 538 1226 581 Quum,

106 602 230 638 effusis
265 603 405 651 gaudio
438 603 618 647 lacrimis,
653 615 779 652 cupere
810 616 905 646 vero,
940 603 1104 647 diceret3
1145 608 1226 638 tum

104 679 223 717 puero
257 668 440 705 annulum
472 681 642 711 aureum,
678 669 850 704 tunicam
883 667 963 704 lato
997 667 1103 703 clavo
1138 680 1226 703 cum

102 730 280 782 Hispano
300 732 433 781 sagulo
453 738 490 769 et
510 745 623 769 aurea
652 731 782 775 fibula,
803 744 1016 781 equumque
1046 737 1225 768 ornatum

103 795 234 839 donat,
257 795 451 848 jussisque
478 798 672 849 prosequi,
710 797 838 847 quoad
872 797 999 840 vellet,
1034 795 1224 845 equitibus

107 860 262 898 dimisit.

157 924 254 962 XX.
283 924 344 962 De
362 925 464 963 bello
487 927 575 963 inde
604 925 808 963 consilium
827 924 1001 962 habitum
1020 939 1027 960 :
1061 932 1112 968 et,
1134 938 1224 962 auc-

103 989 250 1026 toribus
271 990 510 1039 quibusdam,
531 996 574 1026 ut
602 990 807 1027 confestim
832 989 1111 1026 Hasdrubalem
1132 1002 1226 1026 con·-

104 1061 335 1104 sequeretur,
368 1068 504 1105 anceps
535 1055 574 1091 id
603 1061 724 1097 ratus,
753 1067 803 1091 ne
827 1053 950 1102 Mago
979 1061 1092 1103 atque
1121 1053 1225 1090 Has-

104 1120 238 1157 drubal
267 1134 352 1158 cum
383 1134 428 1158 eo
454 1120 666 1173 jungerent
696 1122 840 1172 copias,
870 1121 1045 1171 praesidio
1074 1127 1226 1158 tantum

106 1187 154 1223 ad
199 1186 437 1223 insidendum
483 1187 708 1236 Pyrenaeum
753 1186 884 1229 misso,
923 1185 1002 1235 ipse
1039 1184 1226 1235 reliquum

106 1250 246 1286 aestatis
279 1250 503 1300 recipiendis
531 1251 571 1286 in
601 1250 713 1286 fidem
743 1249 942 1300 Hispaniae
972 1249 1122 1299 populis
1157 1250 1226 1286 ab-

106 1316 251 1352 sumsit.
307 1315 442 1352 Paucis
472 1322 561 1365 post
588 1315 764 1366 proelium
783 1314 929 1351 factum
956 1314 1002 1350 ad
1032 1314 1226 1351 Baeculam

104 1377 249 1422 diebus,
271 1391 386 1427 quum
407 1379 548 1429 Scipio,
568 1379 717 1415 rediens
731 1377 815 1428 jam
833 1378 1107 1421 Tarraconem,
1125 1378 1226 1414 saltu

108 1442 375 1479 Castulonensi
406 1446 642 1488 excessisset,
666 1444 886 1481 Hasdrubal
915 1444 1096 1493 Gisgonis
1126 1445 1223 1481 filius

106 1513 145 1542 et
161 1506 282 1556 Mago
303 1507 549 1558 imperatores
571 1522 617 1546 ex
636 1509 817 1546 ulteriore
847 1507 1036 1559 Hispania
1056 1509 1102 1545 ad
1120 1509 1223 1546 Has-

105 1570 299 1608 drubalem
319 1585 468 1616 venere,
486 1586 609 1610 serum
629 1580 718 1624 post
732 1573 830 1609 male
850 1581 996 1621 gestam
1016 1586 1095 1609 rem
1115 1575 1223 1610 auxi-

102 1634 222 1681 lium3
254 1636 415 1672 consilio
444 1638 483 1673 in
513 1644 638 1674 cetera
667 1637 906 1686 exsequenda
925 1636 1013 1672 belli
1033 1638 1133 1673 haud
1155 1651 1223 1688 pa-

101 1712 184 1736 rum
211 1702 429 1750 opportuni.
487 1702 547 1738 Ibi
574 1701 874 1745 conferentibus,
906 1701 995 1750 quid
1025 1703 1062 1737 in
1094 1702 1221 1752 cujus-

104 1776 177 1813 que
209 1765 412 1814 provinciae
445 1767 602 1815 regione
635 1767 849 1802 animorum
883 1766 1067 1816 Hispanis
1105 1775 1218 1811 esset,

103 1841 200 1865 unus
220 1826 440 1866 Hasdrubal
469 1831 664 1881 Gisgonis,
687 1831 860 1868 ultimam
878 1831 1078 1881 Hispanize
1099 1845 1219 1876 orani,

103 1906 186 1942 quae
216 1894 263 1931 ad
292 1894 488 1932 Oceanum
519 1903 558 1932 et
587 1896 712 1933 Gades
741 1897 877 1945 vergit,
898 1897 1070 1945 ignaram
1098 1899 1222 1936 adhuc

102 1956 368 1995 Romanorum
387 1973 481 2005 esse,
504 1974 624 2010 eoque
653 1961 1041 2010 Karthaginiensibus
1065 1964 1154 1999 satis
1176 1963 1220 1999 fi-

105 2022 205 2066 dam,
225 2023 415 2061 censebat.
472 2025 579 2062 Inter
596 2025 875 2062 Hasdrubalem
895 2026 1055 2062 alterum
1076 2036 1113 2063 et
1131 2027 1219 2064 Ma-
1235 2034 1409 2069 Poenorum

105 2098 244 2135 gonem
273 2088 488 2133 constabat,
519 2091 690 2139 beneficiis
719 2090 899 2138 Scipionis
927 2097 1116 2139 occupatos
1144 2105 1220 2128 om-
1234 2082 1381 2113 concnia.

102 2153 203 2188 ‘nium
221 2154 358 2189 animos
371 2154 512 2202 publice
526 2158 770 2204 privatimque
788 2168 858 2192 esse
873 2173 886 2192 .·
914 2168 978 2191 nec
998 2159 1221 2193 transitioni-

106 2215 166 2254 bus
180 2219 295 2267 finem
315 2225 398 2256 ante
415 2220 518 2270 fore,
547 2235 654 2270 quam
683 2234 802 2258 omnes
822 2222 980 2270 Hispani
1009 2224 1140 2258 milites
1158 2229 1223 2259 aut

104 2282 144 2316 in
175 2283 305 2320 ultima
332 2285 520 2333 Hispaniae
548 2288 675 2330 amoti,
705 2292 770 2323 aut
801 2288 960 2323 traducti
988 2288 1026 2322 in
1061 2288 1225 2324 Galliam

93 2344 238 2397 forent.
293 2348 436 2400 Itaque,
456 2352 597 2389 etiamsi
613 2357 757 2389 senatus
776 2352 1133 2401 Karthaginiensimn
1153 2365 1224 2390 non
