1523 2666
101 296 191 328 U.C.
211 305 284 330 554.

109 342 140 371 ὰ,
155 341 191 371 C.
213 348 284 374 198.

80 1071 280 1109 Amynandri

84 1123 129 1144 res
145 1120 251 1153 gestae.

292 197 376 252 346
751 212 796 240 T.
826 213 958 241 L1v11

296 299 469 335 Theuma
488 299 575 335 inde
601 306 638 336 et
669 300 882 338 Calathana
902 303 1004 338 vicos
1037 309 1259 353 expugnant
1288 303 1418 354 diripi-

298 371 453 413 untque.
501 365 691 401 Acharras
711 379 777 415 per
797 366 1030 403 deditionem
1049 374 1284 417 receperunt.
1335 368 1420 417 Xy·

298 430 370 465 niae
392 429 503 465 simili
524 436 625 465 metu
647 443 668 466 a
687 430 896 467 cultoribus
917 432 1073 468 desertoe
1095 439 1194 469 sunt.
1252 432 1341 468 Hoc
1360 444 1419 468 se-

298 493 405 529 dibus
427 494 502 529 suis
525 499 676 529 extorre
696 507 830 543 agmen
853 496 891 531 in
913 497 1128 546 praesidium
1150 496 1297 539 incidit,
1318 496 1421 545 quod

298 558 571 601 Athamanum,
593 572 668 606 quo
695 561 815 594 tutior
840 560 1089 597 frumentatio
1119 568 1231 603 esset,
1254 560 1424 603 ducebar

297 630 381 658 tur:
415 623 611 658 incondita
642 623 871 672 inermisque
901 624 1120 668 multitudo,
1141 626 1262 661 mixta
1289 624 1420 661 inbelli

299 686 421 729 turba,
445 686 490 721 ab
512 687 665 722 armatis
687 699 783 723 caesa
807 693 875 723 est.
934 687 1073 736 Xyniae
1103 689 1258 724 desertae
1287 689 1418 737 diripi-

300 758 423 788 untur.
463 752 638 801 Cyphara
658 752 745 787 inde
762 752 884 787 AEtoli
907 754 1076 801 capiunt,
1099 759 1316 802 opportune
1334 752 1418 788 Do-

297 815 407 866 lopiae
428 816 616 851 inminens
638 815 847 852 castellum.
907 816 1002 852 Haec
1029 817 1167 866 raptim
1198 817 1297 852 intra
1326 829 1419 866 pau-

297 892 361 916 cos
392 880 469 916 dies
501 880 547 915 ab
568 879 711 915 AEtolis
743 886 860 928 gesta.
918 881 1001 916 Nec
1032 881 1277 930 Amynander
1306 887 1418 929 atque

296 944 545 986 Athamanes,
567 951 653 993 post
673 943 813 979 famam
835 957 1024 994 prosperae
1051 957 1187 994 pugnae
1217 944 1417 980 Romano-

296 1022 393 1052 rum,
415 1010 650 1058 quieverunt.

349 1074 460 1111 XIV.
483 1075 658 1110 Ceterum
681 1074 939 1123 Amynander,
957 1075 1044 1122 quia
1065 1086 1133 1109 suo
1154 1073 1265 1109 militi
1285 1088 1291 1123 j
1313 1086 1419 1109 arum

297 1139 449 1182 fidebat,
481 1139 602 1189 petito
634 1138 680 1174 ab
713 1139 867 1175 consule
900 1139 1051 1175 modico
1080 1139 1270 1189 praesidio,
1302 1151 1418 1187 «prum

299 1204 497 1255 Gomphos
528 1211 688 1254 peteret,
721 1204 900 1253 oppidum
934 1205 1107 1254 protinus
1134 1205 1288 1239 nomine
1319 1203 1418 1239 Phe-

299 1282 395 1311 cam,
417 1269 530 1304 situm
551 1268 650 1303 inter
669 1267 868 1317 Gomphos
895 1268 1098 1317 faucesque
1118 1275 1313 1315 angust-(13,
1334 1280 1417 1315 quae

298 1334 345 1370 ab
366 1333 598 1369 Athamania
622 1333 859 1368 Thessaliam
890 1333 1087 1375 dirimunt,
1109 1333 1144 1367 vi
1174 1333 1297 1381 cepit:
1330 1333 1417 1368 inde

299 1399 497 1449 Gomphos
528 1398 696 1440 adortus,
719 1406 755 1433 et
783 1410 848 1448 per
869 1398 1014 1447 aliquot
1035 1399 1110 1434 dies
1132 1410 1278 1434 summa
1299 1398 1333 1432 vi
1355 1410 1416 1433 ur·-

295 1463 381 1500 bem
403 1470 567 1506 tuentes,
586 1476 699 1512 quum
717 1463 836 1500 scalas
853 1464 899 1499 ad
915 1464 1056 1499 moenia
1075 1463 1269 1505 erexisset,
1284 1462 1417 1498 eodem

298 1536 398 1565 metu
431 1529 594 1579 perpulit
615 1530 662 1565 ad
688 1529 930 1565 deditionem.
988 1528 1084 1564 Haec
1113 1528 1268 1563 traditio
1296 1527 1419 1563 Gom-

297 1595 459 1645 phorum
479 1596 672 1645 ingentem
696 1602 876 1632 terrorem
906 1594 1097 1631 Thessalis
1127 1594 1282 1630 intulit:
1316 1595 1418 1630 dedi-

299 1659 384 1695 dere
414 1660 589 1711 deinceps
620 1673 715 1703 sese,
738 1661 800 1710 qui
821 1661 1007 1709 Argenta,
1028 1660 1167 1708 quique
1196 1659 1418 1702 Pherinum,

298 1731 335 1760 et
354 1724 592 1767 Thimarum,
611 1731 648 1760 et
667 1724 835 1767 Lisinas,
852 1732 889 1761 et
910 1724 1135 1767 Stimonem,
1154 1730 1191 1759 et
1211 1723 1418 1773 Lampsum

297 1788 454 1832 habent,
472 1789 619 1838 aliaque
637 1789 790 1825 castella
803 1788 918 1839 juxta
939 1787 1136 1837 ignobilia.
1174 1787 1277 1823 Dum
1295 1787 1416 1823 Atha-

248 1886 251 1889 ,
299 1867 426 1890 manes
447 1854 660 1903 AEtolique,
679 1853 857 1889 submoto
877 1853 1134 1889 Macedonum
1154 1860 1271 1895 metu,
1289 1852 1326 1887 in
1348 1852 1417 1888 ali-

87 2185 221 2225 Epirotis

88 2236 221 2268 ignoscit

89 2274 213 2305 consul.

300 1931 370 1954 ena
400 1920 558 1954 victoria
589 1932 695 1955 suam
726 1919 888 1968 praedam
918 1919 1077 1959 faciunt,
1099 1917 1371 1965 Thessaliaque
1398 1929 1421 1952 a

299 1983 419 2020 tribus
437 1983 547 2019 simul
564 1983 806 2026 exercitibus,
825 1984 968 2018 incerta
983 1995 1093 2030 quem
1111 1982 1274 2024 hostem,
1290 1994 1421 2030 quem-

300 2064 344 2086 ve
365 2051 508 2086 socium
530 2050 710 2092 crederet,
731 2056 927 2093 vastatur3
961 2046 1093 2083 consul
1118 2047 1304 2089 faucibus,
1328 2059 1420 2096 quas

301 2115 392 2164 fuga
422 2115 590 2151 hostium
625 2121 837 2164 aperuerat,
868 2115 906 2149 in
937 2113 1131 2161 regionem
1160 2113 1269 2162 Epiri
1298 2119 1422 2148 trans-

304 2193 467 2230 gressus,
489 2180 559 2216 etsi
581 2179 697 2229 probe
724 2180 808 2222 seit,
829 2179 889 2215 cui
918 2179 1031 2229 parti,
1054 2177 1233 2227 Charopo
1252 2177 1423 2227 principe

303 2252 477 2295 exceptO,
499 2245 669 2294 Epirotae
688 2243 894 2288 favissent5
928 2249 1069 2285 tamen,
1091 2242 1179 2290 quia
1205 2241 1251 2277 ab
1273 2241 1423 2277 satisfa-

303 2311 424 2347 ciendi
455 2322 605 2359 quoque
636 2322 724 2345 cura
754 2309 938 2358 imperata
967 2308 1070 2343 enise
1098 2306 1222 2342 facere
1242 2306 1354 2349 videt,
1376 2319 1422 2341 ex

302 2375 479 2426 praesenti
500 2386 563 2410 eos
585 2374 727 2424 potiuS,
749 2385 861 2422 quarn
881 2385 927 2410 ex
948 2372 1154 2423 praeterito,
1174 2371 1336 2408 aestimat
1353 2370 1421 2407 ha-
