1523 2666
79 259 168 290 U.C.
187 267 260 291 542.

77 303 115 333 Α.
131 303 168 335 C.
185 310 260 336 210.

272 155 296 195 8
732 167 775 194 Τ.
801 167 930 195 1.1v11

273 255 410 306 pallam
427 256 567 305 pictam
588 268 672 291 cum
689 255 851 292 amiculo
871 268 1072 306 purpureo.
1127 256 1256 293 Multa
1270 270 1315 294 ea
1334 271 1384 294 ae-

272 325 384 362 state,
405 333 478 368 qua
500 319 580 355 haec
599 319 701 355 facta
721 326 822 362 sunt,
843 332 890 355 ex
918 320 1139 369 propinquis
1166 319 1321 357 urbibus
1342 334 1383 358 a·

269 385 420 433 grisque
435 384 615 419 nunciata
631 390 720 419 sunt
734 383 908 433 prodigia
922 400 931 428 3
963 383 1120 420 Tusculi
1137 397 1277 433 agnum
1296 397 1383 421 cum

268 447 382 484 ubere
418 447 575 483 lactenti
604 454 759 483 natum:
792 447 898 483 Jovis
932 448 1019 483 aedis
1049 448 1197 484 culmen
1226 448 1385 485 fulmine

266 513 398 555 ictum,
419 524 462 548 ac
481 524 599 562 prope
619 512 723 547 omni
749 518 853 548 tecto
874 512 1081 549 nudatum:
1113 513 1246 549 iisdem
1265 513 1384 549 ferme

265 577 411 619 diebus,
432 576 618 624 Anagniae
638 581 775 612 terram
795 582 884 612 ante
904 584 1053 626 portam
1074 578 1202 620 ictam,
1221 578 1319 614 diem
1339 590 1384 614 ac

263 647 415 678 noctem
436 642 516 677 sine
542 640 620 676 ullo
639 641 737 689 ignis
764 640 946 678 alimento
965 642 1122 678 arsisse:
1156 649 1193 678 et
1213 655 1314 685 aves,
1335 641 1384 678 ad

263 706 472 756 compitum
489 706 751 754 Anagninum,
768 705 806 742 in
827 705 913 742 luco
928 705 1064 742 Dianae
1081 706 1189 742 nidos
1210 707 1249 742 in
1269 705 1383 742 arbo-

261 770 364 807 ribus
381 769 576 820 reliquisse
592 784 599 806 :
631 770 847 807 Tarracinae
864 772 902 806 in
919 770 1011 806 mari
1029 770 1130 806 haud
1146 769 1279 820 procul
1293 782 1384 820 por-

260 841 303 871 tu
323 848 465 884 angues
485 835 756 885 magnitudinis
782 835 900 876 mirae,
920 833 1196 870 lascivientium
1221 833 1383 884 piscium

260 900 374 937 modo
395 899 626 936 exsultasse:
649 899 867 948 Tarquiniis
884 911 1041 949 porcum
1060 911 1144 935 cum
1162 910 1226 934 ore
1245 897 1381 934 huma-

261 977 312 1001 no
333 965 527 1014 genitum:
560 971 598 1000 et
617 965 655 1000 in
685 977 778 1013 agro
799 965 1009 1014 Capenate,
1039 964 1087 1000 ad
1114 963 1241 1000 lucum
1260 962 1378 999 Fero-

260 1030 348 1072 niae,
370 1036 532 1078 quatuor
551 1031 660 1078 signa
688 1030 873 1079 sanguine
896 1028 1017 1066 multo
1037 1029 1136 1066 diem
1165 1041 1209 1065 ac
1228 1034 1381 1065 noctem

260 1093 426 1130 sudasse.
484 1094 579 1130 Haec
599 1094 772 1144 prodigia
791 1095 926 1130 hostiis
948 1093 1155 1144 majoribus
1176 1099 1381 1144 procurata

259 1158 411 1195 decreto
437 1159 684 1208 pontificum:
717 1165 755 1195 et
784 1159 1012 1209 supplicatio
1031 1159 1130 1195 diem
1162 1171 1277 1194 unum
1296 1156 1380 1193 Ro-

258 1234 329 1259 mae
349 1223 396 1258 ad
411 1223 539 1259 omnia
557 1222 783 1273 pulvinaria,
802 1223 976 1266 alterum,
997 1224 1036 1260 in
1053 1224 1248 1274 Capenate
1268 1233 1377 1271 agro,

258 1286 307 1323 ad
325 1286 501 1323 Feroniae
521 1287 661 1329 lucum,
683 1287 838 1324 indicta.

312 1350 358 1388 V.
391 1351 449 1387 M.
459 1351 632 1387 Valerius
648 1351 781 1388 consul
796 1350 914 1387 literis
932 1351 1091 1393 excitus,
1107 1349 1305 1400 provincia
1315 1361 1382 1387 ex·

257 1416 452 1464 ercituque
471 1416 652 1452 mandato
673 1416 809 1452 Cincio
837 1416 1007 1466 praetori,
1028 1415 1085 1451 M.
1098 1414 1253 1450 Valerio
1271 1413 1379 1451 Mes-

257 1480 351 1517 salla
376 1480 556 1530 praefecto
577 1480 704 1516 classis
736 1493 821 1516 cum
842 1486 948 1529 parte
977 1480 1129 1516 navium
1150 1480 1186 1515 in
1207 1478 1379 1515 Africam

257 1545 467 1595 praedatum
494 1544 605 1580 simul
635 1543 958 1594 speculatumque,
980 1557 1062 1592 quae
1090 1542 1254 1594 populus
1274 1542 1378 1578 Kar-

257 1609 509 1657 thaginiensis
544 1615 673 1657 ageret
711 1614 950 1657 pararetque,
980 1609 1110 1651 misso,
1141 1608 1222 1657 ipse
1251 1607 1381 1643 decem

255 1673 415 1709 navibus
435 1672 602 1709 Romam
623 1672 816 1722 profectus
838 1686 953 1722 quum
980 1685 1160 1722 prospere
1189 1672 1381 1722 pervenis-

257 1743 328 1780 set,
363 1745 537 1773 senatum
574 1737 766 1787 extemplo
804 1738 937 1773 habuit
954 1752 960 1772 ε
995 1737 1047 1772 ibi
1082 1737 1127 1773 de
1160 1737 1236 1772 suis
1269 1735 1381 1772 rebus

258 1803 372 1851 gestis
401 1803 724 1838 commemoravit.
786 1803 905 1843 Quum
931 1814 1042 1837 annos
1065 1813 1177 1850 prope
1195 1802 1383 1847 sexaginta

255 1867 295 1901 in
315 1866 443 1902 Sicilia
464 1871 560 1902 terra
579 1868 742 1913 mcrrique
759 1878 851 1913 soepe
871 1868 1008 1913 magnis
1034 1865 1192 1901 cladibus
1210 1864 1379 1899 bellatum

258 1935 358 1972 esset,
378 1942 414 1966 se
434 1943 513 1967 eam
538 1932 762 1978 provinciam
781 1929 992 1979 confecisse:
1020 1931 1196 1965 neminem
1216 1928 1379 1964 Kartha-

254 1997 446 2043 giniensem
472 1998 507 2031 in
528 1996 656 2031 Sicilia
684 2007 779 2032 esse:
808 1996 979 2030 neminem
1001 1995 1175 2035 Siculum,
1197 1995 1259 2041 qui
1285 1998 1381 2029 metu

256 2061 340 2095 inde
348 2058 480 2108 fugati
499 2059 672 2108 afuewint,
693 2071 764 2094 non
782 2070 851 2095 esse
864 2075 875 2094 .·
904 2070 1020 2094 omnes
1040 2060 1075 2094 in
1093 2058 1204 2099 urbes,
1223 2059 1258 2092 in
1276 2069 1381 2104 agros

257 2135 338 2159 suos
373 2125 549 2165 reductos,
580 2135 700 2165 arare,
729 2134 869 2158 serere:
898 2124 1071 2158 desertam¹
1100 2122 1208 2157 recoli
1237 2121 1382 2156 tandem

260 2191 408 2230 terram,
419 2186 648 2235 frugiferam
669 2189 752 2235 ipsis
772 2187 977 2229 cultoribus,
997 2187 1200 2234 populoque
1214 2184 1380 2219 Romano

254 2263 347 2301 pace
365 2264 409 2288 ac
427 2252 739 2301 belloficlissimum
762 2263 910 2287 annonae
924 2251 1126 2287 subsidium.
1170 2248 1271 2285 Exin
1287 2247 1377 2283 Mu-

258 2315 352 2358 tine,
371 2323 409 2351 et
428 2316 459 2351 si
476 2328 635 2365 quorum
656 2315 817 2352 aliorum
837 2315 972 2351 merita
987 2327 1075 2363 erga
1095 2312 1276 2364 populum
1293 2310 1376 2348 Ro-
