1507 2656
370 194 524 224 LIBER
547 193 704 222 XXXV·
737 193 844 222 CAP.
868 193 950 223 XV.
1130 195 1215 240 517

111 281 197 320 isse.
252 282 351 319 Tum
370 283 484 319 risum
505 280 682 318 obortum
712 281 896 330 Scipioni,
917 287 956 318 et
983 280 1211 333 subjecisse:
1229 291 1269 321 U.
1282 292 1319 322 C.
1336 300 1410 327 ⁵59·

114 347 295 388 Quidnam
323 352 362 383 tu
392 347 536 387 diceres,
556 347 587 381 si
614 356 670 380 me
696 346 867 381 vicisses?
918 345 1008 381 Tum
1036 359 1093 383 me
1118 360 1213 392 vero,
1226 334 1265 365 Α·
1283 336 1320 366 C·
1338 343 1409 369 ¹9³·

109 411 246 460 inquit,
266 416 301 447 et
319 416 401 447 ante
419 411 678 452 Alexandrum,
700 414 736 446 et
755 414 837 446 ante
856 410 1052 458 Pyrrhum,
1072 417 1107 447 et
1132 418 1217 450 ante

107 487 227 511 omnes
245 477 334 512 alios
353 477 582 523 imperatores
600 486 680 510 csse.
737 473 790 510 Et
818 473 1035 524 perplexum
1066 475 1214 513 Punico

104 544 188 574 astu
207 551 442 588 responsum,
463 544 502 574 et
525 538 760 589 inprovisum
788 538 1063 574 adsentationis
1093 551 1212 587 genus

104 602 320 652 Scipionem
349 604 523 646 movisse,
551 602 653 652 quod
681 615 701 638 e
730 614 844 651 grege
873 614 911 638 se
941 602 1213 654 imperatorum

101 665 205 702 velut
224 667 526 704 inaestimabilem
545 666 776 702 secrevisset.

155 730 244 767 XV.
277 731 409 768 Villius
437 731 484 767 ab
510 731 665 781 Epheso
685 731 894 780 Apameam
924 730 1131 780 processit:
1164 743 1210 767 eo

104 800 142 831 et
170 795 398 839 Antiochus,
433 796 563 832 audito
596 795 859 831 Romanorum
895 793 1109 843 legatorum
1143 794 1208 830 ad-

101 865 230 902 ventu,
252 859 439 895 obcurrit:
469 860 647 909 Apameae
668 858 882 906 congressis
900 858 1125 907 disceptatio
1146 870 1208 894 ea-

101 922 185 958 dem
204 922 321 958 ferme
338 922 431 965 fuit„
446 935 528 971 quae
543 921 683 970 Bomae
708 922 807 956 inter
835 921 1059 960 Quinctium
1088 927 1125 957 et
1153 920 1207 957 le-
1220 928 1357 959 Moritur
1367 939 1415 961 reo

99 993 208 1034 gatos
241 986 342 1034 regis
371 985 507 1022 fuerat.
562 985 670 1022 Mors
700 986 881 1021 nunciata
909 986 1106 1029 Antiochi,
1141 972 1264 1023 filiigis
1281 971 1380 1004 filius.

100 1050 215 1099 regis,
234 1060 344 1098 quem
363 1050 518 1086 missum
536 1050 665 1100 paullo
685 1055 774 1085 ante
794 1049 961 1085 dixeram
980 1051 1019 1085 in
1045 1051 1206 1099 Syriam,

98 1114 248 1150 diremit
285 1113 498 1162 conloquia.
554 1113 721 1161 Magnus
751 1112 873 1148 luctus
908 1114 947 1148 in
979 1115 1085 1162 regia
1116 1115 1203 1158 fuit,

99 1192 352 1229 magnumque
373 1178 452 1229 ejus
475 1178 627 1229 juvenis
649 1179 897 1215 desiderium:
931 1180 968 1216 id
999 1182 1099 1217 enim
1120 1181 1205 1232 jam

98 1245 286 1295 specimen
306 1244 362 1279 sui
383 1243 550 1286 dederat,
572 1250 626 1285 ut,
649 1244 679 1278 si
699 1243 776 1279 vita
794 1242 946 1292 longior
965 1246 1202 1294 contigisset,

95 1310 225 1358 magni
238 1307 407 1358 justique
427 1308 527 1357 regis
545 1308 583 1343 in
607 1321 653 1353 eo
673 1307 839 1343 indolem
857 1307 973 1345 fuisse
993 1310 1201 1360 adpareret.

97 1374 186 1413 Quo
219 1373 340 1409 carior
372 1373 638 1423 acceptiorque
676 1372 850 1408 omnibus
890 1380 983 1416 erat,
1019 1387 1064 1411 eo
1101 1389 1200 1420 mors

95 1437 174 1488 ejus
206 1438 414 1487 suspectior
443 1437 531 1479 fuit,
561 1449 710 1485 gravem
741 1449 995 1474 successorem
1025 1451 1110 1475 eum
1132 1441 1201 1476 'in-

93 1510 191 1539 stare
211 1501 396 1538 senectuti
415 1514 490 1537 suae
508 1507 654 1551 patrem
675 1501 902 1544 credentem,
924 1515 991 1552 per
1013 1504 1198 1552 spadones

93 1566 288 1616 quosdam,
309 1565 441 1601 talium
467 1566 683 1601 ministeriis
713 1565 924 1602 facinorum
945 1574 1120 1617 acceptos
1141 1581 1201 1604 re-

92 1630 216 1679 gibus,
253 1642 398 1665 veneno
436 1630 641 1665 sustulisse.
698 1630 795 1666 Eam
836 1643 985 1679 quoque
1027 1643 1199 1669 caussam

93 1694 326 1731 clandestino
360 1693 520 1729 facinori
559 1693 801 1743 adjiciebant,
832 1694 947 1743 quod,
978 1707 1093 1743 quum
1131 1696 1198 1732 Se-

89 1758 197 1795 leuco
228 1756 306 1793 filio
335 1756 616 1806 Lysimachiam
650 1757 829 1800 dedisset,
858 1758 1052 1794 Antiocho
1083 1772 1195 1807 quam

91 1821 250 1859 similem
271 1821 376 1857 daret
400 1821 539 1863 sedem,
561 1829 602 1856 ut
630 1821 761 1871 procul
791 1821 838 1857 ab
868 1834 907 1857 se
936 1822 1081 1858 honore
1111 1836 1195 1859 eum

90 1899 238 1936 quoque
275 1885 480 1934 ablegaret,
517 1897 596 1921 non
633 1885 856 1921 habuisset.-
895 1885 1031 1934 Magni
1067 1894 1195 1924 tamen

89 1951 211 1987 luctus
239 1949 380 1999 species
411 1961 477 1998 per
507 1948 651 1998 aliquot
680 1949 756 1984 dies
786 1950 929 1997 regiam
960 1951 1108 1986 tenuit:
1142 1951 1195 1988 le-

88 2022 270 2064 gatusque
289 2012 501 2056 Romanus,
522 2026 569 2048 ne
589 2012 714 2054 alieno
734 2019 905 2062 tempore
931 2014 1194 2052 incommodus

87 2079 361 2121 obversaretur,
382 2077 608 2126 Pergamum
628 2078 827 2113 concessit.
878 2077 964 2113 Rex
984 2078 1191 2127 Ephesum,

79 2143 239 2184 omisso,
274 2141 375 2190 quod
406 2141 664 2183 inchoaverat,
698 2140 813 2183 bello,
849 2141 982 2177 rediit:
1024 2141 1091 2185 ibi,
1125 2156 1201 2193 per

84 2206 226 2243 luctum
263 2205 366 2252 regia
403 2203 542 2247 clausa,
582 2216 666 2239 cum
703 2203 879 2239 Minione
914 2204 1091 2253 quodam,
1127 2208 1191 2255 qui

83 2270 254 2320 princeps
275 2269 482 2304 amicorum
501 2266 580 2317 ejus
602 2274 695 2310 erat,
717 2274 862 2304 secreta
883 2268 1041 2304 consilia
1067 2271 1190 2319 agita—

83 2334 146 2369 vit.
202 2332 341 2377 Minio,
364 2332 514 2380 ignarus
541 2331 710 2368 omnium
739 2338 998 2377 externorum,
1021 2333 1190 2384 viresque
