1507 2656
390 196 543 227 LIBER
568 192 758 223 xxvlu.
789 192 897 220 CAP.
919 191 990 219 XI.
1192 188 1244 232 97

132 286 275 327 Bruttii
308 289 507 331 ambobus,
541 294 582 323 ut
607 296 691 322 cu'm
719 283 937 322 Hannibale
966 282 1106 319 bellum
1139 295 1246 331 gere·
1263 285 1302 317 U.
1316 285 1352 315 C.
1367 293 1442 316 545.

132 360 230 396 rent,
269 354 463 403 provincia
505 352 667 388 decreta.
724 350 911 386 Praetores
950 349 1085 384 exinde
1122 328 1435 384 sortitiA'C’w7'

134 424 244 453 sunt:
276 417 332 454 M.
354 416 527 453 Caecilius
547 415 727 452 BIetellus
756 414 954 456 urbanam,
984 413 1033 452 Q.
1053 412 1247 449 Mamilius

131 482 382 529 peregrinam,
405 481 449 516 C.
472 479 649 516 Servilius
671 478 853 521 Siciliam,
874 477 934 514 Ti.
953 476 1133 513 Claudius
1162 476 1249 513 Sar-

132 543 285 579 diniam.
328 543 529 579 Exercitus
551 542 604 578 ita
623 542 750 578 divisi:
775 540 974 577 consulum
994 539 1116 583 alteri,
1137 552 1249 590 quem

135 606 180 643 C.
211 606 390 642 Claudius
425 607 561 657 prioris
593 606 684 642 anni
719 604 865 648 consul,
904 604 1026 647 alteri,
1053 615 1164 652 quem
1200 604 1247 643 Q.

133 667 312 705 Claudius
343 676 556 719 propraetor
588 671 659 717 (eae
688 668 789 705 binae
820 667 989 716 legiones
1024 668 1148 714 erant)
1180 668 1248 703 ha-

133 732 303 769 buissent
335 734 567 770 exercitum:
600 734 640 768 in
672 732 828 768 Etruria
859 732 950 768 duas
984 731 1163 768 volonum
1196 731 1249 767 le-

134 796 265 845 giones
300 810 322 833 a
355 798 397 834 C.
429 797 612 833 Terentio
642 801 876 846 propraetore
907 795 964 832 M.
991 795 1123 831 Livius
1160 808 1248 846 pro-

133 859 279 903 consul,
308 861 367 896 cui
398 867 647 910 prorogatum
677 861 715 896 in
750 872 890 897 annum
925 859 1123 909 imperium
1153 865 1248 901 erat,

133 922 342 972 acciperet:
376 930 413 958 et
442 924 490 962 Q.
510 922 702 966 Mamilio,
723 929 779 966 ut,
804 922 959 971 collegae
982 922 1250 972 jurisdictione

134 985 286 1028 tradita,
308 985 472 1022 Galliam
501 999 586 1022 cum
616 987 798 1029 exercitu,
816 987 880 1022 cui
908 986 955 1023 L.
975 985 1131 1022 Porcius
1161 998 1252 1036 pro-

132 1054 272 1098 praetor
299 1049 516 1098 praefuerat,
538 1049 743 1092 obtineret,
774 1049 965 1085 decretum
993 1057 1074 1084 est:
1099 1048 1249 1099 jussus-

133 1124 205 1160 que
223 1113 395 1164 populari
416 1126 527 1161 agros
549 1113 762 1157 Gallorum,
785 1114 849 1163 qui
869 1114 917 1150 ad
933 1113 1073 1149 Poenos
1094 1113 1163 1149 sub
1184 1113 1249 1150 ad-

131 1182 283 1213 ventum
316 1177 567 1214 Hasdrubalis
601 1178 839 1214 defecissent.
896 1178 941 1214 C.
972 1177 1131 1213 Servilio
1165 1191 1251 1215 eum

134 1239 397 1277 Cannensibus
428 1241 572 1277 duabus
603 1241 832 1290 legionibus,
864 1242 962 1277 sicut
987 1241 1034 1277 C.
1054 1241 1250 1278 Mamilius

133 1309 320 1347 tenuerat,
352 1306 481 1342 Sicilia
513 1306 655 1342 tuenda
685 1306 785 1342 data.
840 1305 901 1341 Ex
939 1306 1115 1341 Sardinia
1144 1312 1249 1342 vetus

133 1369 333 1412 exercitus,
364 1371 424 1406 cui
453 1371 500 1406 A.
529 1369 721 1406 Hostilius
752 1370 968 1420 praefuerat,
999 1370 1247 1420 deportatus:

135 1445 273 1469 novam
302 1434 505 1483 legionem,
538 1447 650 1484 quam
678 1434 738 1471 Ti.
760 1434 940 1471 Claudius
971 1434 1163 1484 trajiceret
1192 1447 1250 1471 se-

132 1508 233 1539 cum,
265 1497 436 1533 consules
458 1498 776 1548 conscripserunt.
827 1498 876 1537 Q.
898 1497 1072 1540 Claudio,
1105 1504 1145 1534 ut
1173 1498 1250 1535 Ta-

130 1566 296 1604 rentum,
332 1561 378 1597 C.
410 1562 582 1598 Hostilio
611 1562 780 1605 Tubulo,
812 1570 854 1598 ut
888 1562 1058 1612 Capuam
1094 1564 1249 1612 provin-

132 1624 229 1660 ciam
248 1625 418 1669 haberet,
439 1633 688 1675 prorogatum
719 1627 758 1662 in
788 1640 930 1663 annum
959 1628 1156 1676 imperium
1178 1634 1247 1665 est.

131 1686 189 1724 M,
219 1688 391 1724 Valerius
420 1689 638 1738 proconsul,
673 1690 736 1738 qui
765 1690 915 1726 tuendae
949 1691 1049 1726 circa
1081 1690 1248 1729 Siciliam

133 1752 331 1788 maritimae
346 1765 421 1788 orae
439 1753 657 1802 praefuerat,
672 1754 830 1802 triginta
849 1753 1008 1790 navibus
1031 1754 1074 1790 C.
1088 1754 1247 1791 Servilio

132 1814 314 1865 praebitis,
341 1828 426 1852 cum
456 1822 579 1852 cetera
606 1817 710 1852 omni
740 1816 858 1853 classe
889 1817 1009 1854 redire
1038 1818 1085 1854 ad
1115 1817 1246 1856 urbem

128 1880 269 1932 jussus.

185 1944 259 1982 XI.
289 1944 335 1980 In
369 1945 522 1981 civitate
550 1950 660 1980 tanto
690 1944 905 1981 discrimine
939 1943 1030 1981 belli
1067 1945 1243 1990 sollicita,

130 2022 245 2060 quum
269 2010 438 2045 omnium
467 2009 717 2045 secundorum
747 2010 1062 2058 adversorumque
1092 2023 1241 2048 caussas

132 2074 171 2110 in
201 2074 304 2109 Deos
335 2080 538 2116 verterent,
572 2073 691 2110 multa
720 2074 897 2124 vprodigia
932 2074 1238 2121 nunciabantur;

132 2138 346 2174 Tarracinae
373 2137 479 2174 Jovis
508 2139 637 2179 aedem,
673 2139 807 2174 Satrici
838 2138 975 2174 Matris
1008 2137 1170 2174 Matutae
1196 2140 1242 2176 de

135 2201 233 2238 coelo
253 2207 404 2237 tactam.
462 2202 677 2239 Satricanos
708 2202 808 2238 haud
827 2203 950 2238 minus
982 2202 1175 2238 terrebant
1202 2203 1242 2240 in

135 2264 250 2300 aedem
270 2264 376 2301 Jovis
399 2265 543 2302 foribus
573 2267 663 2316 ipsis
683 2266 758 2303 duo
778 2265 940 2316 perlapsi
970 2278 1124 2314 angues.
1181 2266 1243 2303 Ab

133 2328 253 2365 Antio
285 2330 505 2367 nunciatum
538 2336 608 2374 est,
643 2338 816 2367 cruentas
854 2330 975 2381 spicas
1013 2329 1241 2367 metentibut

187 2391 286 2429 Vox„
316 2392 391 2431 ΙΙΙ.
672 2394 704 2431 F
