<?xml version="1.0" encoding="UTF-8"?>
<!DOCTYPE html PUBLIC "-//W3C//DTD XHTML 1.0 Transitional//EN"
    "http://www.w3.org/TR/xhtml1/DTD/xhtml1-transitional.dtd">
<html xmlns="http://www.w3.org/1999/xhtml" xml:lang="en" lang="en">
 <head>
  <title>
</title>
<meta http-equiv="Content-Type" content="text/html;charset=utf-8" />
  <meta name='ocr-system' content='tesseract 3.04.00' />
  <meta name='ocr-capabilities' content='ocr_page ocr_carea ocr_par ocr_line ocrx_word'/>
</head>
<body>
  <div class='ocr_page' id='page_1' title='image "./historiarumquaes03livyuoft/historiarumquaes03livyuoft_0338.png"; bbox 0 0 1523 2666; ppageno 0'>
   <div class='ocr_carea' id='block_1_1' title="bbox 324 207 986 264">
    <p class='ocr_par' dir='ltr' id='par_1_1' title="bbox 324 207 986 264">
     <span class='ocr_line' id='line_1_1' title="bbox 324 207 986 264; baseline -0.006 -13"><span class='ocrx_word' id='word_1_1' title='bbox 324 207 406 264; x_wconf 78' lang='lat'><strong>328</strong></span> <span class='ocrx_word' id='word_1_2' title='bbox 784 216 829 247; x_wconf 78' lang='grc' dir='ltr'><strong>τ.</strong></span> <span class='ocrx_word' id='word_1_3' title='bbox 855 216 986 249; x_wconf 75' lang='lat' dir='ltr'><strong>mvn</strong></span> 
     </span>
    </p>
   </div>
   <div class='ocr_carea' id='block_1_2' title="bbox 129 309 1504 1005">
    <p class='ocr_par' dir='ltr' id='par_1_2' title="bbox 131 309 1441 491">
     <span class='ocr_line' id='line_1_2' title="bbox 131 309 1438 361; baseline 0.003 -16"><span class='ocrx_word' id='word_1_4' title='bbox 131 315 174 346; x_wconf 85' lang='lat' dir='ltr'><strong>U.</strong></span> <span class='ocrx_word' id='word_1_5' title='bbox 187 314 224 345; x_wconf 89' lang='lat' dir='ltr'><strong>C.</strong></span> <span class='ocrx_word' id='word_1_6' title='bbox 239 309 535 347; x_wconf 66' lang='lat' dir='ltr'><strong>5⁵2.mortalibus</strong></span> <span class='ocrx_word' id='word_1_7' title='bbox 563 320 630 358; x_wconf 83' lang='lat' dir='ltr'><strong>per</strong></span> <span class='ocrx_word' id='word_1_8' title='bbox 662 309 824 345; x_wconf 80' lang='lat' dir='ltr'><strong>triduum</strong></span> <span class='ocrx_word' id='word_1_9' title='bbox 850 309 1129 358; x_wconf 73' lang='lat' dir='ltr'><em>supplicationes</em></span> <span class='ocrx_word' id='word_1_10' title='bbox 1159 309 1312 354; x_wconf 76' lang='lat' dir='ltr'><strong>habitas,</strong></span> <span class='ocrx_word' id='word_1_11' title='bbox 1342 312 1438 361; x_wconf 78' lang='lat' dir='ltr'><strong>quod</strong></span> 
     </span>
     <span class='ocr_line' id='line_1_3' title="bbox 133 358 1441 425; baseline 0.002 -13"><span class='ocrx_word' id='word_1_12' title='bbox 133 358 220 389; x_wconf 78' lang='lat' dir='ltr'>A.C.</span> <span class='ocrx_word' id='word_1_13' title='bbox 238 364 311 389; x_wconf 71' lang='lat'>²⁰⁰⁶</span> <span class='ocrx_word' id='word_1_14' title='bbox 325 375 408 412; x_wconf 82' lang='lat' dir='ltr'><strong>bene</strong></span> <span class='ocrx_word' id='word_1_15' title='bbox 426 387 469 411; x_wconf 87' lang='lat' dir='ltr'><strong>ac</strong></span> <span class='ocrx_word' id='word_1_16' title='bbox 476 373 653 424; x_wconf 81' lang='lat' dir='ltr'><strong>feliciter,</strong></span> <span class='ocrx_word' id='word_1_17' title='bbox 679 386 751 411; x_wconf 83' lang='lat' dir='ltr'><strong>non</strong></span> <span class='ocrx_word' id='word_1_18' title='bbox 770 376 864 423; x_wconf 82' lang='lat' dir='ltr'><strong>quod</strong></span> <span class='ocrx_word' id='word_1_19' title='bbox 889 376 984 411; x_wconf 85' lang='lat' dir='ltr'><strong>male</strong></span> <span class='ocrx_word' id='word_1_20' title='bbox 1011 388 1054 411; x_wconf 81' lang='lat' dir='ltr'><strong>ac</strong></span> <span class='ocrx_word' id='word_1_21' title='bbox 1082 380 1222 418; x_wconf 81' lang='lat' dir='ltr'><strong>temere,</strong></span> <span class='ocrx_word' id='word_1_22' title='bbox 1242 376 1441 425; x_wconf 81' lang='lat' dir='ltr'><strong><em>respublica</em></strong></span> 
     </span>
     <span class='ocr_line' id='line_1_4' title="bbox 324 438 1438 491; baseline 0.002 -15"><span class='ocrx_word' id='word_1_23' title='bbox 324 452 348 476; x_wconf 89' lang='lat' dir='ltr'><strong>a</strong></span> <span class='ocrx_word' id='word_1_24' title='bbox 373 440 417 476; x_wconf 91' lang='lat' dir='ltr'><strong>L.</strong></span> <span class='ocrx_word' id='word_1_25' title='bbox 431 439 538 476; x_wconf 79' lang='lat' dir='ltr'><strong>Furio</strong></span> <span class='ocrx_word' id='word_1_26' title='bbox 555 443 707 488; x_wconf 81' lang='lat' dir='ltr'><strong>proetore</strong></span> <span class='ocrx_word' id='word_1_27' title='bbox 723 444 824 487; x_wconf 74' lang='lat' dir='ltr'><strong>gesta</strong></span> <span class='ocrx_word' id='word_1_28' title='bbox 843 443 941 476; x_wconf 84' lang='lat' dir='ltr'><strong>esset.</strong></span> <span class='ocrx_word' id='word_1_29' title='bbox 998 440 1107 476; x_wconf 80' lang='lat' dir='ltr'><strong>Data</strong></span> <span class='ocrx_word' id='word_1_30' title='bbox 1115 438 1206 489; x_wconf 82' lang='lat' dir='ltr'><strong>sato</strong></span> <span class='ocrx_word' id='word_1_31' title='bbox 1225 442 1335 477; x_wconf 72' lang='lat' dir='ltr'><strong>etiam</strong></span> <span class='ocrx_word' id='word_1_32' title='bbox 1351 453 1438 491; x_wconf 82' lang='lat' dir='ltr'><strong>quo-</strong></span> 
     </span>
    </p>

    <p class='ocr_par' dir='ltr' id='par_1_3' title="bbox 129 504 1504 1005">
     <span class='ocr_line' id='line_1_5' title="bbox 325 504 954 552; baseline 0 -11"><span class='ocrx_word' id='word_1_33' title='bbox 325 506 410 541; x_wconf 86' lang='lat' dir='ltr'><strong>dam</strong></span> <span class='ocrx_word' id='word_1_34' title='bbox 430 505 546 541; x_wconf 80' lang='lat' dir='ltr'><strong>Furioe</strong></span> <span class='ocrx_word' id='word_1_35' title='bbox 561 505 663 552; x_wconf 81' lang='lat' dir='ltr'><strong>genti</strong></span> <span class='ocrx_word' id='word_1_36' title='bbox 687 504 832 540; x_wconf 76' lang='lat' dir='ltr'><strong>Gallica</strong></span> <span class='ocrx_word' id='word_1_37' title='bbox 851 504 954 541; x_wconf 77' lang='lat' dir='ltr'><strong>bella.</strong></span> 
     </span>
     <span class='ocr_line' id='line_1_6' title="bbox 379 558 1504 623; baseline 0.001 -18"><span class='ocrx_word' id='word_1_38' title='bbox 379 568 532 605; x_wconf 83' lang='lat' dir='ltr'><strong>XLIX.</strong></span> <span class='ocrx_word' id='word_1_39' title='bbox 563 567 689 618; x_wconf 85' lang='lat' dir='ltr'><strong>Hujus</strong></span> <span class='ocrx_word' id='word_1_40' title='bbox 710 568 858 616; x_wconf 86' lang='lat' dir='ltr'><strong>generis</strong></span> <span class='ocrx_word' id='word_1_41' title='bbox 879 569 1116 605; x_wconf 86' lang='lat' dir='ltr'><strong>orationibus</strong></span> <span class='ocrx_word' id='word_1_42' title='bbox 1150 569 1265 619; x_wconf 87' lang='lat' dir='ltr'><strong>ipsius</strong></span> <span class='ocrx_word' id='word_1_43' title='bbox 1294 570 1438 606; x_wconf 80' lang='lat' dir='ltr'><strong>amico-</strong></span> <span class='ocrx_word' id='word_1_44' title='bbox 1500 558 1504 623; x_wconf 65' lang='grc' dir='ltr'>Ι</span> 
     </span>
     <span class='ocr_line' id='line_1_7' title="bbox 324 634 1436 684; baseline 0.002 -14"><span class='ocrx_word' id='word_1_45' title='bbox 324 647 482 683; x_wconf 87' lang='lat' dir='ltr'><strong>rumque</strong></span> <span class='ocrx_word' id='word_1_46' title='bbox 503 634 601 669; x_wconf 85' lang='lat' dir='ltr'><strong>victa</strong></span> <span class='ocrx_word' id='word_1_47' title='bbox 620 639 690 675; x_wconf 82' lang='lat' dir='ltr'><strong>est,</strong></span> <span class='ocrx_word' id='word_1_48' title='bbox 709 634 904 683; x_wconf 71' lang='lat' dir='ltr'><strong>praesentis</strong></span> <span class='ocrx_word' id='word_1_49' title='bbox 925 635 1048 682; x_wconf 82' lang='lat' dir='ltr'><strong>gratia</strong></span> <span class='ocrx_word' id='word_1_50' title='bbox 1064 635 1250 684; x_wconf 67' lang='lat' dir='ltr'><strong>praetoris,</strong></span> <span class='ocrx_word' id='word_1_51' title='bbox 1269 635 1436 672; x_wconf 69' lang='lat' dir='ltr'><strong>absentis</strong></span> 
     </span>
     <span class='ocr_line' id='line_1_8' title="bbox 129 696 1438 747; baseline 0.001 -13"><span class='ocrx_word' id='word_1_52' title='bbox 129 714 243 745; x_wconf 58' lang='lat' dir='ltr'><strong>purim</strong></span> <span class='ocrx_word' id='word_1_53' title='bbox 261 715 313 745; x_wconf 58' lang='lat' dir='ltr'><strong>m,</strong></span> <span class='ocrx_word' id='word_1_54' title='bbox 325 698 490 734; x_wconf 89' lang='lat' dir='ltr'><strong>consulis</strong></span> <span class='ocrx_word' id='word_1_55' title='bbox 507 696 706 747; x_wconf 87' lang='lat' dir='ltr'><strong>majestas;</strong></span> <span class='ocrx_word' id='word_1_56' title='bbox 740 697 1049 747; x_wconf 83' lang='lat' dir='ltr'><strong>triumphumque</strong></span> <span class='ocrx_word' id='word_1_57' title='bbox 1065 698 1280 747; x_wconf 79' lang='lat' dir='ltr'><strong>frequentes</strong></span> <span class='ocrx_word' id='word_1_58' title='bbox 1302 698 1346 736; x_wconf 90' lang='lat' dir='ltr'><strong>L.</strong></span> <span class='ocrx_word' id='word_1_59' title='bbox 1361 699 1438 735; x_wconf 88' lang='lat' dir='ltr'><strong>Fu-</strong></span> 
     </span>
     <span class='ocr_line' id='line_1_9' title="bbox 130 758 1439 813; baseline 0 -14"><span class='ocrx_word' id='word_1_60' title='bbox 130 758 278 798; x_wconf 87' lang='lat' dir='ltr'><strong>umphat.</strong></span> <span class='ocrx_word' id='word_1_61' title='bbox 323 764 381 799; x_wconf 84' lang='lat' dir='ltr'><strong>rio</strong></span> <span class='ocrx_word' id='word_1_62' title='bbox 402 763 660 799; x_wconf 83' lang='lat' dir='ltr'><strong>decreverunt.</strong></span> <span class='ocrx_word' id='word_1_63' title='bbox 717 761 984 812; x_wconf 85' lang='lat' dir='ltr'><strong>Triumphavit</strong></span> <span class='ocrx_word' id='word_1_64' title='bbox 1013 763 1058 798; x_wconf 89' lang='lat' dir='ltr'><strong>de</strong></span> <span class='ocrx_word' id='word_1_65' title='bbox 1082 762 1202 799; x_wconf 89' lang='lat' dir='ltr'><strong>Gallis</strong></span> <span class='ocrx_word' id='word_1_66' title='bbox 1231 763 1270 798; x_wconf 90' lang='lat' dir='ltr'><strong>in</strong></span> <span class='ocrx_word' id='word_1_67' title='bbox 1299 763 1439 813; x_wconf 87' lang='lat' dir='ltr'><strong>magis—</strong></span> 
     </span>
     <span class='ocr_line' id='line_1_10' title="bbox 322 827 1438 876; baseline 0 -12"><span class='ocrx_word' id='word_1_68' title='bbox 322 834 424 864; x_wconf 88' lang='lat' dir='ltr'><strong>tratu</strong></span> <span class='ocrx_word' id='word_1_69' title='bbox 451 827 496 864; x_wconf 92' lang='lat' dir='ltr'><strong>L.</strong></span> <span class='ocrx_word' id='word_1_70' title='bbox 518 827 652 863; x_wconf 86' lang='lat' dir='ltr'><strong>Furius</strong></span> <span class='ocrx_word' id='word_1_71' title='bbox 681 833 833 876; x_wconf 83' lang='lat' dir='ltr'><strong>praetor.</strong></span> <span class='ocrx_word' id='word_1_72' title='bbox 891 827 936 862; x_wconf 94' lang='lat' dir='ltr'><strong>In</strong></span> <span class='ocrx_word' id='word_1_73' title='bbox 965 828 1137 863; x_wconf 83' lang='lat' dir='ltr'><strong>aerarium</strong></span> <span class='ocrx_word' id='word_1_74' title='bbox 1159 827 1249 863; x_wconf 90' lang='lat' dir='ltr'><strong>tulit</strong></span> <span class='ocrx_word' id='word_1_75' title='bbox 1267 833 1438 864; x_wconf 89' lang='lat' dir='ltr'><strong>trecenta</strong></span> 
     </span>
     <span class='ocr_line' id='line_1_11' title="bbox 320 890 1437 940; baseline 0 -13"><span class='ocrx_word' id='word_1_76' title='bbox 320 893 455 940; x_wconf 87' lang='lat' dir='ltr'><strong>viginti</strong></span> <span class='ocrx_word' id='word_1_77' title='bbox 484 890 603 927; x_wconf 85' lang='lat' dir='ltr'><strong>millia</strong></span> <span class='ocrx_word' id='word_1_78' title='bbox 626 891 722 932; x_wconf 80' lang='lat' dir='ltr'><strong>aeris,</strong></span> <span class='ocrx_word' id='word_1_79' title='bbox 745 891 893 939; x_wconf 80' lang='lat' dir='ltr'>argenti</span> <span class='ocrx_word' id='word_1_80' title='bbox 915 898 1066 927; x_wconf 85' lang='lat' dir='ltr'><strong>centum</strong></span> <span class='ocrx_word' id='word_1_81' title='bbox 1088 891 1330 940; x_wconf 79' lang='lat' dir='ltr'><strong>septuaginta</strong></span> <span class='ocrx_word' id='word_1_82' title='bbox 1351 891 1437 928; x_wconf 89' lang='lat' dir='ltr'><strong>mil-</strong></span> 
     </span>
     <span class='ocr_line' id='line_1_12' title="bbox 320 955 1435 1005; baseline -0.002 -13"><span class='ocrx_word' id='word_1_83' title='bbox 320 955 371 992; x_wconf 83' lang='lat' dir='ltr'><strong>lia</strong></span> <span class='ocrx_word' id='word_1_84' title='bbox 402 956 548 1005; x_wconf 84' lang='lat' dir='ltr'><strong>pondo:</strong></span> <span class='ocrx_word' id='word_1_85' title='bbox 583 968 704 1004; x_wconf 89' lang='lat' dir='ltr'><strong>neque</strong></span> <span class='ocrx_word' id='word_1_86' title='bbox 738 956 877 1005; x_wconf 85' lang='lat' dir='ltr'><strong>captivi</strong></span> <span class='ocrx_word' id='word_1_87' title='bbox 917 955 979 991; x_wconf 86' lang='lat' dir='ltr'><strong>ulli</strong></span> <span class='ocrx_word' id='word_1_88' title='bbox 1011 962 1101 991; x_wconf 88' lang='lat' dir='ltr'><strong>ante</strong></span> <span class='ocrx_word' id='word_1_89' title='bbox 1134 968 1283 992; x_wconf 84' lang='lat' dir='ltr'><strong>currum</strong></span> <span class='ocrx_word' id='word_1_90' title='bbox 1317 955 1435 999; x_wconf 83' lang='lat' dir='ltr'><strong>ducti,</strong></span> 
     </span>
    </p>
   </div>
   <div class='ocr_carea' id='block_1_3' title="bbox 1487 12 1512 769">
    <p class='ocr_par' dir='ltr' id='par_1_4' title="bbox 1487 12 1512 769">
     <span class='ocr_line' id='line_1_13' title="bbox 1487 12 1512 769; baseline 0 0"><span class='ocrx_word' id='word_1_91' title='bbox 1487 12 1512 769; x_wconf 95' lang='lat' dir='ltr'><strong> </strong></span> 
     </span>
    </p>
   </div>
   <div class='ocr_carea' id='block_1_4' title="bbox 122 1019 1434 2364">
    <p class='ocr_par' dir='ltr' id='par_1_5' title="bbox 122 1019 1434 2364">
     <span class='ocr_line' id='line_1_14' title="bbox 320 1019 1433 1069; baseline 0.001 -14"><span class='ocrx_word' id='word_1_92' title='bbox 320 1032 442 1069; x_wconf 81' lang='lat' dir='ltr'><strong>neque</strong></span> <span class='ocrx_word' id='word_1_93' title='bbox 462 1019 583 1069; x_wconf 86' lang='lat' dir='ltr'><strong>spolia</strong></span> <span class='ocrx_word' id='word_1_94' title='bbox 610 1019 780 1069; x_wconf 68' lang='lat' dir='ltr'><strong>praelata,</strong></span> <span class='ocrx_word' id='word_1_95' title='bbox 802 1032 924 1067; x_wconf 87' lang='lat' dir='ltr'><strong>neque</strong></span> <span class='ocrx_word' id='word_1_96' title='bbox 951 1019 1089 1055; x_wconf 80' lang='lat' dir='ltr'><strong>milites</strong></span> <span class='ocrx_word' id='word_1_97' title='bbox 1120 1020 1258 1055; x_wconf 87' lang='lat' dir='ltr'><strong>secuti:</strong></span> <span class='ocrx_word' id='word_1_98' title='bbox 1291 1021 1433 1064; x_wconf 88' lang='lat' dir='ltr'><strong>omnia,</strong></span> 
     </span>
     <span class='ocr_line' id='line_1_15' title="bbox 319 1083 1432 1133; baseline 0.002 -15"><span class='ocrx_word' id='word_1_99' title='bbox 319 1092 456 1133; x_wconf 80' lang='lat' dir='ltr'><strong>praeter</strong></span> <span class='ocrx_word' id='word_1_100' title='bbox 487 1084 698 1125; x_wconf 76' lang='lat' dir='ltr'><strong>victoriam,</strong></span> <span class='ocrx_word' id='word_1_101' title='bbox 729 1095 843 1132; x_wconf 84' lang='lat' dir='ltr'><strong>penes</strong></span> <span class='ocrx_word' id='word_1_102' title='bbox 876 1083 1073 1118; x_wconf 87' lang='lat' dir='ltr'><strong>consulem</strong></span> <span class='ocrx_word' id='word_1_103' title='bbox 1104 1095 1185 1119; x_wconf 88' lang='lat' dir='ltr'><strong>esse</strong></span> <span class='ocrx_word' id='word_1_104' title='bbox 1214 1083 1432 1132; x_wconf 83' lang='lat' dir='ltr'><strong>adparebat.</strong></span> 
     </span>
     <span class='ocr_line' id='line_1_16' title="bbox 317 1150 1434 1201; baseline 0 -13"><span class='ocrx_word' id='word_1_105' title='bbox 317 1152 418 1188; x_wconf 82' lang='lat' dir='ltr'><strong>Ludi</strong></span> <span class='ocrx_word' id='word_1_106' title='bbox 439 1151 573 1187; x_wconf 87' lang='lat' dir='ltr'><strong>deinde</strong></span> <span class='ocrx_word' id='word_1_107' title='bbox 593 1164 615 1187; x_wconf 85' lang='lat' dir='ltr'><strong>a</strong></span> <span class='ocrx_word' id='word_1_108' title='bbox 644 1151 685 1187; x_wconf 93' lang='lat' dir='ltr'><strong>P.</strong></span> <span class='ocrx_word' id='word_1_109' title='bbox 707 1150 888 1187; x_wconf 87' lang='lat' dir='ltr'><strong>Cornelio</strong></span> <span class='ocrx_word' id='word_1_110' title='bbox 913 1151 1105 1201; x_wconf 85' lang='lat' dir='ltr'><strong>Scipione,</strong></span> <span class='ocrx_word' id='word_1_111' title='bbox 1127 1164 1221 1200; x_wconf 91' lang='lat' dir='ltr'><strong>quos</strong></span> <span class='ocrx_word' id='word_1_112' title='bbox 1242 1152 1373 1188; x_wconf 87' lang='lat' dir='ltr'><strong>consul</strong></span> <span class='ocrx_word' id='word_1_113' title='bbox 1395 1154 1434 1188; x_wconf 85' lang='lat' dir='ltr'><strong>in</strong></span> 
     </span>
     <span class='ocr_line' id='line_1_17' title="bbox 124 1216 1431 1268; baseline 0.002 -18"><span class='ocrx_word' id='word_1_114' title='bbox 124 1220 299 1268; x_wconf 62' lang='lat' dir='ltr'><strong>Decretum</strong></span> <span class='ocrx_word' id='word_1_115' title='bbox 319 1217 449 1252; x_wconf 86' lang='lat' dir='ltr'><strong>Africa</strong></span> <span class='ocrx_word' id='word_1_116' title='bbox 471 1223 637 1259; x_wconf 87' lang='lat' dir='ltr'><strong>voverat,</strong></span> <span class='ocrx_word' id='word_1_117' title='bbox 660 1229 798 1264; x_wconf 85' lang='lat' dir='ltr'><strong>magno</strong></span> <span class='ocrx_word' id='word_1_118' title='bbox 823 1216 1010 1265; x_wconf 75' lang='lat' dir='ltr'><strong>adparatu</strong></span> <span class='ocrx_word' id='word_1_119' title='bbox 1032 1216 1137 1253; x_wconf 85' lang='lat' dir='ltr'><strong>facti.</strong></span> <span class='ocrx_word' id='word_1_120' title='bbox 1193 1216 1246 1252; x_wconf 86' lang='lat' dir='ltr'><strong>Et</strong></span> <span class='ocrx_word' id='word_1_121' title='bbox 1268 1217 1313 1252; x_wconf 90' lang='lat' dir='ltr'><strong>de</strong></span> <span class='ocrx_word' id='word_1_122' title='bbox 1332 1218 1431 1265; x_wconf 84' lang='lat' dir='ltr'><strong>agris</strong></span> 
     </span>
     <span class='ocr_line' id='line_1_18' title="bbox 122 1263 1431 1336; baseline 0.001 -20"><span class='ocrx_word' id='word_1_123' title='bbox 122 1263 267 1336; x_wconf 50' lang='lat' dir='ltr'>ffiiffigg&#39;rsn</span> <span class='ocrx_word' id='word_1_124' title='bbox 319 1282 479 1316; x_wconf 84' lang='lat' dir='ltr'><strong>militum</strong></span> <span class='ocrx_word' id='word_1_125' title='bbox 511 1280 590 1330; x_wconf 87' lang='lat' dir='ltr'><strong>ejus</strong></span> <span class='ocrx_word' id='word_1_126' title='bbox 616 1280 822 1323; x_wconf 85' lang='lat' dir='ltr'><strong>decretum,</strong></span> <span class='ocrx_word' id='word_1_127' title='bbox 845 1286 900 1322; x_wconf 89' lang='lat' dir='ltr'><strong>ut,</strong></span> <span class='ocrx_word' id='word_1_128' title='bbox 922 1287 1015 1328; x_wconf 91' lang='lat' dir='ltr'><strong>quot</strong></span> <span class='ocrx_word' id='word_1_129' title='bbox 1035 1281 1193 1329; x_wconf 87' lang='lat' dir='ltr'><strong>quisque</strong></span> <span class='ocrx_word' id='word_1_130' title='bbox 1214 1293 1343 1316; x_wconf 81' lang='lat' dir='ltr'><strong>eorum</strong></span> <span class='ocrx_word' id='word_1_131' title='bbox 1364 1294 1431 1317; x_wconf 90' lang='lat' dir='ltr'><strong>an-</strong></span> 
     </span>
     <span class='ocr_line' id='line_1_19' title="bbox 123 1344 1431 1393; baseline 0.002 -15"><span class='ocrx_word' id='word_1_132' title='bbox 123 1349 292 1388; x_wconf 83' lang='lat' dir='ltr'><strong>Scipionis.</strong></span> <span class='ocrx_word' id='word_1_133' title='bbox 317 1358 386 1380; x_wconf 87' lang='lat' dir='ltr'><strong>nos</strong></span> <span class='ocrx_word' id='word_1_134' title='bbox 408 1346 444 1380; x_wconf 89' lang='lat' dir='ltr'><strong>in</strong></span> <span class='ocrx_word' id='word_1_135' title='bbox 467 1344 655 1393; x_wconf 79' lang='lat' dir='ltr'><strong>Hispania</strong></span> <span class='ocrx_word' id='word_1_136' title='bbox 676 1350 741 1379; x_wconf 89' lang='lat' dir='ltr'><strong>aut</strong></span> <span class='ocrx_word' id='word_1_137' title='bbox 761 1344 798 1380; x_wconf 92' lang='lat' dir='ltr'><strong>in</strong></span> <span class='ocrx_word' id='word_1_138' title='bbox 819 1344 951 1381; x_wconf 86' lang='lat' dir='ltr'><strong>Africa</strong></span> <span class='ocrx_word' id='word_1_139' title='bbox 971 1344 1185 1387; x_wconf 84' lang='lat' dir='ltr'><strong>militasset,</strong></span> <span class='ocrx_word' id='word_1_140' title='bbox 1207 1345 1244 1380; x_wconf 92' lang='lat' dir='ltr'><strong>in</strong></span> <span class='ocrx_word' id='word_1_141' title='bbox 1262 1345 1431 1393; x_wconf 87' lang='lat' dir='ltr'><strong>singulos</strong></span> 
     </span>
     <span class='ocr_line' id='line_1_20' title="bbox 316 1408 1430 1458; baseline 0 -13"><span class='ocrx_word' id='word_1_142' title='bbox 316 1422 436 1446; x_wconf 87' lang='lat' dir='ltr'><strong>annos</strong></span> <span class='ocrx_word' id='word_1_143' title='bbox 457 1409 546 1445; x_wconf 86' lang='lat' dir='ltr'><strong>bina</strong></span> <span class='ocrx_word' id='word_1_144' title='bbox 560 1408 699 1458; x_wconf 80' lang='lat' dir='ltr'><strong>jugera</strong></span> <span class='ocrx_word' id='word_1_145' title='bbox 718 1408 929 1458; x_wconf 80' lang='lat' dir='ltr'><strong>acciperet:</strong></span> <span class='ocrx_word' id='word_1_146' title='bbox 963 1421 1046 1444; x_wconf 89' lang='lat' dir='ltr'><strong>eum</strong></span> <span class='ocrx_word' id='word_1_147' title='bbox 1072 1422 1205 1458; x_wconf 85' lang='lat' dir='ltr'><strong>agrum</strong></span> <span class='ocrx_word' id='word_1_148' title='bbox 1229 1409 1430 1445; x_wconf 85' lang='lat' dir='ltr'><strong>decemviri</strong></span> 
     </span>
     <span class='ocr_line' id='line_1_21' title="bbox 314 1472 1429 1523; baseline 0 -14"><span class='ocrx_word' id='word_1_149' title='bbox 314 1474 571 1522; x_wconf 68' lang='lat' dir='ltr'><strong>adsignarent.</strong></span> <span class='ocrx_word' id='word_1_150' title='bbox 627 1472 832 1508; x_wconf 79' lang='lat' dir='ltr'><strong>Triumviri</strong></span> <span class='ocrx_word' id='word_1_151' title='bbox 863 1473 951 1509; x_wconf 86' lang='lat' dir='ltr'><strong>inde</strong></span> <span class='ocrx_word' id='word_1_152' title='bbox 977 1474 1094 1509; x_wconf 85' lang='lat' dir='ltr'><strong>creati</strong></span> <span class='ocrx_word' id='word_1_153' title='bbox 1115 1473 1161 1509; x_wconf 85' lang='lat' dir='ltr'><strong>ad</strong></span> <span class='ocrx_word' id='word_1_154' title='bbox 1182 1473 1429 1523; x_wconf 87' lang='lat' dir='ltr'><strong>supplendum</strong></span> 
     </span>
     <span class='ocr_line' id='line_1_22' title="bbox 314 1536 1429 1585; baseline -0.001 -12"><span class='ocrx_word' id='word_1_155' title='bbox 314 1538 519 1573; x_wconf 85' lang='lat' dir='ltr'><strong>Venusinis</strong></span> <span class='ocrx_word' id='word_1_156' title='bbox 544 1536 769 1573; x_wconf 90' lang='lat' dir='ltr'><strong>colonorum</strong></span> <span class='ocrx_word' id='word_1_157' title='bbox 798 1549 1013 1579; x_wconf 88' lang='lat' dir='ltr'><strong>numerum,</strong></span> <span class='ocrx_word' id='word_1_158' title='bbox 1035 1537 1134 1585; x_wconf 88' lang='lat' dir='ltr'><strong>quod</strong></span> <span class='ocrx_word' id='word_1_159' title='bbox 1157 1536 1258 1573; x_wconf 89' lang='lat' dir='ltr'><strong>bello</strong></span> <span class='ocrx_word' id='word_1_160' title='bbox 1280 1537 1429 1573; x_wconf 88' lang='lat' dir='ltr'><strong>Hanni·</strong></span> 
     </span>
     <span class='ocr_line' id='line_1_23' title="bbox 313 1599 1430 1650; baseline 0 -12"><span class='ocrx_word' id='word_1_161' title='bbox 313 1601 410 1638; x_wconf 87' lang='lat' dir='ltr'><strong>balis</strong></span> <span class='ocrx_word' id='word_1_162' title='bbox 430 1601 645 1637; x_wconf 69' lang='lat' dir='ltr'><strong>adtenuatae</strong></span> <span class='ocrx_word' id='word_1_163' title='bbox 663 1602 757 1636; x_wconf 87' lang='lat' dir='ltr'><strong>vires</strong></span> <span class='ocrx_word' id='word_1_164' title='bbox 779 1599 859 1650; x_wconf 89' lang='lat' dir='ltr'><strong>ejus</strong></span> <span class='ocrx_word' id='word_1_165' title='bbox 887 1600 1048 1637; x_wconf 82' lang='lat' dir='ltr'><strong>coloniae</strong></span> <span class='ocrx_word' id='word_1_166' title='bbox 1068 1607 1190 1643; x_wconf 87' lang='lat' dir='ltr'><strong>erant,</strong></span> <span class='ocrx_word' id='word_1_167' title='bbox 1222 1601 1265 1637; x_wconf 92' lang='lat' dir='ltr'><strong>C.</strong></span> <span class='ocrx_word' id='word_1_168' title='bbox 1286 1601 1430 1638; x_wconf 89' lang='lat' dir='ltr'><strong>Teren—</strong></span> 
     </span>
     <span class='ocr_line' id='line_1_24' title="bbox 315 1664 1429 1707; baseline 0 -6"><span class='ocrx_word' id='word_1_169' title='bbox 315 1666 390 1702; x_wconf 86' lang='lat' dir='ltr'><strong>tius</strong></span> <span class='ocrx_word' id='word_1_170' title='bbox 421 1666 557 1707; x_wconf 88' lang='lat' dir='ltr'><strong>Varro,</strong></span> <span class='ocrx_word' id='word_1_171' title='bbox 586 1665 633 1701; x_wconf 88' lang='lat' dir='ltr'><strong>T.</strong></span> <span class='ocrx_word' id='word_1_172' title='bbox 653 1665 859 1704; x_wconf 86' lang='lat' dir='ltr'><strong>Quinctius</strong></span> <span class='ocrx_word' id='word_1_173' title='bbox 883 1665 1135 1707; x_wconf 83' lang='lat' dir='ltr'><strong>Flamininus,</strong></span> <span class='ocrx_word' id='word_1_174' title='bbox 1166 1664 1209 1701; x_wconf 92' lang='lat' dir='ltr'><strong>P.</strong></span> <span class='ocrx_word' id='word_1_175' title='bbox 1231 1665 1429 1702; x_wconf 88' lang='lat' dir='ltr'><strong>Cornelius</strong></span> 
     </span>
     <span class='ocr_line' id='line_1_25' title="bbox 316 1729 1430 1780; baseline 0 -13"><span class='ocrx_word' id='word_1_176' title='bbox 316 1731 388 1767; x_wconf 89' lang='lat' dir='ltr'><strong>Cn.</strong></span> <span class='ocrx_word' id='word_1_177' title='bbox 408 1730 450 1767; x_wconf 83' lang='lat' dir='ltr'><strong>F.</strong></span> <span class='ocrx_word' id='word_1_178' title='bbox 469 1730 616 1780; x_wconf 77' lang='lat' dir='ltr'><strong>Scipio:</strong></span> <span class='ocrx_word' id='word_1_179' title='bbox 649 1730 688 1767; x_wconf 79' lang='lat' dir='ltr'><strong>hi</strong></span> <span class='ocrx_word' id='word_1_180' title='bbox 715 1729 873 1767; x_wconf 87' lang='lat' dir='ltr'><strong>colonos</strong></span> <span class='ocrx_word' id='word_1_181' title='bbox 903 1730 1111 1766; x_wconf 88' lang='lat' dir='ltr'><strong>Venusiam</strong></span> <span class='ocrx_word' id='word_1_182' title='bbox 1140 1730 1430 1780; x_wconf 82' lang='lat' dir='ltr'><strong>adscripserunt.</strong></span> 
     </span>
     <span class='ocr_line' id='line_1_26' title="bbox 314 1793 1433 1845; baseline -0.001 -13"><span class='ocrx_word' id='word_1_183' title='bbox 314 1795 462 1832; x_wconf 88' lang='lat' dir='ltr'><strong>Eodem</strong></span> <span class='ocrx_word' id='word_1_184' title='bbox 483 1807 584 1831; x_wconf 89' lang='lat' dir='ltr'><strong>anno</strong></span> <span class='ocrx_word' id='word_1_185' title='bbox 615 1794 659 1832; x_wconf 55' lang='lat' dir='ltr'><strong>C,</strong></span> <span class='ocrx_word' id='word_1_186' title='bbox 681 1794 882 1831; x_wconf 82' lang='lat' dir='ltr'><strong>Cornelius</strong></span> <span class='ocrx_word' id='word_1_187' title='bbox 903 1793 1110 1842; x_wconf 75' lang='lat' dir='ltr'><strong>CetheguS,</strong></span> <span class='ocrx_word' id='word_1_188' title='bbox 1132 1794 1197 1843; x_wconf 90' lang='lat' dir='ltr'><strong>qui</strong></span> <span class='ocrx_word' id='word_1_189' title='bbox 1226 1795 1433 1845; x_wconf 87' lang='lat' dir='ltr'><strong>proconsul</strong></span> 
     </span>
     <span class='ocr_line' id='line_1_27' title="bbox 312 1859 1432 1910; baseline -0.001 -13"><span class='ocrx_word' id='word_1_190' title='bbox 312 1859 541 1910; x_wconf 81' lang='lat' dir='ltr'><strong>Hispaniam</strong></span> <span class='ocrx_word' id='word_1_191' title='bbox 573 1859 788 1903; x_wconf 74' lang='lat' dir='ltr'><strong>obtinebat,</strong></span> <span class='ocrx_word' id='word_1_192' title='bbox 814 1871 995 1908; x_wconf 82' lang='lat' dir='ltr'><strong>magnum</strong></span> <span class='ocrx_word' id='word_1_193' title='bbox 1025 1859 1197 1895; x_wconf 86' lang='lat' dir='ltr'><strong>hostium</strong></span> <span class='ocrx_word' id='word_1_194' title='bbox 1226 1860 1432 1896; x_wconf 81' lang='lat' dir='ltr'><strong>exercitum</strong></span> 
     </span>
     <span class='ocr_line' id='line_1_28' title="bbox 313 1922 1430 1975; baseline 0.001 -15"><span class='ocrx_word' id='word_1_195' title='bbox 313 1924 351 1960; x_wconf 90' lang='lat' dir='ltr'><strong>in</strong></span> <span class='ocrx_word' id='word_1_196' title='bbox 371 1937 465 1973; x_wconf 82' lang='lat' dir='ltr'><strong>agro</strong></span> <span class='ocrx_word' id='word_1_197' title='bbox 487 1924 674 1961; x_wconf 85' lang='lat' dir='ltr'><strong>Sedetano</strong></span> <span class='ocrx_word' id='word_1_198' title='bbox 693 1922 790 1960; x_wconf 89' lang='lat' dir='ltr'><strong>fudit</strong></span> <span class='ocrx_word' id='word_1_199' title='bbox 809 1937 816 1959; x_wconf 93' lang='lat'>:</span> <span class='ocrx_word' id='word_1_200' title='bbox 850 1923 1065 1972; x_wconf 89' lang='lat' dir='ltr'><strong>quindecim</strong></span> <span class='ocrx_word' id='word_1_201' title='bbox 1088 1923 1206 1960; x_wconf 87' lang='lat' dir='ltr'><strong>millia</strong></span> <span class='ocrx_word' id='word_1_202' title='bbox 1233 1923 1430 1975; x_wconf 81' lang='lat' dir='ltr'><strong>Hispano-</strong></span> 
     </span>
     <span class='ocr_line' id='line_1_29' title="bbox 312 1986 1427 2039; baseline 0.001 -15"><span class='ocrx_word' id='word_1_203' title='bbox 312 2001 394 2025; x_wconf 76' lang='lat' dir='ltr'><strong>rum</strong></span> <span class='ocrx_word' id='word_1_204' title='bbox 416 2001 461 2024; x_wconf 89' lang='lat' dir='ltr'><strong>eo</strong></span> <span class='ocrx_word' id='word_1_205' title='bbox 481 1987 617 2038; x_wconf 88' lang='lat' dir='ltr'><strong>proelio</strong></span> <span class='ocrx_word' id='word_1_206' title='bbox 638 1987 816 2023; x_wconf 86' lang='lat' dir='ltr'><strong>dicuutur</strong></span> <span class='ocrx_word' id='word_1_207' title='bbox 844 1999 955 2030; x_wconf 67' lang='lat' dir='ltr'><strong>caesa,</strong></span> <span class='ocrx_word' id='word_1_208' title='bbox 978 1987 1086 2036; x_wconf 87' lang='lat' dir='ltr'><strong>signa</strong></span> <span class='ocrx_word' id='word_1_209' title='bbox 1115 1986 1296 2024; x_wconf 87' lang='lat' dir='ltr'><strong>militaria</strong></span> <span class='ocrx_word' id='word_1_210' title='bbox 1317 1995 1427 2039; x_wconf 84' lang='lat' dir='ltr'><strong>capta</strong></span> 
     </span>
     <span class='ocr_line' id='line_1_30' title="bbox 310 2051 1427 2103; baseline 0 -13"><span class='ocrx_word' id='word_1_211' title='bbox 310 2060 402 2090; x_wconf 80' lang='lat' dir='ltr'><strong>octo</strong></span> <span class='ocrx_word' id='word_1_212' title='bbox 429 2059 466 2090; x_wconf 91' lang='lat' dir='ltr'><strong>et</strong></span> <span class='ocrx_word' id='word_1_213' title='bbox 493 2052 747 2103; x_wconf 85' lang='lat' dir='ltr'><strong>septuaginta.</strong></span> <span class='ocrx_word' id='word_1_214' title='bbox 806 2052 850 2089; x_wconf 84' lang='lat' dir='ltr'><strong>C.</strong></span> <span class='ocrx_word' id='word_1_215' title='bbox 870 2051 1048 2089; x_wconf 83' lang='lat' dir='ltr'><strong>Aurelius</strong></span> <span class='ocrx_word' id='word_1_216' title='bbox 1075 2052 1223 2096; x_wconf 84' lang='lat' dir='ltr'><strong>consul,</strong></span> <span class='ocrx_word' id='word_1_217' title='bbox 1245 2065 1361 2101; x_wconf 87' lang='lat' dir='ltr'><strong>quum</strong></span> <span class='ocrx_word' id='word_1_218' title='bbox 1381 2066 1427 2090; x_wconf 88' lang='lat' dir='ltr'><strong>ex</strong></span> 
     </span>
     <span class='ocr_line' id='line_1_31' title="bbox 310 2117 1428 2168; baseline 0.001 -14"><span class='ocrx_word' id='word_1_219' title='bbox 310 2118 508 2168; x_wconf 82' lang='lat' dir='ltr'><strong>provincia</strong></span> <span class='ocrx_word' id='word_1_220' title='bbox 536 2117 702 2155; x_wconf 88' lang='lat' dir='ltr'><strong>Romam</strong></span> <span class='ocrx_word' id='word_1_221' title='bbox 734 2117 977 2154; x_wconf 84' lang='lat' dir='ltr'><strong>comitiorum</strong></span> <span class='ocrx_word' id='word_1_222' title='bbox 997 2129 1131 2154; x_wconf 85' lang='lat' dir='ltr'><strong>caussa</strong></span> <span class='ocrx_word' id='word_1_223' title='bbox 1149 2118 1328 2161; x_wconf 87' lang='lat' dir='ltr'><strong>venisset,</strong></span> <span class='ocrx_word' id='word_1_224' title='bbox 1349 2130 1428 2155; x_wconf 86' lang='lat' dir='ltr'><strong>non</strong></span> 
     </span>
     <span class='ocr_line' id='line_1_32' title="bbox 310 2183 1428 2234; baseline 0.001 -15"><span class='ocrx_word' id='word_1_225' title='bbox 310 2183 363 2228; x_wconf 83' lang='lat' dir='ltr'><strong>id,</strong></span> <span class='ocrx_word' id='word_1_226' title='bbox 384 2183 486 2233; x_wconf 87' lang='lat' dir='ltr'><strong>quod</strong></span> <span class='ocrx_word' id='word_1_227' title='bbox 515 2183 650 2219; x_wconf 89' lang='lat' dir='ltr'><strong>animis</strong></span> <span class='ocrx_word' id='word_1_228' title='bbox 681 2188 954 2234; x_wconf 76' lang='lat' dir='ltr'><strong>praeceperant,</strong></span> <span class='ocrx_word' id='word_1_229' title='bbox 975 2190 1130 2232; x_wconf 87' lang='lat' dir='ltr'><strong>questus</strong></span> <span class='ocrx_word' id='word_1_230' title='bbox 1161 2189 1233 2227; x_wconf 85' lang='lat' dir='ltr'><strong>est,</strong></span> <span class='ocrx_word' id='word_1_231' title='bbox 1259 2183 1342 2219; x_wconf 82' lang='lat' dir='ltr'><strong>Non</strong></span> <span class='ocrx_word' id='word_1_232' title='bbox 1369 2196 1428 2220; x_wconf 76' lang='lat' dir='ltr'><strong>ex-</strong></span> 
     </span>
     <span class='ocr_line' id='line_1_33' title="bbox 307 2248 1431 2298; baseline 0.001 -13"><span class='ocrx_word' id='word_1_233' title='bbox 307 2253 507 2298; x_wconf 67' lang='lat' dir='ltr'><strong>spectatum</strong></span> <span class='ocrx_word' id='word_1_234' title='bbox 526 2260 563 2286; x_wconf 85' lang='lat' dir='ltr'><strong>se</strong></span> <span class='ocrx_word' id='word_1_235' title='bbox 580 2248 623 2285; x_wconf 84' lang='lat' dir='ltr'><strong>ab</strong></span> <span class='ocrx_word' id='word_1_236' title='bbox 641 2253 781 2293; x_wconf 79' lang='lat' dir='ltr'><strong>senatu,</strong></span> <span class='ocrx_word' id='word_1_237' title='bbox 801 2260 914 2298; x_wconf 77' lang='lat' dir='ltr'><strong>neque</strong></span> <span class='ocrx_word' id='word_1_238' title='bbox 932 2249 1157 2298; x_wconf 76' lang='lat' dir='ltr'><strong>disceptandi</strong></span> <span class='ocrx_word' id='word_1_239' title='bbox 1179 2260 1259 2285; x_wconf 83' lang='lat' dir='ltr'><strong>cum</strong></span> <span class='ocrx_word' id='word_1_240' title='bbox 1275 2254 1431 2297; x_wconf 80' lang='lat' dir='ltr'><strong>praetore</strong></span> 
     </span>
     <span class='ocr_line' id='line_1_34' title="bbox 309 2312 1428 2364; baseline 0.001 -14"><span class='ocrx_word' id='word_1_241' title='bbox 309 2315 448 2351; x_wconf 68' lang='lat' dir='ltr'><strong>consuli</strong></span> <span class='ocrx_word' id='word_1_242' title='bbox 463 2319 674 2363; x_wconf 75' lang='lat' dir='ltr'><strong>potestatem</strong></span> <span class='ocrx_word' id='word_1_243' title='bbox 684 2312 855 2364; x_wconf 80' lang='lat' dir='ltr'><strong>factam:</strong></span> <span class='ocrx_word' id='word_1_244' title='bbox 874 2314 938 2350; x_wconf 89' lang='lat' dir='ltr'><strong>sed</strong></span> <span class='ocrx_word' id='word_1_245' title='bbox 956 2315 1010 2351; x_wconf 73' lang='lat' dir='ltr'><strong>ita</strong></span> <span class='ocrx_word' id='word_1_246' title='bbox 1032 2313 1253 2362; x_wconf 76' lang='lat' dir='ltr'><strong>triumphum</strong></span> <span class='ocrx_word' id='word_1_247' title='bbox 1273 2314 1428 2351; x_wconf 80' lang='lat' dir='ltr'><strong>decresse</strong></span> 
     </span>
    </p>
   </div>
   <div class='ocr_carea' id='block_1_5' title="bbox 308 2377 1425 2428">
    <p class='ocr_par' dir='ltr' id='par_1_6' title="bbox 308 2377 1425 2428">
     <span class='ocr_line' id='line_1_35' title="bbox 308 2377 1425 2428; baseline 0 -13"><span class='ocrx_word' id='word_1_248' title='bbox 308 2383 484 2424; x_wconf 71' lang='lat' dir='ltr'><strong>senatum,</strong></span> <span class='ocrx_word' id='word_1_249' title='bbox 504 2384 546 2416; x_wconf 81' lang='lat' dir='ltr'><strong>ut</strong></span> <span class='ocrx_word' id='word_1_250' title='bbox 574 2380 721 2424; x_wconf 73' lang='lat' dir='ltr'><strong>nullius,</strong></span> <span class='ocrx_word' id='word_1_251' title='bbox 741 2380 812 2417; x_wconf 77' lang='lat' dir='ltr'><strong>nisi</strong></span> <span class='ocrx_word' id='word_1_252' title='bbox 833 2377 921 2426; x_wconf 76' lang='lat' dir='ltr'><strong>ejus,</strong></span> <span class='ocrx_word' id='word_1_253' title='bbox 942 2379 1002 2427; x_wconf 76' lang='lat' dir='ltr'><strong>qui</strong></span> <span class='ocrx_word' id='word_1_254' title='bbox 1023 2378 1310 2428; x_wconf 70' lang='lat' dir='ltr'><strong>triumphaturus</strong></span> <span class='ocrx_word' id='word_1_255' title='bbox 1327 2383 1425 2422; x_wconf 74' lang='lat' dir='ltr'><strong>esset,</strong></span> 
     </span>
    </p>
   </div>
  </div>
 </body>
</html>
