<?xml version="1.0" encoding="UTF-8"?>
<!DOCTYPE html PUBLIC "-//W3C//DTD XHTML 1.0 Transitional//EN"
    "http://www.w3.org/TR/xhtml1/DTD/xhtml1-transitional.dtd">
<html xmlns="http://www.w3.org/1999/xhtml" xml:lang="en" lang="en">
 <head>
  <title>
</title>
<meta http-equiv="Content-Type" content="text/html;charset=utf-8" />
  <meta name='ocr-system' content='tesseract 3.04.00' />
  <meta name='ocr-capabilities' content='ocr_page ocr_carea ocr_par ocr_line ocrx_word'/>
</head>
<body>
  <div class='ocr_page' id='page_1' title='image "./historiarumquaes03livyuoft/historiarumquaes03livyuoft_0179.png"; bbox 0 0 1507 2656; ppageno 0'>
   <div class='ocr_carea' id='block_1_1' title="bbox 335 189 1169 241">
    <p class='ocr_par' dir='ltr' id='par_1_1' title="bbox 335 189 1169 241">
     <span class='ocr_line' id='line_1_1' title="bbox 335 189 1169 241; baseline -0.008 -8"><span class='ocrx_word' id='word_1_1' title='bbox 335 204 488 233; x_wconf 68' lang='lat' dir='ltr'>mmm</span> <span class='ocrx_word' id='word_1_2' title='bbox 510 198 654 231; x_wconf 76' lang='lat' dir='ltr'>xxxx.</span> <span class='ocrx_word' id='word_1_3' title='bbox 687 202 792 230; x_wconf 61' lang='grc' dir='ltr'>σω).</span> <span class='ocrx_word' id='word_1_4' title='bbox 817 202 886 229; x_wconf 82' lang='lat' dir='ltr'>1x.</span> <span class='ocrx_word' id='word_1_5' title='bbox 1093 189 1169 241; x_wconf 71' lang='lat'>159</span> 
     </span>
    </p>
   </div>
   <div class='ocr_carea' id='block_1_2' title="bbox 0 287 1392 2328">
    <p class='ocr_par' dir='ltr' id='par_1_2' title="bbox 0 287 1392 2328">
     <span class='ocr_line' id='line_1_2' title="bbox 66 287 1365 338; baseline -0.003 -8"><span class='ocrx_word' id='word_1_6' title='bbox 66 295 171 330; x_wconf 68' lang='lat' dir='ltr'>tione</span> <span class='ocrx_word' id='word_1_7' title='bbox 191 293 396 330; x_wconf 81' lang='lat' dir='ltr'><strong>abstinuit:</strong></span> <span class='ocrx_word' id='word_1_8' title='bbox 429 305 497 328; x_wconf 90' lang='lat' dir='ltr'>nec</span> <span class='ocrx_word' id='word_1_9' title='bbox 517 290 591 326; x_wconf 87' lang='lat' dir='ltr'>alia</span> <span class='ocrx_word' id='word_1_10' title='bbox 616 289 729 326; x_wconf 83' lang='lat' dir='ltr'>modo</span> <span class='ocrx_word' id='word_1_11' title='bbox 752 288 895 338; x_wconf 83' lang='lat' dir='ltr'>templa</span> <span class='ocrx_word' id='word_1_12' title='bbox 925 287 1078 330; x_wconf 82' lang='lat' dir='ltr'>violata,</span> <span class='ocrx_word' id='word_1_13' title='bbox 1106 287 1171 323; x_wconf 84' lang='lat' dir='ltr'>sed</span> <span class='ocrx_word' id='word_1_14' title='bbox 1185 300 1226 331; x_wconf 90' lang='lat' dir='ltr'>U.</span> <span class='ocrx_word' id='word_1_15' title='bbox 1240 299 1277 329; x_wconf 93' lang='lat' dir='ltr'>C.</span> <span class='ocrx_word' id='word_1_16' title='bbox 1294 306 1365 332; x_wconf 73' lang='lat'>⁵⁴7-</span> 
     </span>
     <span class='ocr_line' id='line_1_3' title="bbox 68 343 1358 410; baseline -0.003 -16"><span class='ocrx_word' id='word_1_17' title='bbox 68 358 302 410; x_wconf 83' lang='lat' dir='ltr'>I’roserpinae</span> <span class='ocrx_word' id='word_1_18' title='bbox 319 359 445 399; x_wconf 86' lang='lat' dir='ltr'>etiam,</span> <span class='ocrx_word' id='word_1_19' title='bbox 461 357 591 392; x_wconf 78' lang='lat' dir='ltr'>intacti</span> <span class='ocrx_word' id='word_1_20' title='bbox 609 356 712 391; x_wconf 88' lang='lat' dir='ltr'>omni</span> <span class='ocrx_word' id='word_1_21' title='bbox 725 361 850 396; x_wconf 79' lang='lat' dir='ltr'>aetate,</span> <span class='ocrx_word' id='word_1_22' title='bbox 865 354 1029 389; x_wconf 79' lang='lat' dir='ltr'>thesauri</span> <span class='ocrx_word' id='word_1_23' title='bbox 1045 370 1054 398; x_wconf 74' lang='lat'>5</span> <span class='ocrx_word' id='word_1_24' title='bbox 1075 367 1169 403; x_wconf 82' lang='lat' dir='ltr'>prae-</span> <span class='ocrx_word' id='word_1_25' title='bbox 1182 344 1222 374; x_wconf 80' lang='lat' dir='ltr'>A·</span> <span class='ocrx_word' id='word_1_26' title='bbox 1234 343 1271 373; x_wconf 80' lang='lat' dir='ltr'>C·</span> <span class='ocrx_word' id='word_1_27' title='bbox 1285 349 1358 373; x_wconf 69' lang='lat'>²⁰⁵·</span> 
     </span>
     <span class='ocr_line' id='line_1_4' title="bbox 67 418 1173 472; baseline -0.005 -13"><span class='ocrx_word' id='word_1_28' title='bbox 67 429 238 471; x_wconf 82' lang='lat' dir='ltr'>terquam</span> <span class='ocrx_word' id='word_1_29' title='bbox 257 422 357 472; x_wconf 89' lang='lat' dir='ltr'>quod</span> <span class='ocrx_word' id='word_1_30' title='bbox 376 435 398 457; x_wconf 89' lang='lat' dir='ltr'>a</span> <span class='ocrx_word' id='word_1_31' title='bbox 416 420 577 469; x_wconf 87' lang='lat' dir='ltr'>Pyrrho,</span> <span class='ocrx_word' id='word_1_32' title='bbox 599 420 660 468; x_wconf 84' lang='lat' dir='ltr'>qui</span> <span class='ocrx_word' id='word_1_33' title='bbox 682 432 767 454; x_wconf 86' lang='lat' dir='ltr'>cum</span> <span class='ocrx_word' id='word_1_34' title='bbox 786 431 926 466; x_wconf 78' lang='lat' dir='ltr'>niagno</span> <span class='ocrx_word' id='word_1_35' title='bbox 943 418 1092 466; x_wconf 86' lang='lat' dir='ltr'>piaculo</span> <span class='ocrx_word' id='word_1_36' title='bbox 1113 431 1173 454; x_wconf 83' lang='lat' dir='ltr'>sa-</span> 
     </span>
     <span class='ocr_line' id='line_1_5' title="bbox 69 481 1175 535; baseline -0.004 -13"><span class='ocrx_word' id='word_1_37' title='bbox 69 487 213 535; x_wconf 83' lang='lat' dir='ltr'>crilegii</span> <span class='ocrx_word' id='word_1_38' title='bbox 244 486 300 521; x_wconf 87' lang='lat' dir='ltr'>sui</span> <span class='ocrx_word' id='word_1_39' title='bbox 337 483 534 521; x_wconf 85' lang='lat' dir='ltr'>manubias</span> <span class='ocrx_word' id='word_1_40' title='bbox 565 482 708 525; x_wconf 86' lang='lat' dir='ltr'>retulit,</span> <span class='ocrx_word' id='word_1_41' title='bbox 748 481 901 532; x_wconf 79' lang='lat' dir='ltr'>spoliati</span> <span class='ocrx_word' id='word_1_42' title='bbox 938 481 1175 518; x_wconf 80' lang='lat' dir='ltr'>dicebantur.</span> 
     </span>
     <span class='ocr_line' id='line_1_6' title="bbox 69 544 1175 597; baseline -0.004 -12"><span class='ocrx_word' id='word_1_43' title='bbox 69 550 172 597; x_wconf 85' lang='lat' dir='ltr'>Ergo</span> <span class='ocrx_word' id='word_1_44' title='bbox 203 550 299 585; x_wconf 88' lang='lat' dir='ltr'>sicut</span> <span class='ocrx_word' id='word_1_45' title='bbox 328 554 416 584; x_wconf 83' lang='lat' dir='ltr'>ante</span> <span class='ocrx_word' id='word_1_46' title='bbox 444 547 557 595; x_wconf 79' lang='lat' dir='ltr'>regiae</span> <span class='ocrx_word' id='word_1_47' title='bbox 583 557 711 588; x_wconf 55' lang='grc' dir='ltr'>Πᾶνες,</span> <span class='ocrx_word' id='word_1_48' title='bbox 745 545 920 580; x_wconf 82' lang='lat' dir='ltr'>laceratae</span> <span class='ocrx_word' id='word_1_49' title='bbox 952 544 1175 593; x_wconf 81' lang='lat' dir='ltr'>naufragiis,</span> 
     </span>
     <span class='ocr_line' id='line_1_7' title="bbox 68 610 1177 660; baseline -0.004 -11"><span class='ocrx_word' id='word_1_50' title='bbox 68 612 161 649; x_wconf 86' lang='lat' dir='ltr'>nihil</span> <span class='ocrx_word' id='word_1_51' title='bbox 199 614 238 648; x_wconf 82' lang='lat' dir='ltr'>in</span> <span class='ocrx_word' id='word_1_52' title='bbox 274 619 413 648; x_wconf 84' lang='lat' dir='ltr'>terram</span> <span class='ocrx_word' id='word_1_53' title='bbox 451 611 602 659; x_wconf 81' lang='lat' dir='ltr'>integri,</span> <span class='ocrx_word' id='word_1_54' title='bbox 630 616 766 660; x_wconf 83' lang='lat' dir='ltr'>praeter</span> <span class='ocrx_word' id='word_1_55' title='bbox 803 622 947 645; x_wconf 86' lang='lat' dir='ltr'>sacram</span> <span class='ocrx_word' id='word_1_56' title='bbox 978 610 1177 659; x_wconf 77' lang='lat' dir='ltr'>pecuniam</span> 
     </span>
     <span class='ocr_line' id='line_1_8' title="bbox 68 674 1177 726; baseline -0.005 -12"><span class='ocrx_word' id='word_1_57' title='bbox 68 677 176 720; x_wconf 81' lang='lat' dir='ltr'>Deae,</span> <span class='ocrx_word' id='word_1_58' title='bbox 204 689 315 726; x_wconf 83' lang='lat' dir='ltr'>quam</span> <span class='ocrx_word' id='word_1_59' title='bbox 348 675 612 726; x_wconf 78' lang='lat' dir='ltr'>asportabant,</span> <span class='ocrx_word' id='word_1_60' title='bbox 648 674 887 719; x_wconf 79' lang='lat' dir='ltr'>extulerant5</span> <span class='ocrx_word' id='word_1_61' title='bbox 921 681 1002 710; x_wconf 90' lang='lat' dir='ltr'>tum</span> <span class='ocrx_word' id='word_1_62' title='bbox 1028 687 1177 723; x_wconf 82' lang='lat' dir='ltr'>quoque</span> 
     </span>
     <span class='ocr_line' id='line_1_9' title="bbox 71 738 1178 791; baseline -0.005 -13"><span class='ocrx_word' id='word_1_63' title='bbox 71 741 146 779; x_wconf 87' lang='lat' dir='ltr'>alio</span> <span class='ocrx_word' id='word_1_64' title='bbox 167 753 302 791; x_wconf 85' lang='lat' dir='ltr'>genere</span> <span class='ocrx_word' id='word_1_65' title='bbox 322 740 436 776; x_wconf 89' lang='lat' dir='ltr'>cladis</span> <span class='ocrx_word' id='word_1_66' title='bbox 458 740 588 776; x_wconf 86' lang='lat' dir='ltr'>eadem</span> <span class='ocrx_word' id='word_1_67' title='bbox 611 738 676 775; x_wconf 87' lang='lat' dir='ltr'>illa</span> <span class='ocrx_word' id='word_1_68' title='bbox 703 739 864 788; x_wconf 80' lang='lat' dir='ltr'>pecunia</span> <span class='ocrx_word' id='word_1_69' title='bbox 890 738 1064 774; x_wconf 85' lang='lat' dir='ltr'>omnibus</span> <span class='ocrx_word' id='word_1_70' title='bbox 1086 752 1178 774; x_wconf 84' lang='lat' dir='ltr'>con-</span> 
     </span>
     <span class='ocr_line' id='line_1_10' title="bbox 72 802 1177 853; baseline -0.005 -11"><span class='ocrx_word' id='word_1_71' title='bbox 72 807 182 842; x_wconf 83' lang='lat' dir='ltr'>tactis</span> <span class='ocrx_word' id='word_1_72' title='bbox 214 818 259 842; x_wconf 85' lang='lat' dir='ltr'>ea</span> <span class='ocrx_word' id='word_1_73' title='bbox 284 804 490 841; x_wconf 82' lang='lat' dir='ltr'>violatione</span> <span class='ocrx_word' id='word_1_74' title='bbox 522 803 651 853; x_wconf 87' lang='lat' dir='ltr'>templi</span> <span class='ocrx_word' id='word_1_75' title='bbox 683 803 850 839; x_wconf 80' lang='lat' dir='ltr'>furorem</span> <span class='ocrx_word' id='word_1_76' title='bbox 881 802 1038 852; x_wconf 85' lang='lat' dir='ltr'>objecit,</span> <span class='ocrx_word' id='word_1_77' title='bbox 1064 808 1177 851; x_wconf 86' lang='lat' dir='ltr'>atque</span> 
     </span>
     <span class='ocr_line' id='line_1_11' title="bbox 72 866 1180 911; baseline -0.005 -5"><span class='ocrx_word' id='word_1_78' title='bbox 72 872 171 906; x_wconf 86' lang='lat' dir='ltr'>inter</span> <span class='ocrx_word' id='word_1_79' title='bbox 189 883 228 906; x_wconf 87' lang='lat' dir='ltr'>se</span> <span class='ocrx_word' id='word_1_80' title='bbox 248 870 379 906; x_wconf 87' lang='lat' dir='ltr'>ducem</span> <span class='ocrx_word' id='word_1_81' title='bbox 406 869 445 904; x_wconf 90' lang='lat' dir='ltr'>in</span> <span class='ocrx_word' id='word_1_82' title='bbox 468 868 614 911; x_wconf 84' lang='lat' dir='ltr'>ducem,</span> <span class='ocrx_word' id='word_1_83' title='bbox 635 867 792 904; x_wconf 80' lang='lat' dir='ltr'>militem</span> <span class='ocrx_word' id='word_1_84' title='bbox 821 867 859 902; x_wconf 84' lang='lat' dir='ltr'>in</span> <span class='ocrx_word' id='word_1_85' title='bbox 889 866 1049 902; x_wconf 83' lang='lat' dir='ltr'>militem</span> <span class='ocrx_word' id='word_1_86' title='bbox 1075 867 1180 903; x_wconf 86' lang='lat' dir='ltr'>rabie</span> 
     </span>
     <span class='ocr_line' id='line_1_12' title="bbox 72 933 344 970; baseline 0 0"><span class='ocrx_word' id='word_1_87' title='bbox 72 933 202 970; x_wconf 84' lang='lat' dir='ltr'>hostili</span> <span class='ocrx_word' id='word_1_88' title='bbox 220 933 344 970; x_wconf 77' lang='lat' dir='ltr'>vertit.</span> 
     </span>
     <span class='ocr_line' id='line_1_13' title="bbox 125 994 1392 1046; baseline 0.001 -13"><span class='ocrx_word' id='word_1_89' title='bbox 125 997 199 1033; x_wconf 91' lang='lat' dir='ltr'>IX.</span> <span class='ocrx_word' id='word_1_90' title='bbox 229 997 391 1033; x_wconf 85' lang='lat' dir='ltr'>Summae</span> <span class='ocrx_word' id='word_1_91' title='bbox 411 997 464 1032; x_wconf 86' lang='lat' dir='ltr'>rei</span> <span class='ocrx_word' id='word_1_92' title='bbox 484 995 690 1032; x_wconf 87' lang='lat' dir='ltr'>Pleminius</span> <span class='ocrx_word' id='word_1_93' title='bbox 711 1001 891 1045; x_wconf 85' lang='lat' dir='ltr'>praecrat:</span> <span class='ocrx_word' id='word_1_94' title='bbox 913 994 1077 1031; x_wconf 86' lang='lat' dir='ltr'>militum</span> <span class='ocrx_word' id='word_1_95' title='bbox 1093 1009 1177 1046; x_wconf 83' lang='lat' dir='ltr'>pars</span> <span class='ocrx_word' id='word_1_96' title='bbox 1192 1004 1302 1042; x_wconf 74' lang='lat' dir='ltr'>Pugna</span> <span class='ocrx_word' id='word_1_97' title='bbox 1316 1004 1392 1034; x_wconf 66' lang='lat' dir='ltr'>{mei</span> 
     </span>
     <span class='ocr_line' id='line_1_14' title="bbox 68 1048 1368 1121; baseline -0.002 -23"><span class='ocrx_word' id='word_1_98' title='bbox 68 1062 141 1098; x_wconf 31' lang='lat' dir='ltr'>vzub</span> <span class='ocrx_word' id='word_1_99' title='bbox 163 1074 222 1104; x_wconf 89' lang='lat' dir='ltr'>eo,</span> <span class='ocrx_word' id='word_1_100' title='bbox 251 1074 361 1110; x_wconf 80' lang='lat' dir='ltr'>quam</span> <span class='ocrx_word' id='word_1_101' title='bbox 392 1062 472 1110; x_wconf 86' lang='lat' dir='ltr'>ipse</span> <span class='ocrx_word' id='word_1_102' title='bbox 501 1060 547 1096; x_wconf 90' lang='lat' dir='ltr'>ab</span> <span class='ocrx_word' id='word_1_103' title='bbox 570 1059 722 1107; x_wconf 76' lang='lat' dir='ltr'>Rhegio</span> <span class='ocrx_word' id='word_1_104' title='bbox 747 1059 970 1102; x_wconf 83' lang='lat' dir='ltr'>abduxerat,</span> <span class='ocrx_word' id='word_1_105' title='bbox 998 1072 1083 1109; x_wconf 81' lang='lat' dir='ltr'>pars</span> <span class='ocrx_word' id='word_1_106' title='bbox 1110 1060 1178 1096; x_wconf 84' lang='lat' dir='ltr'>sub</span> <span class='ocrx_word' id='word_1_107' title='bbox 1194 1048 1368 1121; x_wconf 35' lang='lat' dir='ltr'>&amp;3222OE</span> 
     </span>
     <span class='ocr_line' id='line_1_15' title="bbox 72 1123 1181 1174; baseline -0.002 -12"><span class='ocrx_word' id='word_1_108' title='bbox 72 1126 232 1163; x_wconf 87' lang='lat' dir='ltr'>tribunis</span> <span class='ocrx_word' id='word_1_109' title='bbox 253 1131 345 1161; x_wconf 87' lang='lat' dir='ltr'>erat.</span> <span class='ocrx_word' id='word_1_110' title='bbox 399 1123 531 1174; x_wconf 84' lang='lat' dir='ltr'>Rapto</span> <span class='ocrx_word' id='word_1_111' title='bbox 560 1123 698 1174; x_wconf 91' lang='lat' dir='ltr'>poculo</span> <span class='ocrx_word' id='word_1_112' title='bbox 722 1130 903 1172; x_wconf 83' lang='lat' dir='ltr'>argenteo</span> <span class='ocrx_word' id='word_1_113' title='bbox 927 1136 974 1160; x_wconf 80' lang='lat' dir='ltr'>ex</span> <span class='ocrx_word' id='word_1_114' title='bbox 1000 1124 1181 1174; x_wconf 77' lang='lat' dir='ltr'>oppidani</span> 
     </span>
     <span class='ocr_line' id='line_1_16' title="bbox 74 1188 1182 1237; baseline -0.003 -9"><span class='ocrx_word' id='word_1_115' title='bbox 74 1192 187 1228; x_wconf 87' lang='lat' dir='ltr'>domo</span> <span class='ocrx_word' id='word_1_116' title='bbox 214 1190 388 1226; x_wconf 88' lang='lat' dir='ltr'>Pleminii</span> <span class='ocrx_word' id='word_1_117' title='bbox 421 1188 527 1225; x_wconf 88' lang='lat' dir='ltr'>miles</span> <span class='ocrx_word' id='word_1_118' title='bbox 561 1188 725 1237; x_wconf 78' lang='lat' dir='ltr'>fugienS‚</span> <span class='ocrx_word' id='word_1_119' title='bbox 757 1188 999 1236; x_wconf 82' lang='lat' dir='ltr'>sequentibus</span> <span class='ocrx_word' id='word_1_120' title='bbox 1020 1202 1182 1237; x_wconf 89' lang='lat' dir='ltr'>quorum</span> 
     </span>
     <span class='ocr_line' id='line_1_17' title="bbox 75 1252 1182 1301; baseline -0.003 -9"><span class='ocrx_word' id='word_1_121' title='bbox 75 1262 169 1298; x_wconf 79' lang='lat' dir='ltr'>erat,</span> <span class='ocrx_word' id='word_1_122' title='bbox 190 1255 322 1292; x_wconf 87' lang='lat' dir='ltr'>obvius</span> <span class='ocrx_word' id='word_1_123' title='bbox 349 1254 449 1290; x_wconf 86' lang='lat' dir='ltr'>forte</span> <span class='ocrx_word' id='word_1_124' title='bbox 480 1254 613 1301; x_wconf 87' lang='lat' dir='ltr'>Sergio</span> <span class='ocrx_word' id='word_1_125' title='bbox 641 1259 679 1288; x_wconf 92' lang='lat' dir='ltr'>et</span> <span class='ocrx_word' id='word_1_126' title='bbox 703 1252 879 1288; x_wconf 84' lang='lat' dir='ltr'>Matieno</span> <span class='ocrx_word' id='word_1_127' title='bbox 899 1252 1061 1289; x_wconf 90' lang='lat' dir='ltr'>tribunis</span> <span class='ocrx_word' id='word_1_128' title='bbox 1084 1253 1182 1289; x_wconf 80' lang='lat' dir='ltr'>inili-</span> 
     </span>
     <span class='ocr_line' id='line_1_18' title="bbox 2 1316 1183 1367; baseline -0.002 -11"><span class='ocrx_word' id='word_1_129' title='bbox 2 1325 3 1355; x_wconf 59' lang='lat' dir='ltr'>l</span> <span class='ocrx_word' id='word_1_130' title='bbox 74 1327 157 1356; x_wconf 80' lang='lat' dir='ltr'>tum</span> <span class='ocrx_word' id='word_1_131' title='bbox 188 1319 279 1355; x_wconf 87' lang='lat' dir='ltr'>fuit:</span> <span class='ocrx_word' id='word_1_132' title='bbox 330 1319 390 1354; x_wconf 86' lang='lat' dir='ltr'>cui</span> <span class='ocrx_word' id='word_1_133' title='bbox 426 1330 541 1367; x_wconf 87' lang='lat' dir='ltr'>quum</span> <span class='ocrx_word' id='word_1_134' title='bbox 570 1316 682 1367; x_wconf 86' lang='lat' dir='ltr'>jussu</span> <span class='ocrx_word' id='word_1_135' title='bbox 714 1317 954 1353; x_wconf 82' lang='lat' dir='ltr'>tribunorum</span> <span class='ocrx_word' id='word_1_136' title='bbox 992 1318 1183 1355; x_wconf 84' lang='lat' dir='ltr'>ademtum</span> 
     </span>
     <span class='ocr_line' id='line_1_19' title="bbox 0 1371 1182 1435; baseline 0 -16"><span class='ocrx_word' id='word_1_137' title='bbox 0 1371 4 1391; x_wconf 32' lang='grc' dir='ltr'>’Ξ</span> <span class='ocrx_word' id='word_1_138' title='bbox 76 1384 255 1435; x_wconf 84' lang='lat' dir='ltr'>poculum</span> <span class='ocrx_word' id='word_1_139' title='bbox 275 1388 386 1425; x_wconf 81' lang='lat' dir='ltr'>esset,</span> <span class='ocrx_word' id='word_1_140' title='bbox 400 1381 572 1432; x_wconf 84' lang='lat' dir='ltr'>jurgium</span> <span class='ocrx_word' id='word_1_141' title='bbox 596 1381 684 1417; x_wconf 90' lang='lat' dir='ltr'>inde</span> <span class='ocrx_word' id='word_1_142' title='bbox 711 1388 748 1417; x_wconf 82' lang='lat' dir='ltr'>et</span> <span class='ocrx_word' id='word_1_143' title='bbox 769 1381 926 1426; x_wconf 78' lang='lat' dir='ltr'>clamor,</span> <span class='ocrx_word' id='word_1_144' title='bbox 946 1395 1074 1431; x_wconf 81' lang='lat' dir='ltr'>pugna</span> <span class='ocrx_word' id='word_1_145' title='bbox 1093 1396 1182 1432; x_wconf 90' lang='lat' dir='ltr'>pos-</span> 
     </span>
     <span class='ocr_line' id='line_1_20' title="bbox 77 1445 1179 1495; baseline -0.001 -11"><span class='ocrx_word' id='word_1_146' title='bbox 77 1458 199 1484; x_wconf 63' lang='lat' dir='ltr'>tremo</span> <span class='ocrx_word' id='word_1_147' title='bbox 219 1454 304 1483; x_wconf 85' lang='lat' dir='ltr'>orta</span> <span class='ocrx_word' id='word_1_148' title='bbox 329 1448 427 1483; x_wconf 88' lang='lat' dir='ltr'>inter</span> <span class='ocrx_word' id='word_1_149' title='bbox 456 1446 633 1482; x_wconf 84' lang='lat' dir='ltr'>Pleminii</span> <span class='ocrx_word' id='word_1_150' title='bbox 662 1445 813 1489; x_wconf 78' lang='lat' dir='ltr'>milites,</span> <span class='ocrx_word' id='word_1_151' title='bbox 844 1446 1179 1495; x_wconf 80' lang='lat' dir='ltr'>tribunorumque5</span> 
     </span>
     <span class='ocr_line' id='line_1_21' title="bbox 78 1510 1184 1560; baseline -0.001 -12"><span class='ocrx_word' id='word_1_152' title='bbox 78 1520 121 1548; x_wconf 85' lang='lat' dir='ltr'>ut</span> <span class='ocrx_word' id='word_1_153' title='bbox 150 1514 224 1548; x_wconf 73' lang='lat' dir='ltr'>suis</span> <span class='ocrx_word' id='word_1_154' title='bbox 249 1513 405 1560; x_wconf 79' lang='lat' dir='ltr'>quisque</span> <span class='ocrx_word' id='word_1_155' title='bbox 426 1516 671 1560; x_wconf 60' lang='lat' dir='ltr'>¹oppurtunus</span> <span class='ocrx_word' id='word_1_156' title='bbox 698 1510 914 1554; x_wconf 79' lang='lat' dir='ltr'>advenerat,</span> <span class='ocrx_word' id='word_1_157' title='bbox 942 1511 1184 1547; x_wconf 82' lang='lat' dir='ltr'>multitudine</span> 
     </span>
     <span class='ocr_line' id='line_1_22' title="bbox 79 1573 1183 1612; baseline -0.001 0"><span class='ocrx_word' id='word_1_158' title='bbox 79 1575 188 1612; x_wconf 81' lang='lat' dir='ltr'>simul</span> <span class='ocrx_word' id='word_1_159' title='bbox 211 1588 254 1612; x_wconf 84' lang='lat' dir='ltr'>ac</span> <span class='ocrx_word' id='word_1_160' title='bbox 279 1574 443 1610; x_wconf 81' lang='lat' dir='ltr'>tumultu</span> <span class='ocrx_word' id='word_1_161' title='bbox 464 1580 670 1610; x_wconf 87' lang='lat' dir='ltr'>crescente.</span> <span class='ocrx_word' id='word_1_162' title='bbox 726 1574 829 1610; x_wconf 65' lang='lat' dir='ltr'>Victi</span> <span class='ocrx_word' id='word_1_163' title='bbox 849 1573 1025 1610; x_wconf 84' lang='lat' dir='ltr'>Pleminii</span> <span class='ocrx_word' id='word_1_164' title='bbox 1045 1574 1183 1611; x_wconf 85' lang='lat' dir='ltr'>milites</span> 
     </span>
     <span class='ocr_line' id='line_1_23' title="bbox 78 1638 1179 1689; baseline -0.001 -13"><span class='ocrx_word' id='word_1_165' title='bbox 78 1653 192 1689; x_wconf 86' lang='lat' dir='ltr'>quum</span> <span class='ocrx_word' id='word_1_166' title='bbox 213 1640 260 1676; x_wconf 88' lang='lat' dir='ltr'>ad</span> <span class='ocrx_word' id='word_1_167' title='bbox 277 1639 518 1682; x_wconf 87' lang='lat' dir='ltr'>Pleminium,</span> <span class='ocrx_word' id='word_1_168' title='bbox 539 1651 712 1675; x_wconf 90' lang='lat' dir='ltr'>cruorem</span> <span class='ocrx_word' id='word_1_169' title='bbox 735 1651 778 1674; x_wconf 83' lang='lat' dir='ltr'>ac</span> <span class='ocrx_word' id='word_1_170' title='bbox 806 1638 959 1674; x_wconf 83' lang='lat' dir='ltr'>vulnera</span> <span class='ocrx_word' id='word_1_171' title='bbox 986 1646 1179 1675; x_wconf 83' lang='lat' dir='ltr'>ostentan-</span> 
     </span>
     <span class='ocr_line' id='line_1_24' title="bbox 78 1703 1183 1751; baseline 0 -11"><span class='ocrx_word' id='word_1_172' title='bbox 78 1710 149 1747; x_wconf 87' lang='lat' dir='ltr'>tes,</span> <span class='ocrx_word' id='word_1_173' title='bbox 168 1716 247 1740; x_wconf 89' lang='lat' dir='ltr'>non</span> <span class='ocrx_word' id='word_1_174' title='bbox 267 1704 347 1739; x_wconf 87' lang='lat' dir='ltr'>sine</span> <span class='ocrx_word' id='word_1_175' title='bbox 367 1703 638 1739; x_wconf 88' lang='lat' dir='ltr'>vociferatione</span> <span class='ocrx_word' id='word_1_176' title='bbox 664 1710 776 1751; x_wconf 86' lang='lat' dir='ltr'>atque</span> <span class='ocrx_word' id='word_1_177' title='bbox 806 1703 1068 1751; x_wconf 82' lang='lat' dir='ltr'>indignatione</span> <span class='ocrx_word' id='word_1_178' title='bbox 1091 1717 1183 1740; x_wconf 86' lang='lat' dir='ltr'>con-</span> 
     </span>
     <span class='ocr_line' id='line_1_25' title="bbox 80 1764 1184 1817; baseline -0.001 -13"><span class='ocrx_word' id='word_1_179' title='bbox 80 1768 298 1809; x_wconf 77' lang='lat' dir='ltr'>currissent,</span> <span class='ocrx_word' id='word_1_180' title='bbox 326 1766 466 1816; x_wconf 84' lang='lat' dir='ltr'>probra</span> <span class='ocrx_word' id='word_1_181' title='bbox 496 1768 533 1802; x_wconf 90' lang='lat' dir='ltr'>in</span> <span class='ocrx_word' id='word_1_182' title='bbox 565 1778 650 1802; x_wconf 87' lang='lat' dir='ltr'>eum</span> <span class='ocrx_word' id='word_1_183' title='bbox 680 1766 802 1816; x_wconf 87' lang='lat' dir='ltr'>ipsum</span> <span class='ocrx_word' id='word_1_184' title='bbox 824 1764 974 1816; x_wconf 84' lang='lat' dir='ltr'>jactata</span> <span class='ocrx_word' id='word_1_185' title='bbox 992 1767 1030 1802; x_wconf 91' lang='lat' dir='ltr'>in</span> <span class='ocrx_word' id='word_1_186' title='bbox 1046 1766 1184 1817; x_wconf 86' lang='lat' dir='ltr'>jurgiis</span> 
     </span>
     <span class='ocr_line' id='line_1_26' title="bbox 79 1830 1186 1880; baseline 0.001 -13"><span class='ocrx_word' id='word_1_187' title='bbox 79 1831 307 1875; x_wconf 76' lang='lat' dir='ltr'>referente85</span> <span class='ocrx_word' id='word_1_188' title='bbox 340 1843 518 1867; x_wconf 88' lang='lat' dir='ltr'>accensus</span> <span class='ocrx_word' id='word_1_189' title='bbox 539 1831 594 1867; x_wconf 88' lang='lat' dir='ltr'>ira</span> <span class='ocrx_word' id='word_1_190' title='bbox 612 1830 726 1866; x_wconf 91' lang='lat' dir='ltr'>domo</span> <span class='ocrx_word' id='word_1_191' title='bbox 747 1843 826 1866; x_wconf 87' lang='lat' dir='ltr'>sese</span> <span class='ocrx_word' id='word_1_192' title='bbox 851 1831 1052 1880; x_wconf 73' lang='lat' dir='ltr'>proripuit,</span> <span class='ocrx_word' id='word_1_193' title='bbox 1073 1845 1186 1868; x_wconf 50' lang='lat' dir='ltr'>voca-¹</span> 
     </span>
     <span class='ocr_line' id='line_1_27' title="bbox 79 1893 1185 1945; baseline 0.002 -14"><span class='ocrx_word' id='word_1_194' title='bbox 79 1901 214 1943; x_wconf 73' lang='lat' dir='ltr'>tosque</span> <span class='ocrx_word' id='word_1_195' title='bbox 245 1893 418 1930; x_wconf 86' lang='lat' dir='ltr'>tribunos</span> <span class='ocrx_word' id='word_1_196' title='bbox 451 1894 599 1937; x_wconf 87' lang='lat' dir='ltr'>nudari,</span> <span class='ocrx_word' id='word_1_197' title='bbox 633 1906 676 1931; x_wconf 91' lang='lat' dir='ltr'>ac</span> <span class='ocrx_word' id='word_1_198' title='bbox 706 1893 829 1943; x_wconf 83' lang='lat' dir='ltr'>virgas</span> <span class='ocrx_word' id='word_1_199' title='bbox 863 1895 1030 1944; x_wconf 77' lang='lat' dir='ltr'>expediri</span> <span class='ocrx_word' id='word_1_200' title='bbox 1060 1894 1185 1945; x_wconf 86' lang='lat' dir='ltr'>jubet.</span> 
     </span>
     <span class='ocr_line' id='line_1_28' title="bbox 79 1957 1186 2009; baseline 0.003 -16"><span class='ocrx_word' id='word_1_201' title='bbox 79 1958 181 1994; x_wconf 88' lang='lat' dir='ltr'>Dum</span> <span class='ocrx_word' id='word_1_202' title='bbox 202 1957 407 2008; x_wconf 80' lang='lat' dir='ltr'>spoliandis</span> <span class='ocrx_word' id='word_1_203' title='bbox 433 1958 478 1993; x_wconf 85' lang='lat' dir='ltr'>iis</span> <span class='ocrx_word' id='word_1_204' title='bbox 508 1958 791 2007; x_wconf 80' lang='lat' dir='ltr'>(repugnabant</span> <span class='ocrx_word' id='word_1_205' title='bbox 817 1959 932 2001; x_wconf 87' lang='lat' dir='ltr'>enim,</span> <span class='ocrx_word' id='word_1_206' title='bbox 953 1959 1186 2009; x_wconf 85' lang='lat' dir='ltr'>militemque</span> 
     </span>
     <span class='ocr_line' id='line_1_29' title="bbox 80 2020 1186 2072; baseline 0.002 -14"><span class='ocrx_word' id='word_1_207' title='bbox 80 2021 339 2072; x_wconf 86' lang='lat' dir='ltr'>inplorabant)</span> <span class='ocrx_word' id='word_1_208' title='bbox 368 2028 514 2071; x_wconf 71' lang='lat' dir='ltr'>tempus</span> <span class='ocrx_word' id='word_1_209' title='bbox 542 2023 689 2064; x_wconf 82' lang='lat' dir='ltr'>teritur,</span> <span class='ocrx_word' id='word_1_210' title='bbox 713 2020 876 2072; x_wconf 57' lang='lat' dir='ltr'>:repente</span> <span class='ocrx_word' id='word_1_211' title='bbox 903 2022 1055 2066; x_wconf 84' lang='lat' dir='ltr'>milites,</span> <span class='ocrx_word' id='word_1_212' title='bbox 1086 2024 1186 2060; x_wconf 80' lang='lat' dir='ltr'>sero-</span> 
     </span>
     <span class='ocr_line' id='line_1_30' title="bbox 82 2085 1187 2129; baseline 0.003 -9"><span class='ocrx_word' id='word_1_213' title='bbox 82 2097 142 2120; x_wconf 79' lang='lat' dir='ltr'>ces</span> <span class='ocrx_word' id='word_1_214' title='bbox 162 2085 304 2120; x_wconf 88' lang='lat' dir='ltr'>recenti</span> <span class='ocrx_word' id='word_1_215' title='bbox 324 2085 495 2127; x_wconf 77' lang='lat' dir='ltr'>victoria,</span> <span class='ocrx_word' id='word_1_216' title='bbox 506 2097 556 2120; x_wconf 83' lang='lat' dir='ltr'>ex</span> <span class='ocrx_word' id='word_1_217' title='bbox 574 2085 751 2121; x_wconf 87' lang='lat' dir='ltr'>omnibus</span> <span class='ocrx_word' id='word_1_218' title='bbox 772 2085 879 2129; x_wconf 88' lang='lat' dir='ltr'>locis,</span> <span class='ocrx_word' id='word_1_219' title='bbox 897 2086 996 2122; x_wconf 84' lang='lat' dir='ltr'>velut</span> <span class='ocrx_word' id='word_1_220' title='bbox 1012 2087 1187 2123; x_wconf 74' lang='lat' dir='ltr'>adversus</span> 
     </span>
     <span class='ocr_line' id='line_1_31' title="bbox 81 2148 1186 2192; baseline 0.001 -8"><span class='ocrx_word' id='word_1_221' title='bbox 81 2149 210 2184; x_wconf 88' lang='lat' dir='ltr'>hostes</span> <span class='ocrx_word' id='word_1_222' title='bbox 244 2148 288 2183; x_wconf 88' lang='lat' dir='ltr'>ad</span> <span class='ocrx_word' id='word_1_223' title='bbox 319 2160 423 2184; x_wconf 89' lang='lat' dir='ltr'>arma</span> <span class='ocrx_word' id='word_1_224' title='bbox 452 2148 730 2184; x_wconf 85' lang='lat' dir='ltr'>conclamatum</span> <span class='ocrx_word' id='word_1_225' title='bbox 753 2155 865 2192; x_wconf 81' lang='lat' dir='ltr'>esset,</span> <span class='ocrx_word' id='word_1_226' title='bbox 896 2157 1186 2187; x_wconf 86' lang='lat' dir='ltr'>concurrerunt:</span> 
     </span>
     <span class='ocr_line' id='line_1_32' title="bbox 83 2210 1191 2262; baseline 0.003 -15"><span class='ocrx_word' id='word_1_227' title='bbox 83 2218 136 2254; x_wconf 85' lang='lat' dir='ltr'>et,</span> <span class='ocrx_word' id='word_1_228' title='bbox 157 2223 272 2259; x_wconf 85' lang='lat' dir='ltr'>quum</span> <span class='ocrx_word' id='word_1_229' title='bbox 294 2210 434 2247; x_wconf 83' lang='lat' dir='ltr'>violata</span> <span class='ocrx_word' id='word_1_230' title='bbox 456 2211 539 2261; x_wconf 85' lang='lat' dir='ltr'>jam</span> <span class='ocrx_word' id='word_1_231' title='bbox 559 2212 673 2260; x_wconf 87' lang='lat' dir='ltr'>virgis</span> <span class='ocrx_word' id='word_1_232' title='bbox 695 2224 855 2262; x_wconf 82' lang='lat' dir='ltr'>corpora</span> <span class='ocrx_word' id='word_1_233' title='bbox 874 2212 1115 2249; x_wconf 80' lang='lat' dir='ltr'>tribunorum</span> <span class='ocrx_word' id='word_1_234' title='bbox 1135 2216 1191 2251; x_wconf 88' lang='lat' dir='ltr'>vi-</span> 
     </span>
     <span class='ocr_line' id='line_1_33' title="bbox 86 2276 1192 2328; baseline 0.004 -16"><span class='ocrx_word' id='word_1_235' title='bbox 86 2276 243 2318; x_wconf 84' lang='lat' dir='ltr'>dissent,</span> <span class='ocrx_word' id='word_1_236' title='bbox 263 2282 342 2311; x_wconf 81' lang='lat' dir='ltr'>tum</span> <span class='ocrx_word' id='word_1_237' title='bbox 362 2289 450 2312; x_wconf 83' lang='lat' dir='ltr'>vero</span> <span class='ocrx_word' id='word_1_238' title='bbox 470 2277 509 2312; x_wconf 91' lang='lat' dir='ltr'>in</span> <span class='ocrx_word' id='word_1_239' title='bbox 529 2277 650 2313; x_wconf 86' lang='lat' dir='ltr'>multo</span> <span class='ocrx_word' id='word_1_240' title='bbox 667 2277 965 2328; x_wconf 82' lang='lat' dir='ltr'>inpotentiorem</span> <span class='ocrx_word' id='word_1_241' title='bbox 987 2279 1113 2316; x_wconf 83' lang='lat' dir='ltr'>subito</span> <span class='ocrx_word' id='word_1_242' title='bbox 1134 2293 1192 2316; x_wconf 83' lang='lat' dir='ltr'>ra·</span> 
     </span>
    </p>
   </div>
   <div class='ocr_carea' id='block_1_3' title="bbox 88 2339 1193 2440">
    <p class='ocr_par' dir='ltr' id='par_1_3' title="bbox 88 2339 1193 2440">
     <span class='ocr_line' id='line_1_34' title="bbox 88 2339 1193 2392; baseline 0.005 -17"><span class='ocrx_word' id='word_1_243' title='bbox 88 2339 187 2376; x_wconf 83' lang='lat' dir='ltr'>biem</span> <span class='ocrx_word' id='word_1_244' title='bbox 211 2339 372 2383; x_wconf 79' lang='lat' dir='ltr'>accensi,</span> <span class='ocrx_word' id='word_1_245' title='bbox 397 2340 477 2376; x_wconf 86' lang='lat' dir='ltr'>sine</span> <span class='ocrx_word' id='word_1_246' title='bbox 506 2346 693 2390; x_wconf 83' lang='lat' dir='ltr'>respectu,</span> <span class='ocrx_word' id='word_1_247' title='bbox 721 2354 800 2378; x_wconf 89' lang='lat' dir='ltr'>non</span> <span class='ocrx_word' id='word_1_248' title='bbox 826 2340 1035 2392; x_wconf 80' lang='lat' dir='ltr'>majestatis</span> <span class='ocrx_word' id='word_1_249' title='bbox 1065 2344 1193 2385; x_wconf 81' lang='lat' dir='ltr'>modo,</span> 
     </span>
     <span class='ocr_line' id='line_1_35' title="bbox 141 2401 627 2440; baseline 0.006 -3"><span class='ocrx_word' id='word_1_250' title='bbox 141 2401 177 2437; x_wconf 83' lang='lat' dir='ltr'><strong>V</strong></span> <span class='ocrx_word' id='word_1_251' title='bbox 181 2414 243 2438; x_wconf 67' lang='grc' dir='ltr'>οι.</span> <span class='ocrx_word' id='word_1_252' title='bbox 273 2401 348 2438; x_wconf 90' lang='lat' dir='ltr'><strong>III.</strong></span> <span class='ocrx_word' id='word_1_253' title='bbox 607 2404 627 2440; x_wconf 94' lang='lat' dir='ltr'>I</span> 
     </span>
    </p>
   </div>
   <div class='ocr_carea' id='block_1_4' title="bbox 0 1410 48 2656">
    <p class='ocr_par' dir='ltr' id='par_1_4' title="bbox 0 1410 48 2656">
     <span class='ocr_line' id='line_1_36' title="bbox 0 1410 48 2656; baseline 0 0"><span class='ocrx_word' id='word_1_254' title='bbox 0 1410 48 2656; x_wconf 95' lang='lat' dir='ltr'> </span> 
     </span>
    </p>
   </div>
  </div>
 </body>
</html>
