1523 2666
277 196 361 252 256
735 205 781 235 Τ.
805 204 938 235 L1v11

77 302 168 333 U.C.
186 310 260 334 550.
274 300 343 335 mis
366 295 573 341 montibuS,
594 296 632 333 in
654 309 757 347 spem
777 297 946 333 victoriae
967 301 1219 333 ostentantur.
1274 296 1388 334 Mau-

75 348 116 377 Α·
134 346 169 377 C·
186 353 334 399 202'ros
364 362 626 410 Numidasque
654 361 869 397 Masinissae
895 361 1086 411 inpotenti
1114 360 1243 396 futuro
1270 361 1389 397 domi-

270 435 364 466 natu
397 434 524 465 terret.
581 427 678 463 Aliis
712 426 795 462 aliae
825 439 908 476 spes
946 439 990 462 ac
1027 433 1148 462 metus
1179 425 1389 475 jactantur.

268 493 658 542 Karthaginiensibus
689 492 831 527 moenia
860 491 1007 540 patriae,
1028 490 1095 526 Dii
1124 491 1302 536 Penates,
1330 503 1389 526 se-

268 558 401 609 pulcra
433 556 635 607 majorum,
670 556 779 592 liberi
814 568 900 591 cum
937 555 1173 605 parentibus,
1207 555 1388 605 conjuges

268 622 428 674 pavidae,
464 628 530 658 aut
558 621 747 658 excidium
780 620 1062 668 servitiumque,
1095 625 1161 655 aut
1191 620 1389 669 imperium

269 686 371 723 orbis
402 692 602 727 terrarum,
633 684 728 721 nihil
761 690 827 719 aut
859 684 898 719 in
928 690 1084 725 metum,
1119 689 1184 718 aut
1214 683 1252 718 in
1283 696 1388 732 spem

266 751 435 788 medium
454 756 679 786 ostentatur.
737 749 867 788 Quum
890 748 1053 783 maxime
1082 748 1162 782 haec
1182 747 1389 796 imperator

267 814 367 865 apud
388 814 745 862 Karthaginienses,
767 813 879 849 duces
908 823 1060 847 suarum
1089 810 1259 858 gentium
1288 810 1387 845 inter

266 879 483 929 populares,
517 878 686 928 plerique
719 890 784 926 per
817 877 1041 925 interpretes
1074 875 1172 910 inter
1206 875 1385 909 inmixtos

267 941 505 990 alienigenis,
543 946 712 989 agerent,
744 940 845 976 tubae
876 951 1091 987 cornuaque
1121 937 1168 974 ab
1199 937 1385 973 Romanis

267 1006 508 1042 cecinerunt:
542 1011 746 1054 tantusque
766 1003 908 1039 clamor
928 1009 1047 1045 ortus,
1070 1008 1111 1037 ut
1134 1001 1325 1051 elephanti
1344 1001 1385 1036 in

267 1082 369 1112 suos,
401 1069 555 1105 sinistro
589 1069 751 1104 maxime
783 1080 915 1109 cornu,
944 1071 1193 1107 verterentur,
1224 1065 1383 1101 Mauros

266 1146 310 1169 ac
329 1132 529 1169 Numidas.
573 1131 731 1167 Addidit
751 1130 863 1167 facile
882 1130 1088 1166 Masinissa
1106 1128 1286 1179 perculsis
1305 1136 1381 1164 ter-

265 1209 403 1239 rorem,
425 1196 655 1243 nudavitque
675 1194 721 1230 ab
744 1207 787 1230 ea
806 1201 913 1243 parte
945 1194 1061 1230 aciem
1083 1193 1246 1241 equestri
1275 1192 1382 1228 auxi-

264 1260 329 1296 lio.
386 1260 522 1295 Paucae
542 1265 668 1294 tamen
700 1258 920 1300 bestiarum,
941 1257 1137 1307 intrepidae
1168 1257 1204 1291 in
1234 1256 1383 1291 hostem

263 1332 373 1368 actae,
394 1325 494 1359 inter
514 1323 668 1358 velitum
686 1322 834 1357 ordines
856 1335 941 1357 cum
970 1321 1098 1357 multis
1121 1322 1196 1357 suis
1216 1320 1380 1355 vulneri-

264 1389 334 1425 bus
355 1389 548 1437 ingentem
568 1394 734 1436 stragem
753 1386 940 1422 edebant:
970 1385 1178 1422 resilientes
1207 1385 1306 1420 enim
1335 1384 1382 1420 ad

263 1453 477 1503 manipulos
508 1453 654 1495 velites,
677 1465 791 1501 quum
821 1452 921 1487 viam
950 1450 1174 1500 elephantis,
1195 1463 1242 1486 ne
1272 1449 1380 1485 obte-

264 1525 449 1561 rerentur,
471 1518 672 1562 fecissent,
706 1517 745 1552 in
774 1516 957 1566 ancipites
988 1516 1034 1550 ad
1057 1516 1173 1550 ictum
1194 1515 1380 1562 utrimque

264 1582 521 1632 conjiciebant
540 1583 691 1627 hastas;
725 1594 793 1617 nec
814 1581 890 1630 pila
908 1581 955 1616 ab
979 1580 1236 1627 antesignanis
1257 1591 1380 1614 cessa-

263 1647 384 1692 bant,
424 1647 544 1682 donce
575 1646 739 1694 undique
771 1644 1024 1680 incidentibus
1058 1643 1144 1678 telis
1178 1643 1301 1678 exacti
1332 1654 1378 1678 ex

264 1710 444 1747 Romana
463 1711 557 1753 acie,
578 1710 618 1745 hi
638 1721 788 1758 quoque
817 1709 855 1744 in
886 1721 954 1743 suo
976 1708 1108 1743 dextro
1130 1719 1248 1742 cornu
1275 1707 1377 1755 ipsos

263 1775 646 1824 Karthaginiensium
668 1774 811 1822 equites
833 1774 869 1808 in
890 1775 1020 1821 fugam
1040 1778 1244 1808 verterunt.
1291 1770 1378 1807 Lae-

261 1839 348 1881 lius,
372 1846 412 1875 ut
431 1838 603 1874 turbatos
625 1837 719 1874 vidit
744 1838 889 1880 hostes,
916 1837 1019 1872 addit
1046 1835 1225 1886 perculsis
1256 1842 1376 1871 terro-

259 1916 350 1939 rein.

313 1966 509 2003 XXXIV.
542 1966 744 2014 Utrimque
779 1966 904 2014 equite
937 1965 1080 2000 nudata
1117 1970 1196 1999 erat
1233 1963 1378 1999 Punica

260 2033 372 2075 acies,
404 2044 519 2080 quum
548 2031 659 2081 pedes
686 2031 890 2072 concurrit,
922 2043 992 2065 nec
1022 2042 1100 2078 spe,
1132 2042 1201 2064 nec
1236 2028 1374 2063 viribus

252 2096 333 2148 jam
354 2109 443 2146 par:
477 2096 630 2139 adhoc,
652 2096 753 2131 (lictu
783 2108 911 2145 parva,
937 2096 1001 2131 scd
1031 2094 1157 2142 magni
1178 2094 1308 2128 endem
1336 2094 1376 2129 in

258 2174 299 2197 re
319 2160 483 2209 gerenda
502 2160 684 2196 momenti
706 2173 777 2202 res,
799 2173 1009 2209 congruens
1031 2159 1172 2194 clamor
1192 2171 1213 2194 a
1230 2158 1373 2193 Roma-
1510 2159 1513 2219 ἒ

258 2226 331 2268 nis,
368 2238 487 2275 eoque
520 2225 642 2275 major
677 2232 713 2261 et
751 2225 979 2271 terribilior,
1012 2225 1174 2260 dissona:
1207 2222 1294 2265 illis,
1332 2230 1373 2258 ut
1505 2221 1514 2305 Ἰ

258 2290 430 2338 gentium
465 2291 666 2326 multarum
705 2291 1003 2340 discrepantibus
1047 2289 1199 2338 linguis,
1237 2300 1372 2323 voces:
1508 2279 1510 2282 ,

258 2366 387 2404 pugna
406 2354 583 2392 Romana
604 2354 763 2400 stabilis,
785 2362 821 2391 et
840 2368 909 2391 suo
936 2362 973 2391 ct
992 2366 1182 2392 armorum
1204 2352 1372 2403 pondere
