1523 2666
318 166 398 207 168
781 178 827 206 T.
857 177 987 206 mvn

123 277 164 308 U.
177 275 214 306 C.
231 284 302 315 ⁵47·
317 269 362 304 ad
383 268 566 304 ducentos
583 267 815 317 inprovidOS,
833 281 947 316 quum
964 269 1202 312 invasissent,
1223 270 1420 306 occidunt:

122 322 163 351 A·
176 318 212 349 C·
231 329 304 353 2⁰⁵·
317 340 462 369 ceteros
483 332 693 374 Hannibal,
714 339 757 368 ut
777 332 969 369 consulem
989 333 1118 368 adesse
1138 334 1269 376 sensit,
1286 334 1326 369 in
1342 346 1423 370 cas-

316 403 376 432 tra
403 397 556 446 recipit3
589 397 804 445 nuncioque
834 397 949 432 misso
980 397 1027 432 ad
1057 409 1135 439 eos,
1168 398 1230 445 qui
1266 398 1306 433 in
1338 410 1424 434 arce

316 468 438 503 erant,
462 466 502 496 ut
522 460 674 496 sibimet
702 461 773 510 ipsi
800 460 1054 503 consulerent,
1075 468 1188 496 nocte
1207 462 1321 497 motis
1342 474 1424 498 cas-

314 525 382 559 tris
404 524 510 559 abiit.
566 523 619 558 Et
638 524 702 572 qui
728 523 767 558 in
794 536 880 559 arce
899 529 1019 566 erant,
1040 524 1118 572 igni
1138 523 1280 573 injecto
1298 525 1424 568 tectis,

315 585 398 637 quae
417 587 615 629 tenebant,
633 592 675 622 ut
693 588 724 622 is
744 587 928 623 tumultus
943 587 1092 624 hostem
1111 595 1336 632 moraretur,
1358 601 1425 638 ag-

315 665 401 688 men
422 664 576 687 suorum
595 651 695 700 fugae
714 651 827 688 simili
848 664 958 688 cursu
977 659 1066 688 ante
1084 659 1237 689 noctem
1255 653 1425 690 adsecuti

312 723 414 753 sunt.

366 779 479 815 VIII.
510 780 652 830 Scipio,
673 786 716 815 ut
735 786 773 815 et
793 792 913 816 arcem
935 780 1106 816 relictam
1125 781 1171 816 ab
1191 780 1364 816 hostibus
1385 787 1424 817 et

312 856 431 880 vacua
449 844 541 879 vidit
561 849 696 885 castra,
718 850 872 879 vocatos
893 844 938 880 ad
957 846 1182 881 concionem
1209 844 1421 880 Locrenses

313 908 478 955 graviter
513 906 561 942 ob
593 906 845 943 defectionem
879 908 1083 945 incusavit:
1130 910 1175 945 de
1204 909 1421 945 auctoribus

311 970 539 1021 supplicium
555 972 702 1014 sumsit,
724 971 901 1022 bonaque
921 986 1052 1009 eorum
1072 973 1224 1009 alterius
1243 973 1421 1009 factionis

309 1036 558 1085 principibus,
586 1036 635 1072 ob
665 1038 855 1084 egregiam
875 1037 986 1073 fidem
1013 1038 1187 1073 adversus
1208 1037 1424 1081 Romanos,

310 1100 509 1135 concessit.
567 1100 714 1135 Publice
732 1112 794 1135 nec
817 1101 917 1143 (lare,
938 1114 1002 1137 nec
1020 1103 1155 1149 eripere
1172 1113 1209 1137 se
1227 1102 1423 1149 quidquam

310 1164 556 1206 Locrensibus,
588 1164 697 1206 dixit,
729 1165 883 1200 Romam
911 1168 1092 1202 mitterent
1122 1167 1280 1213 legatos:
1313 1178 1423 1213 quam

307 1234 450 1264 senatus
469 1241 604 1276 ‹equum
627 1231 825 1272 censuisset,
845 1242 922 1266 eam
933 1231 1127 1279 fortunam
1145 1231 1336 1266 habituros.
1367 1231 1422 1265 Ic-

309 1293 372 1329 lud
402 1295 490 1329 satis
519 1295 618 1335 scire,
655 1296 720 1329 etsi
748 1295 844 1329 male
877 1296 920 1330 (le
942 1297 1076 1343 populo
1105 1295 1270 1330 Romano
1304 1296 1421 1330 meriti

307 1362 433 1399 essent,
470 1358 504 1392 in
537 1358 682 1392 meliore
710 1362 807 1393 stata
834 1358 895 1393 sub
924 1360 1028 1393 iratis
1061 1358 1234 1393 Romanis
1250 1358 1417 1406 futuros,

308 1434 412 1469 quam
433 1422 493 1457 sub
512 1423 637 1457 amicis
666 1422 1025 1469 Karthaginiensibus
1033 1422 1190 1471 fuerint.
1246 1422 1347 1472 Ipse,
1367 1423 1417 1461 Q.

308 1484 495 1520 Pleminio
511 1484 638 1532 legato
655 1486 916 1534 praesidioque‚
934 1486 1034 1534 quod
1048 1499 1170 1521 arcein
1188 1493 1352 1535 ceperat,
1370 1486 1416 1522 ad

307 1549 484 1584 tuendam
517 1549 646 1584 urbem
673 1549 820 1591 relicto,
843 1563 928 1585 cum
953 1549 1087 1598 quibus
1111 1557 1262 1585 venerat
1282 1550 1416 1599 copiis,

111 1622 289 1653 Pleminius
305 1612 523 1649 BIessanam
544 1612 704 1662 trajecit.
762 1614 822 1649 Ita
842 1613 1001 1662 superbe
1018 1621 1055 1649 et
1075 1613 1274 1649 crudeliter
1294 1614 1414 1650 habiti

110 1666 294 1739 {irrisefcriige-
306 1678 516 1714 Locrenses
551 1678 597 1714 ab
627 1678 1016 1726 Karthaginiensibus
1051 1686 1138 1728 post
1164 1679 1413 1714 defectionem

110 1751 180 1780 liter
195 1762 227 1782 se
240 1763 292 1792 gc-
306 1742 352 1778 ab
373 1741 558 1777 Romanis
578 1741 743 1784 fuerant,
765 1751 806 1777 ut
832 1741 997 1778 modicas
1018 1741 1174 1791 injurias
1205 1755 1281 1777 non
1306 1756 1414 1791 asquo

112 1795 162 1824 ‘it'
303 1807 416 1842 modo
434 1807 561 1842 animo
577 1807 670 1855 pati,
689 1807 751 1842 sed
774 1819 891 1856 prope
910 1806 1055 1842 lubenti
1080 1814 1253 1855 possent:
1286 1819 1414 1842 verum

303 1872 495 1906 enimvero
529 1878 678 1906 tantum
716 1871 922 1906 Pleminius
957 1870 1214 1906 Hamilcarem
1249 1871 1412 1920 praesidii

302 1935 537 1985 praefectum,
559 1941 707 1970 tantum
729 1935 949 1984 praesidiarii
976 1935 1112 1970 milites
1141 1935 1303 1970 Romani
1326 1935 1411 1971 Ροε-

301 2012 370 2035 nos
391 2000 530 2035 scelere
550 2007 662 2048 atque
683 2000 840 2034 avaritia
866 2006 1150 2049 superaverunt,
1180 2005 1222 2034 ut
1248 2012 1324 2034 non
1352 2012 1412 2035 ar*

300 2064 385 2106 mis,
408 2064 470 2099 sed
492 2064 590 2098 vitiis
613 2063 800 2098 videretur
821 2064 978 2098 certari:
1011 2063 1108 2098 nihil
1124 2063 1308 2105 oxnnium,
1330 2077 1413 2112 quse

300 2128 404 2176 inopi
427 2128 564 2163 invisas
582 2140 672 2176 opes
691 2128 918 2176 potentioris
937 2127 1095 2169 faciunt,
1119 2129 1412 2176 praetermissum

299 2193 338 2227 in
358 2192 568 2241 oppidanos
585 2199 642 2227 est
659 2192 704 2227 ab
723 2192 831 2234 duce,
850 2199 914 2227 aut
931 2205 952 2227 a
967 2192 1147 2227 militibus
1165 2206 1171 2226 :
1196 2192 1234 2226 iu
1251 2205 1411 2241 corpora
1448 2218 1453 2222 -

299 2256 482 2305 ipsorum,
503 2257 542 2291 in
562 2256 716 2298 liberos,
738 2257 777 2291 in
794 2254 975 2305 conjuges
990 2255 1152 2291 infandae
1171 2255 1409 2292 contumeliae

106 2310 182 2347 Ejus
199 2319 270 2341 ΠΗ·
299 2322 421 2360 editae.
478 2322 581 2360 Nam
612 2324 770 2360 avaritia
803 2336 850 2360 ue
884 2335 1073 2359 sacrorum
1095 2323 1243 2372 quidem
1267 2322 1406 2372 spolia-

105 2355 186 2383 titia.
