<?xml version="1.0" encoding="UTF-8"?>
<!DOCTYPE html PUBLIC "-//W3C//DTD XHTML 1.0 Transitional//EN"
    "http://www.w3.org/TR/xhtml1/DTD/xhtml1-transitional.dtd">
<html xmlns="http://www.w3.org/1999/xhtml" xml:lang="en" lang="en">
 <head>
  <title>
</title>
<meta http-equiv="Content-Type" content="text/html;charset=utf-8" />
  <meta name='ocr-system' content='tesseract 3.04.00' />
  <meta name='ocr-capabilities' content='ocr_page ocr_carea ocr_par ocr_line ocrx_word'/>
</head>
<body>
  <div class='ocr_page' id='page_1' title='image "./historiarumquaes03livyuoft/historiarumquaes03livyuoft_0284.png"; bbox 0 0 1523 2666; ppageno 0'>
   <div class='ocr_carea' id='block_1_1' title="bbox 135 891 316 968">
    <p class='ocr_par' dir='ltr' id='par_1_1' title="bbox 135 891 316 968">
     <span class='ocr_line' id='line_1_1' title="bbox 135 891 315 924; baseline 0.022 -5"><span class='ocrx_word' id='word_1_1' title='bbox 135 891 224 921; x_wconf 51' lang='lat' dir='ltr'>lkC.</span> <span class='ocrx_word' id='word_1_2' title='bbox 243 899 315 924; x_wconf 73' lang='lat'>551·</span> 
     </span>
     <span class='ocr_line' id='line_1_2' title="bbox 138 936 316 968; baseline 0.017 -5"><span class='ocrx_word' id='word_1_3' title='bbox 138 937 173 963; x_wconf 82' lang='grc' dir='ltr'>Α.</span> <span class='ocrx_word' id='word_1_4' title='bbox 188 936 223 964; x_wconf 83' lang='lat' dir='ltr'>C.</span> <span class='ocrx_word' id='word_1_5' title='bbox 242 943 316 968; x_wconf 75' lang='lat'>201.</span> 
     </span>
    </p>
   </div>
   <div class='ocr_carea' id='block_1_2' title="bbox 148 2239 297 2313">
    <p class='ocr_par' dir='ltr' id='par_1_2' title="bbox 148 2239 297 2313">
     <span class='ocr_line' id='line_1_3' title="bbox 148 2239 272 2270; baseline 0 -1"><span class='ocrx_word' id='word_1_6' title='bbox 148 2239 272 2270; x_wconf 50' lang='lat' dir='ltr'>&amp;dium</span> 
     </span>
     <span class='ocr_line' id='line_1_4' title="bbox 149 2284 297 2313; baseline 0.007 -1"><span class='ocrx_word' id='word_1_7' title='bbox 149 2284 297 2313; x_wconf 56' lang='lat' dir='ltr'>«Muc&#39;edo-</span> 
     </span>
    </p>
   </div>
   <div class='ocr_carea' id='block_1_3' title="bbox 148 2336 271 2357">
    <p class='ocr_par' dir='ltr' id='par_1_3' title="bbox 148 2336 271 2357">
     <span class='ocr_line' id='line_1_5' title="bbox 148 2336 271 2357; baseline 0.024 -3"><span class='ocrx_word' id='word_1_8' title='bbox 148 2336 271 2357; x_wconf 49' lang='lat' dir='ltr'>mium.</span> 
     </span>
    </p>
   </div>
   <div class='ocr_carea' id='block_1_4' title="bbox 493 452 1279 509">
    <p class='ocr_par' dir='ltr' id='par_1_4' title="bbox 493 452 1279 509">
     <span class='ocr_line' id='line_1_6' title="bbox 493 452 1279 509; baseline 0.008 -6"><span class='ocrx_word' id='word_1_9' title='bbox 493 453 557 504; x_wconf 90' lang='lat' dir='ltr'>T.</span> <span class='ocrx_word' id='word_1_10' title='bbox 598 452 810 505; x_wconf 80' lang='lat' dir='ltr'>LIVII</span> <span class='ocrx_word' id='word_1_11' title='bbox 861 454 1279 509; x_wconf 84' lang='lat' dir='ltr'>PATAVINI</span> 
     </span>
    </p>
   </div>
   <div class='ocr_carea' id='block_1_5' title="bbox 699 596 1093 637">
    <p class='ocr_par' dir='ltr' id='par_1_5' title="bbox 699 596 1093 637">
     <span class='ocr_line' id='line_1_7' title="bbox 699 596 1093 637; baseline 0.01 -4"><span class='ocrx_word' id='word_1_12' title='bbox 699 596 895 634; x_wconf 87' lang='lat' dir='ltr'>LIBER</span> <span class='ocrx_word' id='word_1_13' title='bbox 931 598 1093 637; x_wconf 86' lang='lat' dir='ltr'>XXXI.</span> 
     </span>
    </p>
   </div>
   <div class='ocr_carea' id='block_1_6' title="bbox 745 760 1041 778">
    <p class='ocr_par' dir='ltr' id='par_1_6' title="bbox 745 760 1041 778">
     <span class='ocr_line' id='line_1_8' title="bbox 745 760 1041 778; baseline 0 1888"><span class='ocrx_word' id='word_1_14' title='bbox 745 760 1041 778; x_wconf 95' lang='lat' dir='ltr'> </span> 
     </span>
    </p>
   </div>
   <div class='ocr_carea' id='block_1_7' title="bbox 326 890 1451 2428">
    <p class='ocr_par' dir='ltr' id='par_1_7' title="bbox 453 890 1444 942">
     <span class='ocr_line' id='line_1_9' title="bbox 453 890 1444 942; baseline 0.005 -14"><span class='ocrx_word' id='word_1_15' title='bbox 453 891 489 929; x_wconf 85' lang='lat' dir='ltr'>E</span> <span class='ocrx_word' id='word_1_16' title='bbox 518 890 806 941; x_wconf 82' lang='lat' dir='ltr'>quoquejuvat,</span> <span class='ocrx_word' id='word_1_17' title='bbox 826 891 930 928; x_wconf 84' lang='lat' dir='ltr'>velut</span> <span class='ocrx_word' id='word_1_18' title='bbox 948 892 1029 942; x_wconf 87' lang='lat' dir='ltr'>ipse</span> <span class='ocrx_word' id='word_1_19' title='bbox 1051 892 1091 928; x_wconf 86' lang='lat' dir='ltr'>in</span> <span class='ocrx_word' id='word_1_20' title='bbox 1110 899 1218 942; x_wconf 85' lang='lat' dir='ltr'>parte</span> <span class='ocrx_word' id='word_1_21' title='bbox 1239 893 1380 932; x_wconf 85' lang='lat' dir='ltr'>laboris</span> <span class='ocrx_word' id='word_1_22' title='bbox 1400 908 1444 933; x_wconf 87' lang='lat' dir='ltr'>ac</span> 
     </span>
    </p>

    <p class='ocr_par' dir='ltr' id='par_1_8' title="bbox 326 955 1451 2428">
     <span class='ocr_line' id='line_1_10' title="bbox 481 955 1445 1010; baseline 0.004 -18"><span class='ocrx_word' id='word_1_23' title='bbox 481 956 638 1007; x_wconf 85' lang='lat' dir='ltr'>periculi</span> <span class='ocrx_word' id='word_1_24' title='bbox 658 956 808 1000; x_wconf 79' lang='lat' dir='ltr'>fuerim,</span> <span class='ocrx_word' id='word_1_25' title='bbox 829 956 875 993; x_wconf 77' lang='lat' dir='ltr'>ad</span> <span class='ocrx_word' id='word_1_26' title='bbox 895 956 1009 993; x_wconf 90' lang='lat' dir='ltr'>finem</span> <span class='ocrx_word' id='word_1_27' title='bbox 1036 955 1126 993; x_wconf 87' lang='lat' dir='ltr'>belli</span> <span class='ocrx_word' id='word_1_28' title='bbox 1147 957 1283 995; x_wconf 87' lang='lat' dir='ltr'>Punici</span> <span class='ocrx_word' id='word_1_29' title='bbox 1312 972 1445 1010; x_wconf 86' lang='lat' dir='ltr'><strong>perve-</strong></span> 
     </span>
     <span class='ocr_line' id='line_1_11' title="bbox 329 1021 1444 1073; baseline 0.004 -16"><span class='ocrx_word' id='word_1_30' title='bbox 329 1021 452 1058; x_wconf 81' lang='lat' dir='ltr'><strong>nisse:</strong></span> <span class='ocrx_word' id='word_1_31' title='bbox 485 1035 574 1058; x_wconf 85' lang='lat' dir='ltr'>nam</span> <span class='ocrx_word' id='word_1_32' title='bbox 594 1022 664 1058; x_wconf 84' lang='lat' dir='ltr'>etsi</span> <span class='ocrx_word' id='word_1_33' title='bbox 693 1022 862 1072; x_wconf 83' lang='lat' dir='ltr'>profiteri</span> <span class='ocrx_word' id='word_1_34' title='bbox 891 1034 1036 1065; x_wconf 83' lang='lat' dir='ltr'>ausum,</span> <span class='ocrx_word' id='word_1_35' title='bbox 1061 1022 1358 1073; x_wconf 80' lang='lat' dir='ltr'>perscripturum</span> <span class='ocrx_word' id='word_1_36' title='bbox 1385 1037 1444 1061; x_wconf 89' lang='lat' dir='ltr'>res</span> 
     </span>
     <span class='ocr_line' id='line_1_12' title="bbox 327 1085 1444 1139; baseline 0.004 -17"><span class='ocrx_word' id='word_1_37' title='bbox 327 1098 460 1122; x_wconf 84' lang='lat' dir='ltr'>omnes</span> <span class='ocrx_word' id='word_1_38' title='bbox 490 1085 700 1130; x_wconf 81' lang='lat' dir='ltr'>Romanas,</span> <span class='ocrx_word' id='word_1_39' title='bbox 734 1087 773 1122; x_wconf 85' lang='lat' dir='ltr'>in</span> <span class='ocrx_word' id='word_1_40' title='bbox 806 1086 976 1136; x_wconf 82' lang='lat' dir='ltr'>partibus</span> <span class='ocrx_word' id='word_1_41' title='bbox 1004 1086 1160 1136; x_wconf 80' lang='lat' dir='ltr'>singulis</span> <span class='ocrx_word' id='word_1_42' title='bbox 1191 1088 1290 1124; x_wconf 85' lang='lat' dir='ltr'>tanti</span> <span class='ocrx_word' id='word_1_43' title='bbox 1320 1090 1444 1139; x_wconf 89' lang='lat' dir='ltr'>operis</span> 
     </span>
     <span class='ocr_line' id='line_1_13' title="bbox 326 1150 1444 1200; baseline 0.003 -14"><span class='ocrx_word' id='word_1_44' title='bbox 326 1150 481 1199; x_wconf 81' lang='lat' dir='ltr'>fatigari</span> <span class='ocrx_word' id='word_1_45' title='bbox 510 1151 664 1187; x_wconf 86' lang='lat' dir='ltr'>minime</span> <span class='ocrx_word' id='word_1_46' title='bbox 695 1151 920 1196; x_wconf 74' lang='lat' dir='ltr'>conveniat3</span> <span class='ocrx_word' id='word_1_47' title='bbox 951 1157 1094 1195; x_wconf 79' lang='lat' dir='ltr'>tamen,</span> <span class='ocrx_word' id='word_1_48' title='bbox 1123 1164 1238 1200; x_wconf 89' lang='lat' dir='ltr'>quum</span> <span class='ocrx_word' id='word_1_49' title='bbox 1267 1153 1307 1188; x_wconf 87' lang='lat' dir='ltr'>in</span> <span class='ocrx_word' id='word_1_50' title='bbox 1336 1165 1444 1190; x_wconf 87' lang='lat' dir='ltr'>men-</span> 
     </span>
     <span class='ocr_line' id='line_1_14' title="bbox 327 1216 1444 1264; baseline 0.004 -14"><span class='ocrx_word' id='word_1_51' title='bbox 327 1222 404 1251; x_wconf 84' lang='lat' dir='ltr'>tem</span> <span class='ocrx_word' id='word_1_52' title='bbox 424 1216 541 1259; x_wconf 74' lang='lat' dir='ltr'>venit,</span> <span class='ocrx_word' id='word_1_53' title='bbox 562 1222 636 1251; x_wconf 86' lang='lat' dir='ltr'>tres</span> <span class='ocrx_word' id='word_1_54' title='bbox 658 1221 696 1251; x_wconf 86' lang='lat' dir='ltr'>et</span> <span class='ocrx_word' id='word_1_55' title='bbox 725 1216 923 1264; x_wconf 72' lang='lat' dir='ltr'>sexaginta</span> <span class='ocrx_word' id='word_1_56' title='bbox 945 1228 1064 1252; x_wconf 81' lang='lat' dir='ltr'>annos</span> <span class='ocrx_word' id='word_1_57' title='bbox 1088 1217 1165 1263; x_wconf 76' lang='lat' dir='ltr'>(tot</span> <span class='ocrx_word' id='word_1_58' title='bbox 1185 1217 1286 1253; x_wconf 88' lang='lat' dir='ltr'>enim</span> <span class='ocrx_word' id='word_1_59' title='bbox 1314 1223 1403 1253; x_wconf 88' lang='lat' dir='ltr'>sunt</span> <span class='ocrx_word' id='word_1_60' title='bbox 1421 1231 1444 1253; x_wconf 91' lang='lat' dir='ltr'>a</span> 
     </span>
     <span class='ocr_line' id='line_1_15' title="bbox 328 1279 1445 1331; baseline 0.003 -16"><span class='ocrx_word' id='word_1_61' title='bbox 328 1281 450 1329; x_wconf 87' lang='lat' dir='ltr'>primo</span> <span class='ocrx_word' id='word_1_62' title='bbox 483 1280 630 1316; x_wconf 83' lang='lat' dir='ltr'>Punico</span> <span class='ocrx_word' id='word_1_63' title='bbox 661 1280 707 1316; x_wconf 84' lang='lat' dir='ltr'>ad</span> <span class='ocrx_word' id='word_1_64' title='bbox 734 1280 937 1316; x_wconf 77' lang='lat' dir='ltr'>secundum</span> <span class='ocrx_word' id='word_1_65' title='bbox 968 1279 1111 1316; x_wconf 75' lang='lat' dir='ltr'>bellum</span> <span class='ocrx_word' id='word_1_66' title='bbox 1140 1280 1306 1328; x_wconf 77' lang='lat' dir='ltr'>finitum)</span> <span class='ocrx_word' id='word_1_67' title='bbox 1340 1295 1445 1331; x_wconf 86' lang='lat' dir='ltr'>aeque</span> 
     </span>
     <span class='ocr_line' id='line_1_16' title="bbox 329 1344 1445 1396; baseline 0.002 -16"><span class='ocrx_word' id='word_1_68' title='bbox 329 1344 449 1380; x_wconf 85' lang='lat' dir='ltr'>multa</span> <span class='ocrx_word' id='word_1_69' title='bbox 475 1344 669 1381; x_wconf 81' lang='lat' dir='ltr'>volumina</span> <span class='ocrx_word' id='word_1_70' title='bbox 702 1357 905 1395; x_wconf 78' lang='lat' dir='ltr'>occupasse</span> <span class='ocrx_word' id='word_1_71' title='bbox 937 1345 1045 1389; x_wconf 86' lang='lat' dir='ltr'>mihi,</span> <span class='ocrx_word' id='word_1_72' title='bbox 1080 1358 1192 1395; x_wconf 86' lang='lat' dir='ltr'>quam</span> <span class='ocrx_word' id='word_1_73' title='bbox 1223 1346 1445 1396; x_wconf 83' lang='lat' dir='ltr'>occuparint</span> 
     </span>
     <span class='ocr_line' id='line_1_17' title="bbox 327 1409 1447 1458; baseline 0.003 -14"><span class='ocrx_word' id='word_1_74' title='bbox 327 1409 595 1458; x_wconf 83' lang='lat' dir='ltr'>quadringenti</span> <span class='ocrx_word' id='word_1_75' title='bbox 616 1409 814 1458; x_wconf 84' lang='lat' dir='ltr'>octoginta</span> <span class='ocrx_word' id='word_1_76' title='bbox 833 1416 922 1445; x_wconf 90' lang='lat' dir='ltr'>octo</span> <span class='ocrx_word' id='word_1_77' title='bbox 942 1409 1030 1446; x_wconf 86' lang='lat' dir='ltr'>anni</span> <span class='ocrx_word' id='word_1_78' title='bbox 1061 1422 1082 1445; x_wconf 86' lang='lat' dir='ltr'>a</span> <span class='ocrx_word' id='word_1_79' title='bbox 1102 1409 1259 1446; x_wconf 86' lang='lat' dir='ltr'>condita</span> <span class='ocrx_word' id='word_1_80' title='bbox 1277 1409 1370 1446; x_wconf 88' lang='lat' dir='ltr'>urbe</span> <span class='ocrx_word' id='word_1_81' title='bbox 1399 1410 1447 1447; x_wconf 87' lang='lat' dir='ltr'>ad</span> 
     </span>
     <span class='ocr_line' id='line_1_18' title="bbox 330 1474 1442 1527; baseline 0.002 -16"><span class='ocrx_word' id='word_1_82' title='bbox 330 1476 401 1524; x_wconf 80' lang='lat' dir='ltr'>Ap.</span> <span class='ocrx_word' id='word_1_83' title='bbox 423 1474 624 1512; x_wconf 86' lang='lat' dir='ltr'>Claudium</span> <span class='ocrx_word' id='word_1_84' title='bbox 640 1475 848 1519; x_wconf 85' lang='lat' dir='ltr'>consulem,</span> <span class='ocrx_word' id='word_1_85' title='bbox 869 1476 933 1525; x_wconf 88' lang='lat' dir='ltr'>qui</span> <span class='ocrx_word' id='word_1_86' title='bbox 951 1476 1093 1527; x_wconf 87' lang='lat' dir='ltr'>primus</span> <span class='ocrx_word' id='word_1_87' title='bbox 1113 1475 1254 1512; x_wconf 84' lang='lat' dir='ltr'>bellum</span> <span class='ocrx_word' id='word_1_88' title='bbox 1272 1475 1442 1513; x_wconf 83' lang='lat' dir='ltr'>Kartha-</span> 
     </span>
     <span class='ocr_line' id='line_1_19' title="bbox 330 1539 1444 1590; baseline 0.002 -16"><span class='ocrx_word' id='word_1_89' title='bbox 330 1539 563 1588; x_wconf 76' lang='lat' dir='ltr'>giniensibus</span> <span class='ocrx_word' id='word_1_90' title='bbox 594 1540 745 1586; x_wconf 77' lang='lat' dir='ltr'>intulit3</span> <span class='ocrx_word' id='word_1_91' title='bbox 771 1539 855 1590; x_wconf 85' lang='lat' dir='ltr'>jam</span> <span class='ocrx_word' id='word_1_92' title='bbox 883 1540 1065 1590; x_wconf 85' lang='lat' dir='ltr'>provideo</span> <span class='ocrx_word' id='word_1_93' title='bbox 1085 1540 1227 1583; x_wconf 82' lang='lat' dir='ltr'>animo,</span> <span class='ocrx_word' id='word_1_94' title='bbox 1248 1540 1352 1576; x_wconf 79' lang='lat' dir='ltr'>velut</span> <span class='ocrx_word' id='word_1_95' title='bbox 1379 1540 1444 1590; x_wconf 92' lang='lat' dir='ltr'>qui</span> 
     </span>
     <span class='ocr_line' id='line_1_20' title="bbox 330 1602 1444 1654; baseline 0.002 -16"><span class='ocrx_word' id='word_1_96' title='bbox 330 1603 510 1652; x_wconf 75' lang='lat' dir='ltr'><strong>proximis</strong></span> <span class='ocrx_word' id='word_1_97' title='bbox 539 1602 643 1639; x_wconf 84' lang='lat' dir='ltr'>litori</span> <span class='ocrx_word' id='word_1_98' title='bbox 672 1603 775 1640; x_wconf 78' lang='lat' dir='ltr'>vadis</span> <span class='ocrx_word' id='word_1_99' title='bbox 809 1604 954 1640; x_wconf 86' lang='lat' dir='ltr'>inducti</span> <span class='ocrx_word' id='word_1_100' title='bbox 987 1616 1089 1640; x_wconf 84' lang='lat' dir='ltr'>mare</span> <span class='ocrx_word' id='word_1_101' title='bbox 1125 1603 1283 1654; x_wconf 79' lang='lat' dir='ltr'>pedibus</span> <span class='ocrx_word' id='word_1_102' title='bbox 1317 1604 1444 1652; x_wconf 86' lang='lat' dir='ltr'>ingre-</span> 
     </span>
     <span class='ocr_line' id='line_1_21' title="bbox 331 1667 1445 1718; baseline 0.003 -17"><span class='ocrx_word' id='word_1_103' title='bbox 331 1667 497 1709; x_wconf 71' lang='lat' dir='ltr'>diuntur,</span> <span class='ocrx_word' id='word_1_104' title='bbox 519 1667 699 1716; x_wconf 83' lang='lat' dir='ltr'>quidquid</span> <span class='ocrx_word' id='word_1_105' title='bbox 719 1668 954 1718; x_wconf 80' lang='lat' dir='ltr'>progredior,</span> <span class='ocrx_word' id='word_1_106' title='bbox 978 1668 1017 1703; x_wconf 89' lang='lat' dir='ltr'>in</span> <span class='ocrx_word' id='word_1_107' title='bbox 1036 1668 1240 1704; x_wconf 77' lang='lat' dir='ltr'>vastiorem</span> <span class='ocrx_word' id='word_1_108' title='bbox 1269 1680 1330 1704; x_wconf 85' lang='lat' dir='ltr'>me</span> <span class='ocrx_word' id='word_1_109' title='bbox 1358 1667 1445 1704; x_wconf 87' lang='lat' dir='ltr'>alti-</span> 
     </span>
     <span class='ocr_line' id='line_1_22' title="bbox 333 1730 1447 1782; baseline 0.002 -16"><span class='ocrx_word' id='word_1_110' title='bbox 333 1731 515 1773; x_wconf 76' lang='lat' dir='ltr'>tudinem,</span> <span class='ocrx_word' id='word_1_111' title='bbox 550 1744 593 1767; x_wconf 81' lang='lat' dir='ltr'>ac</span> <span class='ocrx_word' id='word_1_112' title='bbox 626 1730 728 1767; x_wconf 75' lang='lat' dir='ltr'>velut</span> <span class='ocrx_word' id='word_1_113' title='bbox 764 1731 993 1782; x_wconf 85' lang='lat' dir='ltr'>profundum</span> <span class='ocrx_word' id='word_1_114' title='bbox 1029 1732 1171 1775; x_wconf 86' lang='lat' dir='ltr'>invehi,</span> <span class='ocrx_word' id='word_1_115' title='bbox 1206 1737 1244 1767; x_wconf 90' lang='lat' dir='ltr'>et</span> <span class='ocrx_word' id='word_1_116' title='bbox 1281 1744 1447 1769; x_wconf 84' lang='lat' dir='ltr'>crescere</span> 
     </span>
     <span class='ocr_line' id='line_1_23' title="bbox 331 1795 1447 1846; baseline 0.003 -16"><span class='ocrx_word' id='word_1_117' title='bbox 331 1808 428 1844; x_wconf 78' lang='lat' dir='ltr'>pene</span> <span class='ocrx_word' id='word_1_118' title='bbox 457 1808 567 1846; x_wconf 80' lang='lat' dir='ltr'>opus,</span> <span class='ocrx_word' id='word_1_119' title='bbox 599 1796 701 1845; x_wconf 87' lang='lat' dir='ltr'>quod</span> <span class='ocrx_word' id='word_1_120' title='bbox 729 1797 850 1846; x_wconf 80' lang='lat' dir='ltr'>prima</span> <span class='ocrx_word' id='word_1_121' title='bbox 883 1809 1040 1845; x_wconf 83' lang='lat' dir='ltr'>quaeque</span> <span class='ocrx_word' id='word_1_122' title='bbox 1069 1795 1297 1846; x_wconf 85' lang='lat' dir='ltr'>perficiendo</span> <span class='ocrx_word' id='word_1_123' title='bbox 1327 1797 1447 1833; x_wconf 89' lang='lat' dir='ltr'>minui</span> 
     </span>
     <span class='ocr_line' id='line_1_24' title="bbox 332 1859 1446 1898; baseline 0.002 -3"><span class='ocrx_word' id='word_1_124' title='bbox 332 1859 541 1895; x_wconf 46' lang='lat' dir='ltr'>xidebatur.</span> <span class='ocrx_word' id='word_1_125' title='bbox 597 1860 733 1896; x_wconf 76' lang='lat' dir='ltr'>Pacem</span> <span class='ocrx_word' id='word_1_126' title='bbox 765 1860 949 1897; x_wconf 82' lang='lat' dir='ltr'>Punicam</span> <span class='ocrx_word' id='word_1_127' title='bbox 981 1860 1123 1896; x_wconf 87' lang='lat' dir='ltr'>bellum</span> <span class='ocrx_word' id='word_1_128' title='bbox 1151 1859 1446 1898; x_wconf 77' lang='lat' dir='ltr'>Macedonicum</span> 
     </span>
     <span class='ocr_line' id='line_1_25' title="bbox 334 1925 1445 1975; baseline 0.002 -16"><span class='ocrx_word' id='word_1_129' title='bbox 334 1925 504 1974; x_wconf 61' lang='lat' dir='ltr'>excepit:</span> <span class='ocrx_word' id='word_1_130' title='bbox 536 1925 704 1975; x_wconf 82' lang='lat' dir='ltr'>periculo</span> <span class='ocrx_word' id='word_1_131' title='bbox 733 1925 1023 1974; x_wconf 75' lang='lat' dir='ltr'>haudquaquam</span> <span class='ocrx_word' id='word_1_132' title='bbox 1049 1925 1358 1975; x_wconf 84' lang='lat' dir='ltr'>comparandum,</span> <span class='ocrx_word' id='word_1_133' title='bbox 1380 1932 1445 1962; x_wconf 89' lang='lat' dir='ltr'>aut</span> 
     </span>
     <span class='ocr_line' id='line_1_26' title="bbox 334 1989 1447 2039; baseline 0.003 -15"><span class='ocrx_word' id='word_1_134' title='bbox 334 1990 472 2024; x_wconf 76' lang='lat' dir='ltr'>virtute</span> <span class='ocrx_word' id='word_1_135' title='bbox 502 1989 619 2033; x_wconf 79' lang='lat' dir='ltr'>ducis,</span> <span class='ocrx_word' id='word_1_136' title='bbox 648 1996 714 2025; x_wconf 82' lang='lat' dir='ltr'>aut</span> <span class='ocrx_word' id='word_1_137' title='bbox 738 1989 900 2026; x_wconf 88' lang='lat' dir='ltr'>militum</span> <span class='ocrx_word' id='word_1_138' title='bbox 927 1990 1086 2026; x_wconf 84' lang='lat' dir='ltr'>robore:</span> <span class='ocrx_word' id='word_1_139' title='bbox 1120 1990 1290 2026; x_wconf 82' lang='lat' dir='ltr'>claritate</span> <span class='ocrx_word' id='word_1_140' title='bbox 1316 2002 1447 2039; x_wconf 80' lang='lat' dir='ltr'>regum</span> 
     </span>
     <span class='ocr_line' id='line_1_27' title="bbox 335 2053 1445 2104; baseline 0.004 -16"><span class='ocrx_word' id='word_1_141' title='bbox 335 2053 592 2101; x_wconf 74' lang='lat' dir='ltr'>antiquorum,</span> <span class='ocrx_word' id='word_1_142' title='bbox 627 2059 847 2102; x_wconf 74' lang='lat' dir='ltr'>vetustaque</span> <span class='ocrx_word' id='word_1_143' title='bbox 880 2053 982 2089; x_wconf 78' lang='lat' dir='ltr'>fama</span> <span class='ocrx_word' id='word_1_144' title='bbox 1014 2054 1152 2102; x_wconf 77' lang='lat' dir='ltr'>gentis,</span> <span class='ocrx_word' id='word_1_145' title='bbox 1188 2061 1227 2090; x_wconf 86' lang='lat' dir='ltr'>et</span> <span class='ocrx_word' id='word_1_146' title='bbox 1254 2056 1445 2104; x_wconf 77' lang='lat' dir='ltr'>magnitu—</span> 
     </span>
     <span class='ocr_line' id='line_1_28' title="bbox 336 2117 1445 2170; baseline 0.004 -18"><span class='ocrx_word' id='word_1_147' title='bbox 336 2117 422 2153; x_wconf 81' lang='lat' dir='ltr'>dine</span> <span class='ocrx_word' id='word_1_148' title='bbox 451 2118 613 2167; x_wconf 76' lang='lat' dir='ltr'>imperii,</span> <span class='ocrx_word' id='word_1_149' title='bbox 635 2131 709 2166; x_wconf 86' lang='lat' dir='ltr'>quo</span> <span class='ocrx_word' id='word_1_150' title='bbox 733 2117 890 2153; x_wconf 83' lang='lat' dir='ltr'>multam</span> <span class='ocrx_word' id='word_1_151' title='bbox 910 2118 1101 2167; x_wconf 80' lang='lat' dir='ltr'>quondam</span> <span class='ocrx_word' id='word_1_152' title='bbox 1123 2118 1302 2168; x_wconf 78' lang='lat' dir='ltr'>Europae,</span> <span class='ocrx_word' id='word_1_153' title='bbox 1324 2119 1445 2170; x_wconf 82' lang='lat' dir='ltr'>majo-</span> 
     </span>
     <span class='ocr_line' id='line_1_29' title="bbox 336 2181 1448 2233; baseline 0.004 -17"><span class='ocrx_word' id='word_1_154' title='bbox 336 2194 416 2217; x_wconf 74' lang='lat' dir='ltr'>rem</span> <span class='ocrx_word' id='word_1_155' title='bbox 435 2188 582 2231; x_wconf 79' lang='lat' dir='ltr'>partem</span> <span class='ocrx_word' id='word_1_156' title='bbox 601 2181 701 2217; x_wconf 77' lang='lat' dir='ltr'>Asiae</span> <span class='ocrx_word' id='word_1_157' title='bbox 723 2181 966 2217; x_wconf 77' lang='lat' dir='ltr'>obtinuerant</span> <span class='ocrx_word' id='word_1_158' title='bbox 986 2183 1113 2226; x_wconf 72' lang='lat' dir='ltr'>armis,</span> <span class='ocrx_word' id='word_1_159' title='bbox 1134 2195 1252 2233; x_wconf 85' lang='lat' dir='ltr'>prope</span> <span class='ocrx_word' id='word_1_160' title='bbox 1271 2183 1448 2222; x_wconf 85' lang='lat' dir='ltr'>nobilius.</span> 
     </span>
     <span class='ocr_line' id='line_1_30' title="bbox 341 2246 1449 2298; baseline 0.004 -16"><span class='ocrx_word' id='word_1_161' title='bbox 341 2247 519 2282; x_wconf 82' lang='lat' dir='ltr'>Ceterum</span> <span class='ocrx_word' id='word_1_162' title='bbox 536 2253 702 2296; x_wconf 74' lang='lat' dir='ltr'>coeptum</span> <span class='ocrx_word' id='word_1_163' title='bbox 720 2246 862 2283; x_wconf 73' lang='lat' dir='ltr'>bellum</span> <span class='ocrx_word' id='word_1_164' title='bbox 891 2247 1064 2283; x_wconf 67' lang='lat' dir='ltr'>adversus</span> <span class='ocrx_word' id='word_1_165' title='bbox 1083 2247 1302 2298; x_wconf 79' lang='lat' dir='ltr'>Philippum</span> <span class='ocrx_word' id='word_1_166' title='bbox 1321 2249 1449 2286; x_wconf 84' lang='lat' dir='ltr'>decem</span> 
     </span>
     <span class='ocr_line' id='line_1_31' title="bbox 339 2311 1450 2363; baseline 0.004 -16"><span class='ocrx_word' id='word_1_167' title='bbox 339 2311 457 2347; x_wconf 73' lang='lat' dir='ltr'>ferme</span> <span class='ocrx_word' id='word_1_168' title='bbox 495 2319 583 2348; x_wconf 78' lang='lat' dir='ltr'>ante</span> <span class='ocrx_word' id='word_1_169' title='bbox 619 2312 741 2354; x_wconf 76' lang='lat' dir='ltr'>annis,</span> <span class='ocrx_word' id='word_1_170' title='bbox 775 2313 940 2348; x_wconf 80' lang='lat' dir='ltr'>triennio</span> <span class='ocrx_word' id='word_1_171' title='bbox 974 2313 1076 2362; x_wconf 84' lang='lat' dir='ltr'>prius</span> <span class='ocrx_word' id='word_1_172' title='bbox 1114 2312 1326 2363; x_wconf 77' lang='lat' dir='ltr'>depositum</span> <span class='ocrx_word' id='word_1_173' title='bbox 1356 2321 1450 2359; x_wconf 86' lang='lat' dir='ltr'>erat,</span> 
     </span>
     <span class='ocr_line' id='line_1_32' title="bbox 342 2376 1451 2428; baseline 0.004 -16"><span class='ocrx_word' id='word_1_174' title='bbox 342 2389 455 2425; x_wconf 80' lang='lat' dir='ltr'>quum</span> <span class='ocrx_word' id='word_1_175' title='bbox 477 2376 599 2412; x_wconf 73' lang='lat' dir='ltr'>AEtoli</span> <span class='ocrx_word' id='word_1_176' title='bbox 622 2384 656 2413; x_wconf 85' lang='lat' dir='ltr'>et</span> <span class='ocrx_word' id='word_1_177' title='bbox 686 2377 775 2413; x_wconf 76' lang='lat' dir='ltr'>belli</span> <span class='ocrx_word' id='word_1_178' title='bbox 795 2383 832 2413; x_wconf 81' lang='lat' dir='ltr'>et</span> <span class='ocrx_word' id='word_1_179' title='bbox 861 2378 962 2428; x_wconf 64' lang='lat' dir='ltr'>pacis</span> <span class='ocrx_word' id='word_1_180' title='bbox 987 2378 1146 2415; x_wconf 82' lang='lat' dir='ltr'>fuissent</span> <span class='ocrx_word' id='word_1_181' title='bbox 1166 2391 1317 2416; x_wconf 87' lang='lat' dir='ltr'>caussae.</span> <span class='ocrx_word' id='word_1_182' title='bbox 1373 2380 1451 2416; x_wconf 85' lang='lat' dir='ltr'>Va-</span> 
     </span>
    </p>
   </div>
   <div class='ocr_carea' id='block_1_8' title="bbox 1499 0 1523 1382">
    <p class='ocr_par' dir='ltr' id='par_1_9' title="bbox 1499 0 1523 1382">
     <span class='ocr_line' id='line_1_33' title="bbox 1499 0 1523 1382; baseline 0 0"><span class='ocrx_word' id='word_1_183' title='bbox 1499 0 1523 1382; x_wconf 95' lang='lat' dir='ltr'> </span> 
     </span>
    </p>
   </div>
  </div>
 </body>
</html>
