<?xml version="1.0" encoding="UTF-8"?>
<!DOCTYPE html PUBLIC "-//W3C//DTD XHTML 1.0 Transitional//EN"
    "http://www.w3.org/TR/xhtml1/DTD/xhtml1-transitional.dtd">
<html xmlns="http://www.w3.org/1999/xhtml" xml:lang="en" lang="en">
 <head>
  <title>
</title>
<meta http-equiv="Content-Type" content="text/html;charset=utf-8" />
  <meta name='ocr-system' content='tesseract 3.04.00' />
  <meta name='ocr-capabilities' content='ocr_page ocr_carea ocr_par ocr_line ocrx_word'/>
</head>
<body>
  <div class='ocr_page' id='page_1' title='image "./historiarumquaes03livyuoft/historiarumquaes03livyuoft_0233.png"; bbox 0 0 1507 2656; ppageno 0'>
   <div class='ocr_carea' id='block_1_1' title="bbox 392 169 1198 212">
    <p class='ocr_par' dir='ltr' id='par_1_1' title="bbox 392 169 1198 212">
     <span class='ocr_line' id='line_1_1' title="bbox 392 169 1198 212; baseline -0.005 -9"><span class='ocrx_word' id='word_1_1' title='bbox 392 174 545 203; x_wconf 79' lang='lat' dir='ltr'>LIBER</span> <span class='ocrx_word' id='word_1_2' title='bbox 570 171 691 201; x_wconf 81' lang='lat' dir='ltr'><strong>XXX·</strong></span> <span class='ocrx_word' id='word_1_3' title='bbox 726 171 832 200; x_wconf 74' lang='lat' dir='ltr'><strong>CAP.</strong></span> <span class='ocrx_word' id='word_1_4' title='bbox 856 172 904 199; x_wconf 82' lang='lat' dir='ltr'>X.</span> <span class='ocrx_word' id='word_1_5' title='bbox 1120 169 1198 212; x_wconf 74' lang='lat'>223</span> 
     </span>
    </p>
   </div>
   <div class='ocr_carea' id='block_1_2' title="bbox 88 254 1395 313">
    <p class='ocr_par' dir='ltr' id='par_1_2' title="bbox 88 254 1395 313">
     <span class='ocr_line' id='line_1_2' title="bbox 88 254 1395 313; baseline -0.006 -13"><span class='ocrx_word' id='word_1_6' title='bbox 88 262 210 300; x_wconf 79' lang='lat' dir='ltr'>ductoe</span> <span class='ocrx_word' id='word_1_7' title='bbox 229 275 318 312; x_wconf 88' lang='lat' dir='ltr'>ergo</span> <span class='ocrx_word' id='word_1_8' title='bbox 337 254 490 313; x_wconf 74' lang='lat' dir='ltr'>postero</span> <span class='ocrx_word' id='word_1_9' title='bbox 509 262 567 298; x_wconf 90' lang='lat' dir='ltr'>die</span> <span class='ocrx_word' id='word_1_10' title='bbox 585 272 714 302; x_wconf 81' lang='lat' dir='ltr'>naves,</span> <span class='ocrx_word' id='word_1_11' title='bbox 737 258 848 295; x_wconf 88' lang='lat' dir='ltr'>simul</span> <span class='ocrx_word' id='word_1_12' title='bbox 867 264 904 295; x_wconf 89' lang='lat' dir='ltr'>et</span> <span class='ocrx_word' id='word_1_13' title='bbox 927 257 1040 307; x_wconf 83' lang='lat' dir='ltr'>legati</span> <span class='ocrx_word' id='word_1_14' title='bbox 1064 259 1099 293; x_wconf 91' lang='lat' dir='ltr'>in</span> <span class='ocrx_word' id='word_1_15' title='bbox 1121 256 1200 293; x_wconf 79' lang='lat' dir='ltr'>Ita·</span> <span class='ocrx_word' id='word_1_16' title='bbox 1214 255 1304 286; x_wconf 86' lang='lat' dir='ltr'><strong>U·C·</strong></span> <span class='ocrx_word' id='word_1_17' title='bbox 1324 263 1395 289; x_wconf 75' lang='lat'>⁵49-</span> 
     </span>
    </p>
   </div>
   <div class='ocr_carea' id='block_1_3' title="bbox 90 298 1411 391">
    <p class='ocr_par' dir='ltr' id='par_1_3' title="bbox 90 298 1411 391">
     <span class='ocr_line' id='line_1_3' title="bbox 90 298 1411 391; baseline -0.005 -30"><span class='ocrx_word' id='word_1_18' title='bbox 90 326 178 362; x_wconf 86' lang='lat' dir='ltr'>liam</span> <span class='ocrx_word' id='word_1_19' title='bbox 198 327 371 377; x_wconf 84' lang='lat' dir='ltr'>profecti,</span> <span class='ocrx_word' id='word_1_20' title='bbox 392 326 604 375; x_wconf 85' lang='lat' dir='ltr'>raptimque</span> <span class='ocrx_word' id='word_1_21' title='bbox 625 323 767 366; x_wconf 86' lang='lat' dir='ltr'>omnia,</span> <span class='ocrx_word' id='word_1_22' title='bbox 789 321 1009 358; x_wconf 78' lang='lat' dir='ltr'>stimulante</span> <span class='ocrx_word' id='word_1_23' title='bbox 1032 322 1200 364; x_wconf 82' lang='lat' dir='ltr'>fortuna,</span> <span class='ocrx_word' id='word_1_24' title='bbox 1213 298 1411 391; x_wconf 48' lang='grc' dir='ltr'>ΐεέἓῃῖῇς-</span> 
     </span>
    </p>
   </div>
   <div class='ocr_carea' id='block_1_4' title="bbox 90 384 1399 468">
    <p class='ocr_par' dir='ltr' id='par_1_4' title="bbox 90 384 1399 468">
     <span class='ocr_line' id='line_1_4' title="bbox 90 384 1399 438; baseline -0.007 -11"><span class='ocrx_word' id='word_1_25' title='bbox 90 390 322 438; x_wconf 80' lang='lat' dir='ltr'>agebantur:</span> <span class='ocrx_word' id='word_1_26' title='bbox 354 396 405 433; x_wconf 85' lang='lat' dir='ltr'>et,</span> <span class='ocrx_word' id='word_1_27' title='bbox 436 390 475 425; x_wconf 87' lang='lat' dir='ltr'>in</span> <span class='ocrx_word' id='word_1_28' title='bbox 502 401 578 438; x_wconf 89' lang='lat' dir='ltr'>quo</span> <span class='ocrx_word' id='word_1_29' title='bbox 604 389 761 436; x_wconf 87' lang='lat' dir='ltr'>quisque</span> <span class='ocrx_word' id='word_1_30' title='bbox 792 391 987 429; x_wconf 82' lang='lat' dir='ltr'>cessasset,</span> <span class='ocrx_word' id='word_1_31' title='bbox 1017 386 1125 435; x_wconf 88' lang='lat' dir='ltr'>prodi</span> <span class='ocrx_word' id='word_1_32' title='bbox 1155 384 1201 420; x_wconf 85' lang='lat' dir='ltr'>ab</span> <span class='ocrx_word' id='word_1_33' title='bbox 1214 397 1238 425; x_wconf 79' lang='lat' dir='ltr'>si</span> <span class='ocrx_word' id='word_1_34' title='bbox 1256 396 1293 425; x_wconf 83' lang='lat' dir='ltr'>ad</span> <span class='ocrx_word' id='word_1_35' title='bbox 1311 405 1399 425; x_wconf 78' lang='lat' dir='ltr'>revo-</span> 
     </span>
     <span class='ocr_line' id='line_1_5' title="bbox 1216 440 1358 468; baseline -0.007 0"><span class='ocrx_word' id='word_1_36' title='bbox 1216 440 1358 468; x_wconf 85' lang='lat' dir='ltr'>candum</span> 
     </span>
    </p>
   </div>
   <div class='ocr_carea' id='block_1_5' title="bbox 91 482 1386 566">
    <p class='ocr_par' dir='ltr' id='par_1_5' title="bbox 91 482 1386 566">
     <span class='ocr_line' id='line_1_6' title="bbox 1238 482 1386 510; baseline -0.007 0"><span class='ocrx_word' id='word_1_37' title='bbox 1238 482 1247 510; x_wconf 86' lang='grc' dir='ltr'>Ι</span> <span class='ocrx_word' id='word_1_38' title='bbox 1321 483 1325 487; x_wconf 86' lang='grc'><strong>“</strong></span> <span class='ocrx_word' id='word_1_39' title='bbox 1372 498 1386 505; x_wconf 88' lang='grc'>-</span> 
     </span>
     <span class='ocr_line' id='line_1_7' title="bbox 91 482 1371 566; baseline -0.003 -14"><span class='ocrx_word' id='word_1_40' title='bbox 91 517 220 566; x_wconf 87' lang='lat' dir='ltr'>spoliis</span> <span class='ocrx_word' id='word_1_41' title='bbox 241 517 443 554; x_wconf 85' lang='lat' dir='ltr'>multarum</span> <span class='ocrx_word' id='word_1_42' title='bbox 464 516 613 553; x_wconf 87' lang='lat' dir='ltr'>urbium</span> <span class='ocrx_word' id='word_1_43' title='bbox 631 516 836 552; x_wconf 86' lang='lat' dir='ltr'>exercitum</span> <span class='ocrx_word' id='word_1_44' title='bbox 857 514 1026 557; x_wconf 82' lang='lat' dir='ltr'>trahens,</span> <span class='ocrx_word' id='word_1_45' title='bbox 1046 513 1203 564; x_wconf 83' lang='lat' dir='ltr'>captivis</span> <span class='ocrx_word' id='word_1_46' title='bbox 1217 482 1371 555; x_wconf 42' lang='lat' dir='ltr'>{gp-niba</span> 
     </span>
    </p>
   </div>
   <div class='ocr_carea' id='block_1_6' title="bbox 82 577 1206 754">
    <p class='ocr_par' dir='ltr' id='par_1_6' title="bbox 82 577 1206 754">
     <span class='ocr_line' id='line_1_8' title="bbox 90 577 1205 630; baseline -0.004 -14"><span class='ocrx_word' id='word_1_47' title='bbox 90 580 236 629; x_wconf 77' lang='lat' dir='ltr'>aliaque</span> <span class='ocrx_word' id='word_1_48' title='bbox 265 581 391 630; x_wconf 78' lang='lat' dir='ltr'>praeda</span> <span class='ocrx_word' id='word_1_49' title='bbox 422 581 461 616; x_wconf 82' lang='lat' dir='ltr'>in</span> <span class='ocrx_word' id='word_1_50' title='bbox 497 587 622 616; x_wconf 84' lang='lat' dir='ltr'>vetera</span> <span class='ocrx_word' id='word_1_51' title='bbox 649 585 773 615; x_wconf 78' lang='lat' dir='ltr'>castra</span> <span class='ocrx_word' id='word_1_52' title='bbox 802 578 848 614; x_wconf 88' lang='lat' dir='ltr'>ad</span> <span class='ocrx_word' id='word_1_53' title='bbox 882 577 1035 614; x_wconf 84' lang='lat' dir='ltr'>Uticam</span> <span class='ocrx_word' id='word_1_54' title='bbox 1066 577 1205 620; x_wconf 82' lang='lat' dir='ltr'>missis,</span> 
     </span>
     <span class='ocr_line' id='line_1_9' title="bbox 82 640 1206 693; baseline -0.004 -13"><span class='ocrx_word' id='word_1_55' title='bbox 82 643 164 693; x_wconf 83' lang='lat' dir='ltr'>jam</span> <span class='ocrx_word' id='word_1_56' title='bbox 185 644 222 680; x_wconf 90' lang='lat' dir='ltr'>in</span> <span class='ocrx_word' id='word_1_57' title='bbox 243 644 521 692; x_wconf 81' lang='lat' dir='ltr'>Karthaginem</span> <span class='ocrx_word' id='word_1_58' title='bbox 538 644 720 685; x_wconf 88' lang='lat' dir='ltr'>intentus,</span> <span class='ocrx_word' id='word_1_59' title='bbox 742 647 903 693; x_wconf 84' lang='lat' dir='ltr'>occupat</span> <span class='ocrx_word' id='word_1_60' title='bbox 922 640 1094 677; x_wconf 86' lang='lat' dir='ltr'>relictum</span> <span class='ocrx_word' id='word_1_61' title='bbox 1113 640 1206 690; x_wconf 87' lang='lat' dir='ltr'>fuga</span> 
     </span>
     <span class='ocr_line' id='line_1_10' title="bbox 88 704 1204 754; baseline -0.004 -10"><span class='ocrx_word' id='word_1_62' title='bbox 88 707 285 744; x_wconf 85' lang='lat' dir='ltr'>custodum</span> <span class='ocrx_word' id='word_1_63' title='bbox 305 707 478 744; x_wconf 82' lang='lat' dir='ltr'>Tuneta:</span> <span class='ocrx_word' id='word_1_64' title='bbox 511 707 619 743; x_wconf 89' lang='lat' dir='ltr'>abest</span> <span class='ocrx_word' id='word_1_65' title='bbox 648 707 695 743; x_wconf 88' lang='lat' dir='ltr'>ab</span> <span class='ocrx_word' id='word_1_66' title='bbox 726 706 970 754; x_wconf 78' lang='lat' dir='ltr'><strong>Karthagine</strong></span> <span class='ocrx_word' id='word_1_67' title='bbox 990 704 1204 754; x_wconf 90' lang='lat' dir='ltr'>quindecim</span> 
     </span>
    </p>
   </div>
   <div class='ocr_carea' id='block_1_7' title="bbox 90 448 1201 500">
    <p class='ocr_par' dir='ltr' id='par_1_7' title="bbox 90 448 1201 500">
     <span class='ocr_line' id='line_1_11' title="bbox 90 448 1201 500; baseline -0.005 -10"><span class='ocrx_word' id='word_1_68' title='bbox 90 467 129 490; x_wconf 87' lang='lat' dir='ltr'>se</span> <span class='ocrx_word' id='word_1_69' title='bbox 158 454 316 490; x_wconf 87' lang='lat' dir='ltr'>salutem</span> <span class='ocrx_word' id='word_1_70' title='bbox 346 453 514 490; x_wconf 88' lang='lat' dir='ltr'>omnium</span> <span class='ocrx_word' id='word_1_71' title='bbox 548 452 712 489; x_wconf 87' lang='lat' dir='ltr'>rebatur.</span> <span class='ocrx_word' id='word_1_72' title='bbox 770 452 911 500; x_wconf 82' lang='lat' dir='ltr'>Scipio,</span> <span class='ocrx_word' id='word_1_73' title='bbox 943 463 1095 499; x_wconf 79' lang='lat' dir='ltr'>gravem</span> <span class='ocrx_word' id='word_1_74' title='bbox 1120 448 1201 500; x_wconf 86' lang='lat' dir='ltr'>jam</span> 
     </span>
    </p>
   </div>
   <div class='ocr_carea' id='block_1_8' title="bbox 87 768 1403 2365">
    <p class='ocr_par' dir='ltr' id='par_1_8' title="bbox 87 768 1207 1013">
     <span class='ocr_line' id='line_1_12' title="bbox 90 768 1205 822; baseline -0.002 -16"><span class='ocrx_word' id='word_1_75' title='bbox 90 770 208 807; x_wconf 86' lang='lat' dir='ltr'>millia</span> <span class='ocrx_word' id='word_1_76' title='bbox 238 771 355 808; x_wconf 79' lang='lat' dir='ltr'>ferme</span> <span class='ocrx_word' id='word_1_77' title='bbox 387 783 566 822; x_wconf 86' lang='lat' dir='ltr'>passuum</span> <span class='ocrx_word' id='word_1_78' title='bbox 603 771 722 814; x_wconf 82' lang='lat' dir='ltr'>locus,</span> <span class='ocrx_word' id='word_1_79' title='bbox 754 782 869 819; x_wconf 87' lang='lat' dir='ltr'>quum</span> <span class='ocrx_word' id='word_1_80' title='bbox 897 768 1089 818; x_wconf 82' lang='lat' dir='ltr'>operibus,</span> <span class='ocrx_word' id='word_1_81' title='bbox 1123 775 1205 804; x_wconf 88' lang='lat' dir='ltr'>tum</span> 
     </span>
     <span class='ocr_line' id='line_1_13' title="bbox 90 832 1205 885; baseline -0.003 -15"><span class='ocrx_word' id='word_1_82' title='bbox 90 842 222 885; x_wconf 85' lang='lat' dir='ltr'>suapte</span> <span class='ocrx_word' id='word_1_83' title='bbox 250 842 385 872; x_wconf 87' lang='lat' dir='ltr'>natura</span> <span class='ocrx_word' id='word_1_84' title='bbox 403 842 522 878; x_wconf 86' lang='lat' dir='ltr'>tutus,</span> <span class='ocrx_word' id='word_1_85' title='bbox 544 835 607 884; x_wconf 90' lang='lat' dir='ltr'>qui</span> <span class='ocrx_word' id='word_1_86' title='bbox 628 841 666 870; x_wconf 89' lang='lat' dir='ltr'>et</span> <span class='ocrx_word' id='word_1_87' title='bbox 695 834 742 871; x_wconf 86' lang='lat' dir='ltr'>ab</span> <span class='ocrx_word' id='word_1_88' title='bbox 761 833 1002 882; x_wconf 84' lang='lat' dir='ltr'>Karthagine</span> <span class='ocrx_word' id='word_1_89' title='bbox 1022 832 1205 882; x_wconf 84' lang='lat' dir='ltr'>conspici,</span> 
     </span>
     <span class='ocr_line' id='line_1_14' title="bbox 91 897 1207 950; baseline -0.003 -16"><span class='ocrx_word' id='word_1_90' title='bbox 91 904 128 934; x_wconf 86' lang='lat' dir='ltr'>et</span> <span class='ocrx_word' id='word_1_91' title='bbox 157 899 323 948; x_wconf 82' lang='lat' dir='ltr'>praebere</span> <span class='ocrx_word' id='word_1_92' title='bbox 349 900 429 949; x_wconf 89' lang='lat' dir='ltr'>ipse</span> <span class='ocrx_word' id='word_1_93' title='bbox 457 905 714 950; x_wconf 87' lang='lat' dir='ltr'>prospectum,</span> <span class='ocrx_word' id='word_1_94' title='bbox 739 911 854 948; x_wconf 91' lang='lat' dir='ltr'>quum</span> <span class='ocrx_word' id='word_1_95' title='bbox 884 898 931 935; x_wconf 87' lang='lat' dir='ltr'>ad</span> <span class='ocrx_word' id='word_1_96' title='bbox 959 897 1105 942; x_wconf 89' lang='lat' dir='ltr'>urbem,</span> <span class='ocrx_word' id='word_1_97' title='bbox 1125 903 1207 932; x_wconf 84' lang='lat' dir='ltr'>tuin</span> 
     </span>
     <span class='ocr_line' id='line_1_15' title="bbox 87 962 826 1013; baseline -0.001 -14"><span class='ocrx_word' id='word_1_98' title='bbox 87 963 136 999; x_wconf 77' lang='lat' dir='ltr'>ad</span> <span class='ocrx_word' id='word_1_99' title='bbox 155 962 422 998; x_wconf 85' lang='lat' dir='ltr'>circumfusum</span> <span class='ocrx_word' id='word_1_100' title='bbox 442 975 544 998; x_wconf 85' lang='lat' dir='ltr'>mare</span> <span class='ocrx_word' id='word_1_101' title='bbox 564 962 662 1006; x_wconf 88' lang='lat' dir='ltr'>urbi,</span> <span class='ocrx_word' id='word_1_102' title='bbox 684 969 826 1013; x_wconf 81' lang='lat' dir='ltr'>posset.</span> 
     </span>
    </p>

    <p class='ocr_par' dir='ltr' id='par_1_9' title="bbox 87 1024 1403 2365">
     <span class='ocr_line' id='line_1_16' title="bbox 142 1024 1206 1076; baseline -0.004 -11"><span class='ocrx_word' id='word_1_103' title='bbox 142 1028 194 1065; x_wconf 90' lang='lat' dir='ltr'>X.</span> <span class='ocrx_word' id='word_1_104' title='bbox 226 1028 335 1070; x_wconf 82' lang='lat' dir='ltr'>Inde,</span> <span class='ocrx_word' id='word_1_105' title='bbox 356 1040 471 1076; x_wconf 90' lang='lat' dir='ltr'>quum</span> <span class='ocrx_word' id='word_1_106' title='bbox 489 1028 654 1063; x_wconf 79' lang='lat' dir='ltr'>maxime</span> <span class='ocrx_word' id='word_1_107' title='bbox 674 1026 813 1063; x_wconf 82' lang='lat' dir='ltr'>vallum</span> <span class='ocrx_word' id='word_1_108' title='bbox 831 1026 999 1062; x_wconf 85' lang='lat' dir='ltr'>Romani</span> <span class='ocrx_word' id='word_1_109' title='bbox 1017 1024 1206 1076; x_wconf 87' lang='lat' dir='ltr'>jacerent,</span> 
     </span>
     <span class='ocr_line' id='line_1_17' title="bbox 89 1090 1208 1143; baseline -0.004 -13"><span class='ocrx_word' id='word_1_110' title='bbox 89 1099 294 1143; x_wconf 87' lang='lat' dir='ltr'>conspecta</span> <span class='ocrx_word' id='word_1_111' title='bbox 323 1092 450 1128; x_wconf 80' lang='lat' dir='ltr'>classis</span> <span class='ocrx_word' id='word_1_112' title='bbox 481 1092 649 1128; x_wconf 89' lang='lat' dir='ltr'>hostium</span> <span class='ocrx_word' id='word_1_113' title='bbox 679 1099 750 1135; x_wconf 87' lang='lat' dir='ltr'>est,</span> <span class='ocrx_word' id='word_1_114' title='bbox 780 1092 932 1129; x_wconf 79' lang='lat' dir='ltr'>Uticam</span> <span class='ocrx_word' id='word_1_115' title='bbox 966 1090 1208 1138; x_wconf 77' lang='lat' dir='ltr'>Karthagine</span> 
     </span>
     <span class='ocr_line' id='line_1_18' title="bbox 90 1156 1206 1208; baseline -0.004 -14"><span class='ocrx_word' id='word_1_116' title='bbox 90 1164 235 1208; x_wconf 80' lang='lat' dir='ltr'>petens.</span> <span class='ocrx_word' id='word_1_117' title='bbox 292 1157 429 1206; x_wconf 78' lang='lat' dir='ltr'>Igitur,</span> <span class='ocrx_word' id='word_1_118' title='bbox 465 1158 606 1193; x_wconf 85' lang='lat' dir='ltr'>omisso</span> <span class='ocrx_word' id='word_1_119' title='bbox 638 1170 765 1207; x_wconf 86' lang='lat' dir='ltr'>opere,</span> <span class='ocrx_word' id='word_1_120' title='bbox 796 1156 1091 1207; x_wconf 83' lang='lat' dir='ltr'>pronunciatum</span> <span class='ocrx_word' id='word_1_121' title='bbox 1120 1156 1206 1197; x_wconf 88' lang='lat' dir='ltr'>iter,</span> 
     </span>
     <span class='ocr_line' id='line_1_19' title="bbox 89 1220 1361 1272; baseline -0.002 -14"><span class='ocrx_word' id='word_1_122' title='bbox 89 1223 270 1271; x_wconf 85' lang='lat' dir='ltr'>signaque</span> <span class='ocrx_word' id='word_1_123' title='bbox 290 1223 427 1272; x_wconf 84' lang='lat' dir='ltr'>raptim</span> <span class='ocrx_word' id='word_1_124' title='bbox 446 1222 535 1258; x_wconf 86' lang='lat' dir='ltr'>ferri</span> <span class='ocrx_word' id='word_1_125' title='bbox 558 1229 645 1258; x_wconf 82' lang='lat' dir='ltr'>sunt</span> <span class='ocrx_word' id='word_1_126' title='bbox 665 1230 812 1272; x_wconf 84' lang='lat' dir='ltr'>coepta:</span> <span class='ocrx_word' id='word_1_127' title='bbox 845 1234 893 1256; x_wconf 86' lang='lat' dir='ltr'>ne</span> <span class='ocrx_word' id='word_1_128' title='bbox 923 1232 1049 1263; x_wconf 80' lang='lat' dir='ltr'>naveS,</span> <span class='ocrx_word' id='word_1_129' title='bbox 1071 1220 1109 1256; x_wconf 93' lang='lat' dir='ltr'>in</span> <span class='ocrx_word' id='word_1_130' title='bbox 1129 1226 1204 1255; x_wconf 84' lang='lat' dir='ltr'>ter·</span> <span class='ocrx_word' id='word_1_131' title='bbox 1218 1235 1361 1268; x_wconf 83' lang='lat' dir='ltr'>Classem</span> 
     </span>
     <span class='ocr_line' id='line_1_20' title="bbox 89 1280 1403 1337; baseline -0.002 -15"><span class='ocrx_word' id='word_1_132' title='bbox 89 1299 169 1322; x_wconf 86' lang='lat' dir='ltr'>ram</span> <span class='ocrx_word' id='word_1_133' title='bbox 191 1293 228 1322; x_wconf 87' lang='lat' dir='ltr'>et</span> <span class='ocrx_word' id='word_1_134' title='bbox 248 1287 487 1323; x_wconf 88' lang='lat' dir='ltr'>obsidionem</span> <span class='ocrx_word' id='word_1_135' title='bbox 512 1299 643 1329; x_wconf 75' lang='lat' dir='ltr'>versae,</span> <span class='ocrx_word' id='word_1_136' title='bbox 664 1300 708 1323; x_wconf 85' lang='lat' dir='ltr'>ac</span> <span class='ocrx_word' id='word_1_137' title='bbox 735 1287 891 1326; x_wconf 78' lang='lat' dir='ltr'>minime</span> <span class='ocrx_word' id='word_1_138' title='bbox 916 1284 1041 1321; x_wconf 84' lang='lat' dir='ltr'>navali</span> <span class='ocrx_word' id='word_1_139' title='bbox 1068 1284 1204 1337; x_wconf 76' lang='lat' dir='ltr'>proelio</span> <span class='ocrx_word' id='word_1_140' title='bbox 1218 1280 1403 1328; x_wconf 69' lang='lat' dir='ltr'>Romanam</span> 
     </span>
     <span class='ocr_line' id='line_1_21' title="bbox 91 1324 1389 1406; baseline -0.001 -20"><span class='ocrx_word' id='word_1_141' title='bbox 91 1356 202 1400; x_wconf 74' lang='lat' dir='ltr'>aptae,</span> <span class='ocrx_word' id='word_1_142' title='bbox 225 1351 539 1401; x_wconf 84' lang='lat' dir='ltr'>obprimerentur.</span> <span class='ocrx_word' id='word_1_143' title='bbox 596 1352 674 1390; x_wconf 84' lang='lat' dir='ltr'>Qui</span> <span class='ocrx_word' id='word_1_144' title='bbox 690 1352 787 1387; x_wconf 88' lang='lat' dir='ltr'>enim</span> <span class='ocrx_word' id='word_1_145' title='bbox 810 1350 1037 1386; x_wconf 78' lang='lat' dir='ltr'>restitissent</span> <span class='ocrx_word' id='word_1_146' title='bbox 1058 1350 1148 1398; x_wconf 78' lang='lat' dir='ltr'>agili</span> <span class='ocrx_word' id='word_1_147' title='bbox 1168 1356 1203 1385; x_wconf 89' lang='lat' dir='ltr'>et</span> <span class='ocrx_word' id='word_1_148' title='bbox 1218 1324 1389 1406; x_wconf 30' lang='lat' dir='ltr'>{2353ssssss</span> 
     </span>
     <span class='ocr_line' id='line_1_22' title="bbox 91 1410 1353 1466; baseline 0 -16"><span class='ocrx_word' id='word_1_149' title='bbox 91 1416 246 1452; x_wconf 83' lang='lat' dir='ltr'>nautico</span> <span class='ocrx_word' id='word_1_150' title='bbox 277 1417 531 1452; x_wconf 85' lang='lat' dir='ltr'>instrumento</span> <span class='ocrx_word' id='word_1_151' title='bbox 561 1423 658 1466; x_wconf 80' lang='lat' dir='ltr'>aptae</span> <span class='ocrx_word' id='word_1_152' title='bbox 687 1422 724 1452; x_wconf 89' lang='lat' dir='ltr'>et</span> <span class='ocrx_word' id='word_1_153' title='bbox 753 1422 906 1452; x_wconf 81' lang='lat' dir='ltr'>armatae</span> <span class='ocrx_word' id='word_1_154' title='bbox 940 1414 1049 1451; x_wconf 79' lang='lat' dir='ltr'>classi</span> <span class='ocrx_word' id='word_1_155' title='bbox 1075 1427 1204 1458; x_wconf 88' lang='lat' dir='ltr'>naves,</span> <span class='ocrx_word' id='word_1_156' title='bbox 1218 1410 1353 1441; x_wconf 53' lang='lat' dir='ltr'>mense&amp;</span> 
     </span>
     <span class='ocr_line' id='line_1_23' title="bbox 87 1481 1206 1531; baseline 0.001 -15"><span class='ocrx_word' id='word_1_157' title='bbox 87 1486 280 1517; x_wconf 77' lang='lat' dir='ltr'>tormenta</span> <span class='ocrx_word' id='word_1_158' title='bbox 299 1482 566 1530; x_wconf 77' lang='lat' dir='ltr'>machinasque</span> <span class='ocrx_word' id='word_1_159' title='bbox 585 1488 797 1531; x_wconf 80' lang='lat' dir='ltr'>portantes,</span> <span class='ocrx_word' id='word_1_160' title='bbox 817 1489 855 1516; x_wconf 88' lang='lat' dir='ltr'>et</span> <span class='ocrx_word' id='word_1_161' title='bbox 875 1487 939 1516; x_wconf 85' lang='lat' dir='ltr'>aut</span> <span class='ocrx_word' id='word_1_162' title='bbox 959 1481 996 1515; x_wconf 90' lang='lat' dir='ltr'>in</span> <span class='ocrx_word' id='word_1_163' title='bbox 1014 1481 1206 1517; x_wconf 81' lang='lat' dir='ltr'>oneraria-</span> 
     </span>
     <span class='ocr_line' id='line_1_24' title="bbox 89 1545 1208 1595; baseline 0.002 -16"><span class='ocrx_word' id='word_1_164' title='bbox 89 1557 171 1579; x_wconf 85' lang='lat' dir='ltr'>rum</span> <span class='ocrx_word' id='word_1_165' title='bbox 192 1557 298 1580; x_wconf 90' lang='lat' dir='ltr'>usum</span> <span class='ocrx_word' id='word_1_166' title='bbox 318 1557 449 1588; x_wconf 79' lang='lat' dir='ltr'>versae,</span> <span class='ocrx_word' id='word_1_167' title='bbox 469 1552 535 1581; x_wconf 80' lang='lat' dir='ltr'>aut</span> <span class='ocrx_word' id='word_1_168' title='bbox 564 1546 617 1581; x_wconf 87' lang='lat' dir='ltr'>ita</span> <span class='ocrx_word' id='word_1_169' title='bbox 637 1545 802 1595; x_wconf 78' lang='lat' dir='ltr'>adpulsae</span> <span class='ocrx_word' id='word_1_170' title='bbox 836 1545 881 1580; x_wconf 86' lang='lat' dir='ltr'>ad</span> <span class='ocrx_word' id='word_1_171' title='bbox 912 1556 1054 1586; x_wconf 84' lang='lat' dir='ltr'>muros,</span> <span class='ocrx_word' id='word_1_172' title='bbox 1077 1550 1117 1579; x_wconf 92' lang='lat' dir='ltr'>ut</span> <span class='ocrx_word' id='word_1_173' title='bbox 1137 1558 1208 1594; x_wconf 88' lang='lat' dir='ltr'>pro</span> 
     </span>
     <span class='ocr_line' id='line_1_25' title="bbox 90 1609 1207 1660; baseline 0.002 -16"><span class='ocrx_word' id='word_1_174' title='bbox 90 1621 227 1657; x_wconf 81' lang='lat' dir='ltr'>aggere</span> <span class='ocrx_word' id='word_1_175' title='bbox 247 1623 289 1645; x_wconf 84' lang='lat' dir='ltr'>ac</span> <span class='ocrx_word' id='word_1_176' title='bbox 309 1610 488 1659; x_wconf 77' lang='lat' dir='ltr'>pontibus</span> <span class='ocrx_word' id='word_1_177' title='bbox 510 1610 677 1660; x_wconf 83' lang='lat' dir='ltr'>praebere</span> <span class='ocrx_word' id='word_1_178' title='bbox 693 1610 894 1646; x_wconf 82' lang='lat' dir='ltr'>adscensus</span> <span class='ocrx_word' id='word_1_179' title='bbox 916 1610 1098 1658; x_wconf 82' lang='lat' dir='ltr'>possent?</span> <span class='ocrx_word' id='word_1_180' title='bbox 1127 1609 1207 1646; x_wconf 87' lang='lat' dir='ltr'>Ita-</span> 
     </span>
     <span class='ocr_line' id='line_1_26' title="bbox 91 1673 1206 1722; baseline 0.002 -14"><span class='ocrx_word' id='word_1_181' title='bbox 91 1685 163 1722; x_wconf 89' lang='lat' dir='ltr'>que</span> <span class='ocrx_word' id='word_1_182' title='bbox 191 1673 332 1722; x_wconf 83' lang='lat' dir='ltr'>Scipio,</span> <span class='ocrx_word' id='word_1_183' title='bbox 355 1680 487 1709; x_wconf 87' lang='lat' dir='ltr'>contra</span> <span class='ocrx_word' id='word_1_184' title='bbox 507 1687 616 1722; x_wconf 85' lang='lat' dir='ltr'>quam</span> <span class='ocrx_word' id='word_1_185' title='bbox 647 1675 685 1709; x_wconf 87' lang='lat' dir='ltr'>in</span> <span class='ocrx_word' id='word_1_186' title='bbox 714 1674 838 1710; x_wconf 86' lang='lat' dir='ltr'>navali</span> <span class='ocrx_word' id='word_1_187' title='bbox 860 1674 1065 1709; x_wconf 77' lang='lat' dir='ltr'>certamine</span> <span class='ocrx_word' id='word_1_188' title='bbox 1095 1674 1206 1718; x_wconf 85' lang='lat' dir='ltr'>solet,</span> 
     </span>
     <span class='ocr_line' id='line_1_27' title="bbox 90 1738 1207 1789; baseline 0.003 -17"><span class='ocrx_word' id='word_1_189' title='bbox 90 1739 279 1781; x_wconf 86' lang='lat' dir='ltr'>rostratis,</span> <span class='ocrx_word' id='word_1_190' title='bbox 300 1752 381 1787; x_wconf 81' lang='lat' dir='ltr'>quae</span> <span class='ocrx_word' id='word_1_191' title='bbox 411 1739 585 1787; x_wconf 85' lang='lat' dir='ltr'>praesidio</span> <span class='ocrx_word' id='word_1_192' title='bbox 605 1738 686 1774; x_wconf 80' lang='lat' dir='ltr'>aliis</span> <span class='ocrx_word' id='word_1_193' title='bbox 712 1751 791 1774; x_wconf 88' lang='lat' dir='ltr'>esse</span> <span class='ocrx_word' id='word_1_194' title='bbox 820 1744 1011 1789; x_wconf 84' lang='lat' dir='ltr'>poterant,</span> <span class='ocrx_word' id='word_1_195' title='bbox 1033 1739 1071 1774; x_wconf 90' lang='lat' dir='ltr'>in</span> <span class='ocrx_word' id='word_1_196' title='bbox 1101 1747 1207 1789; x_wconf 87' lang='lat' dir='ltr'>post-</span> 
     </span>
     <span class='ocr_line' id='line_1_28' title="bbox 91 1803 1209 1852; baseline 0.003 -16"><span class='ocrx_word' id='word_1_197' title='bbox 91 1813 232 1837; x_wconf 82' lang='lat' dir='ltr'>remam</span> <span class='ocrx_word' id='word_1_198' title='bbox 266 1803 383 1838; x_wconf 87' lang='lat' dir='ltr'>aciem</span> <span class='ocrx_word' id='word_1_199' title='bbox 416 1803 575 1851; x_wconf 85' lang='lat' dir='ltr'>receptis</span> <span class='ocrx_word' id='word_1_200' title='bbox 613 1815 730 1852; x_wconf 88' lang='lat' dir='ltr'>prope</span> <span class='ocrx_word' id='word_1_201' title='bbox 761 1809 912 1845; x_wconf 83' lang='lat' dir='ltr'>terram,</span> <span class='ocrx_word' id='word_1_202' title='bbox 949 1803 1209 1839; x_wconf 85' lang='lat' dir='ltr'>onerariarum</span> 
     </span>
     <span class='ocr_line' id='line_1_29' title="bbox 92 1864 1208 1916; baseline 0.003 -17"><span class='ocrx_word' id='word_1_203' title='bbox 92 1864 374 1914; x_wconf 80' lang='lat' dir='ltr'>quadruplicem</span> <span class='ocrx_word' id='word_1_204' title='bbox 405 1865 574 1901; x_wconf 81' lang='lat' dir='ltr'>ordinem</span> <span class='ocrx_word' id='word_1_205' title='bbox 603 1879 673 1916; x_wconf 90' lang='lat' dir='ltr'>pro</span> <span class='ocrx_word' id='word_1_206' title='bbox 707 1879 815 1902; x_wconf 87' lang='lat' dir='ltr'>muro</span> <span class='ocrx_word' id='word_1_207' title='bbox 846 1867 1022 1903; x_wconf 85' lang='lat' dir='ltr'>adversus</span> <span class='ocrx_word' id='word_1_208' title='bbox 1056 1867 1208 1902; x_wconf 84' lang='lat' dir='ltr'>hostem</span> 
     </span>
     <span class='ocr_line' id='line_1_30' title="bbox 90 1927 1208 1981; baseline 0.003 -18"><span class='ocrx_word' id='word_1_209' title='bbox 90 1927 292 1977; x_wconf 86' lang='lat' dir='ltr'>obposuit:</span> <span class='ocrx_word' id='word_1_210' title='bbox 326 1942 464 1977; x_wconf 85' lang='lat' dir='ltr'>easque</span> <span class='ocrx_word' id='word_1_211' title='bbox 492 1931 608 1980; x_wconf 79' lang='lat' dir='ltr'>ipsaS,</span> <span class='ocrx_word' id='word_1_212' title='bbox 628 1942 676 1965; x_wconf 89' lang='lat' dir='ltr'>ne</span> <span class='ocrx_word' id='word_1_213' title='bbox 705 1931 744 1965; x_wconf 89' lang='lat' dir='ltr'>in</span> <span class='ocrx_word' id='word_1_214' title='bbox 763 1931 933 1967; x_wconf 83' lang='lat' dir='ltr'>tumultu</span> <span class='ocrx_word' id='word_1_215' title='bbox 963 1943 1098 1981; x_wconf 80' lang='lat' dir='ltr'>pugnae</span> <span class='ocrx_word' id='word_1_216' title='bbox 1127 1937 1208 1966; x_wconf 88' lang='lat' dir='ltr'>tur-</span> 
     </span>
     <span class='ocr_line' id='line_1_31' title="bbox 90 1990 1209 2043; baseline 0.003 -17"><span class='ocrx_word' id='word_1_217' title='bbox 90 1990 172 2026; x_wconf 78' lang='lat' dir='ltr'>bari</span> <span class='ocrx_word' id='word_1_218' title='bbox 192 1992 340 2028; x_wconf 85' lang='lat' dir='ltr'>ordines</span> <span class='ocrx_word' id='word_1_219' title='bbox 371 1999 541 2042; x_wconf 85' lang='lat' dir='ltr'>possent,</span> <span class='ocrx_word' id='word_1_220' title='bbox 563 1992 669 2029; x_wconf 81' lang='lat' dir='ltr'>malis</span> <span class='ocrx_word' id='word_1_221' title='bbox 700 1995 953 2043; x_wconf 84' lang='lat' dir='ltr'>antennisque</span> <span class='ocrx_word' id='word_1_222' title='bbox 973 1994 1016 2030; x_wconf 90' lang='lat' dir='ltr'>de</span> <span class='ocrx_word' id='word_1_223' title='bbox 1045 2006 1140 2030; x_wconf 86' lang='lat' dir='ltr'>nave</span> <span class='ocrx_word' id='word_1_224' title='bbox 1168 1994 1209 2029; x_wconf 87' lang='lat' dir='ltr'>in</span> 
     </span>
     <span class='ocr_line' id='line_1_32' title="bbox 90 2054 1210 2105; baseline 0.004 -16"><span class='ocrx_word' id='word_1_225' title='bbox 90 2066 225 2090; x_wconf 87' lang='lat' dir='ltr'>navem</span> <span class='ocrx_word' id='word_1_226' title='bbox 251 2054 434 2105; x_wconf 84' lang='lat' dir='ltr'>trajectis,</span> <span class='ocrx_word' id='word_1_227' title='bbox 465 2070 508 2092; x_wconf 90' lang='lat' dir='ltr'>ac</span> <span class='ocrx_word' id='word_1_228' title='bbox 534 2056 666 2093; x_wconf 78' lang='lat' dir='ltr'>validis</span> <span class='ocrx_word' id='word_1_229' title='bbox 696 2057 850 2094; x_wconf 83' lang='lat' dir='ltr'>funibus</span> <span class='ocrx_word' id='word_1_230' title='bbox 879 2058 983 2094; x_wconf 79' lang='lat' dir='ltr'>velut</span> <span class='ocrx_word' id='word_1_231' title='bbox 1011 2071 1089 2094; x_wconf 91' lang='lat' dir='ltr'>uno</span> <span class='ocrx_word' id='word_1_232' title='bbox 1110 2059 1210 2093; x_wconf 84' lang='lat' dir='ltr'>inter</span> 
     </span>
     <span class='ocr_line' id='line_1_33' title="bbox 94 2118 1208 2172; baseline 0.004 -20"><span class='ocrx_word' id='word_1_233' title='bbox 94 2129 132 2153; x_wconf 83' lang='lat' dir='ltr'>se</span> <span class='ocrx_word' id='word_1_234' title='bbox 159 2118 309 2154; x_wconf 75' lang='lat' dir='ltr'>vinculo</span> <span class='ocrx_word' id='word_1_235' title='bbox 329 2119 511 2168; x_wconf 85' lang='lat' dir='ltr'>inligatis,</span> <span class='ocrx_word' id='word_1_236' title='bbox 533 2122 791 2170; x_wconf 85' lang='lat' dir='ltr'>comprendit:</span> <span class='ocrx_word' id='word_1_237' title='bbox 824 2122 1049 2171; x_wconf 81' lang='lat' dir='ltr'>tabulasque</span> <span class='ocrx_word' id='word_1_238' title='bbox 1078 2134 1208 2172; x_wconf 89' lang='lat' dir='ltr'>super-</span> 
     </span>
     <span class='ocr_line' id='line_1_34' title="bbox 93 2181 1209 2236; baseline 0.004 -21"><span class='ocrx_word' id='word_1_239' title='bbox 93 2181 281 2226; x_wconf 83' lang='lat' dir='ltr'>instravit,</span> <span class='ocrx_word' id='word_1_240' title='bbox 302 2188 344 2218; x_wconf 85' lang='lat' dir='ltr'>ut</span> <span class='ocrx_word' id='word_1_241' title='bbox 372 2185 541 2233; x_wconf 89' lang='lat' dir='ltr'>pervium</span> <span class='ocrx_word' id='word_1_242' title='bbox 560 2185 728 2220; x_wconf 82' lang='lat' dir='ltr'>ordinem</span> <span class='ocrx_word' id='word_1_243' title='bbox 758 2186 921 2222; x_wconf 81' lang='lat' dir='ltr'>faceret:</span> <span class='ocrx_word' id='word_1_244' title='bbox 955 2194 993 2222; x_wconf 89' lang='lat' dir='ltr'>et</span> <span class='ocrx_word' id='word_1_245' title='bbox 1021 2185 1089 2222; x_wconf 88' lang='lat' dir='ltr'>sub</span> <span class='ocrx_word' id='word_1_246' title='bbox 1120 2186 1209 2236; x_wconf 84' lang='lat' dir='ltr'>ipsis</span> 
     </span>
     <span class='ocr_line' id='line_1_35' title="bbox 93 2245 1210 2300; baseline 0.004 -21"><span class='ocrx_word' id='word_1_247' title='bbox 93 2245 274 2294; x_wconf 88' lang='lat' dir='ltr'>pontibus</span> <span class='ocrx_word' id='word_1_248' title='bbox 303 2247 502 2284; x_wconf 79' lang='lat' dir='ltr'>intervalla</span> <span class='ocrx_word' id='word_1_249' title='bbox 520 2248 624 2292; x_wconf 85' lang='lat' dir='ltr'>fecit,</span> <span class='ocrx_word' id='word_1_250' title='bbox 646 2262 720 2298; x_wconf 81' lang='lat' dir='ltr'>qua</span> <span class='ocrx_word' id='word_1_251' title='bbox 747 2262 967 2299; x_wconf 82' lang='lat' dir='ltr'>procurrere</span> <span class='ocrx_word' id='word_1_252' title='bbox 997 2249 1210 2300; x_wconf 80' lang='lat' dir='ltr'>speculato—</span> 
     </span>
     <span class='ocr_line' id='line_1_36' title="bbox 96 2310 1209 2365; baseline 0.004 -21"><span class='ocrx_word' id='word_1_253' title='bbox 96 2310 160 2345; x_wconf 80' lang='lat' dir='ltr'>riae</span> <span class='ocrx_word' id='word_1_254' title='bbox 188 2322 300 2348; x_wconf 79' lang='lat' dir='ltr'>naves</span> <span class='ocrx_word' id='word_1_255' title='bbox 330 2311 367 2349; x_wconf 88' lang='lat' dir='ltr'>in</span> <span class='ocrx_word' id='word_1_256' title='bbox 397 2313 561 2357; x_wconf 85' lang='lat' dir='ltr'>hostem,</span> <span class='ocrx_word' id='word_1_257' title='bbox 588 2327 631 2349; x_wconf 87' lang='lat' dir='ltr'>ac</span> <span class='ocrx_word' id='word_1_258' title='bbox 658 2320 742 2350; x_wconf 84' lang='lat' dir='ltr'>tuto</span> <span class='ocrx_word' id='word_1_259' title='bbox 769 2315 883 2365; x_wconf 88' lang='lat' dir='ltr'>recipi</span> <span class='ocrx_word' id='word_1_260' title='bbox 915 2321 1080 2365; x_wconf 82' lang='lat' dir='ltr'>possent.</span> <span class='ocrx_word' id='word_1_261' title='bbox 1138 2314 1209 2351; x_wconf 65' lang='lat' dir='ltr'>His</span> 
     </span>
    </p>
   </div>
   <div class='ocr_carea' id='block_1_9' title="bbox 627 2376 705 2413">
    <p class='ocr_par' dir='ltr' id='par_1_10' title="bbox 627 2376 705 2413">
     <span class='ocr_line' id='line_1_37' title="bbox 627 2376 705 2413; baseline -0.013 0"><span class='ocrx_word' id='word_1_262' title='bbox 627 2376 705 2413; x_wconf 29' lang='lat' dir='ltr'>Ln1</span> 
     </span>
    </p>
   </div>
  </div>
 </body>
</html>
