1507 2656
313 191 469 221 mnan
492 187 638 218 xxm.
672 186 780 216 CAP.
804 186 900 215 ΧΠ.
1082 176 1162 229 285

49 287 90 319 ut
109 284 157 318 acl
174 283 210 318 icl
229 282 358 318 bellam
382 280 541 315 mitteret
566 277 703 312 auxilia
729 276 971 312 Numidarum
989 277 1160 324 equitum.
1174 276 1217 307 U·
1231 275 1268 306 C·
1284 283 1358 306 552·

50 345 164 382 Dona
195 344 317 394 ampla
343 343 445 385 data,
462 355 543 391 quae
572 340 716 376 ferrent
742 340 836 389 regi,
853 352 944 377 vasa
968 353 1083 376 aurea
1101 354 1162 377 ar·
1173 320 1213 351 A'
1230 319 1267 350 C‘
1283 325 1357 350 2⁰⁰¹

51 417 276 458 genteaqne,
305 415 399 455 toga
426 417 628 456 purpurea,
660 411 698 440 et
725 403 893 454 palmata
921 405 1052 440 tunica
1079 417 1165 441 cum

51 473 218 509 eburneo
234 472 418 520 scipione,
438 475 476 505 et
492 475 585 517 toga
603 475 789 518 praetexta
804 481 889 504 cum
910 468 1031 505 curuli
1050 468 1161 506 sella:

43 534 216 585 jussique
235 534 419 584 polliceri,
439 535 469 568 si
488 533 575 581 quid
593 534 624 568 ez'
644 534 926 582 adfirmandum
941 534 1164 581 augendum-

50 612 118 648 que
133 612 279 647 regnum
300 611 388 647 opus
405 610 477 634 esse
493 596 704 644 judicasset,
726 599 819 633 enise
836 599 876 634 id
893 598 1069 646 populum
1089 598 1164 634 Ro-

50 676 196 700 manum
221 665 348 699 merito
374 662 447 709 ejus
469 668 740 711 praestaturum.
798 662 988 698 Verminae
1014 674 1164 711 quoque
1178 667 1354 704 Verminae,

1178 711 1333 750 Syphacis

1151 753 1163 769 ²
1178 754 1250 791 fini,
1267 752 1373 793 legati.

54 798 276 827 excusantes
316 804 481 827 errorem
521 791 905 839 adolescentiamque,
940 797 978 826 et
1015 790 1165 840 culpam

54 727 234 776 Syphacis
266 726 332 762 filii
362 726 478 775 legati
504 739 571 776 per
597 738 661 762 eos
686 726 762 762 dies
783 732 955 762 senatum
975 726 1149 762 adierunt

54 866 205 891 omnem
241 856 279 902 in
316 855 487 891 fraudem
524 854 905 903 Karthaginiensium
938 860 1165 890 avertentes.

53 920 104 954 Et
137 919 366 955 Masinissam
404 920 578 954 Romanis
610 931 652 954 ex
688 919 784 954 hoste
816 920 970 954 amicum
988 917 1168 966 factum.-

58 983 261 1018 Verminam
287 995 426 1031 quoque
455 984 680 1024 adnisurum,
709 995 753 1018 ne
775 982 900 1029 officiis
927 985 965 1017 in
989 983 1169 1030 populum

54 1046 257 1082 Romanum
282 1051 347 1082 aut
377 1058 412 1082 α·
426 1047 633 1088 Masinissa,
655 1051 718 1081 aut
740 1046 782 1081 ab
801 1046 877 1081 ullo
897 1047 970 1081 alio
990 1047 1168 1082 vincatur.

54 1110 194 1152 Petere,
214 1115 256 1145 ut
274 1122 348 1152 rex,
368 1110 560 1158 sociusque,
581 1114 616 1145 et
635 1111 770 1145 amicus
789 1109 831 1144 ab
853 1114 980 1145 senatu
1003 1110 1168 1157 adpella-

53 1178 164 1210 retur,
221 1173 462 1223 Responsum
487 1173 622 1221 legatis
653 1180 732 1209 est:
766 1174 817 1209 Et
831 1178 977 1222 patrem
1002 1171 1076 1219 ejus
1099 1174 1168 1221 Sy-

52 1239 201 1286 phacem
221 1241 296 1275 sine
320 1252 445 1275 caussa
473 1251 514 1274 ex
543 1240 637 1274 socio
662 1244 697 1274 et
727 1240 842 1275 amico
869 1239 1002 1274 hostem
1025 1243 1171 1286 repente

52 1307 180 1353 populi
216 1306 371 1342 Romani
391 1306 563 1354 factum:
601 1311 636 1340 et
669 1317 748 1341 eam
779 1308 897 1354 ipsum
927 1307 1172 1342 rudimentum

58 1370 301 1406 adolescentiae
320 1371 408 1406 bello
428 1372 652 1406 lacessentem
674 1371 853 1406 Romanos
867 1372 1034 1418 posuisse.
1091 1371 1170 1406 Ita-

57 1446 124 1481 que
138 1447 266 1482 pacem
285 1436 343 1470 illi
367 1436 467 1482 prius
485 1436 679 1482 petendam
698 1449 721 1470 α
745 1436 879 1483 populo
900 1436 1066 1471 Romano
1086 1447 1169 1477 esse,

58 1511 164 1546 quam
183 1504 224 1534 ut
242 1511 316 1541 rex,
336 1501 530 1547 sociasque,
553 1505 588 1534 et
613 1501 748 1535 anticus
767 1501 982 1547 adpelletur.
1040 1500 1170 1535 Nomi-

57 1564 112 1598 nis
125 1560 199 1607 ejus
217 1562 382 1598 honorem
396 1575 462 1610 pro
480 1564 620 1610 magnis
634 1575 721 1610 erga
739 1575 775 1598 se
788 1575 908 1611 regum
929 1565 1065 1598 meritis
1083 1564 1172 1599 clare

53 1627 230 1674 populum
255 1627 458 1662 Romanum
491 1639 678 1663 consuesse.
735 1628 892 1674 Legatos
921 1627 1104 1662 Romanos
1132 1629 1170 1662 in

57 1690 189 1739 Africa
197 1690 300 1738 fore,
321 1692 445 1738 quibus
464 1693 722 1727 mandaturum
737 1696 913 1733 senatum,
934 1696 975 1726 ut
1000 1692 1172 1727 Vct-minse

56 1756 158 1803 pacis
177 1756 262 1790 (lent
277 1756 382 1803 leges,
405 1756 554 1791 liberum
569 1756 758 1792 arbitrium
777 1758 826 1791 eis
849 1756 986 1804 populo
1005 1755 1172 1791 Romano

54 1820 295 1867 permittente.
353 1819 395 1854 Si
423 1821 509 1866 quid
543 1820 590 1855 ad
619 1832 679 1855 eas
715 1820 817 1862 addi,
853 1821 960 1862 demi,
993 1822 1173 1855 mutarive

58 1885 177 1926 vellet,
197 1895 319 1919 rursus
339 1883 382 1918 ab
405 1888 531 1918 senatu
557 1885 588 1918 ei
606 1884 866 1932 postulandum
876 1883 977 1931 fore.
1032 1882 1171 1932 Legati

4 1975 7 1984 .
60 1960 145 1984 cum
179 1948 223 1983 iis
254 1947 440 1983 mandatis
480 1948 519 1983 in
551 1948 725 1984 Africam
753 1948 872 1990 missi,
905 1948 948 1984 C.
969 1946 1171 1984 Terentius

58 2012 195 2054 Varro,
224 2011 288 2060 Sp.
308 2010 524 2053 Lucretius,
547 2011 618 2048 Cn.
639 2011 846 2047 Octavius:
880 2012 1169 2060 quinqueremes

6 2122 7 2131 ἵ
59 2076 216 2124 singulis
237 2076 346 2111 datae.

114 2139 210 2175 XII.
239 2139 379 2175 Literae
404 2139 538 2175 deinde
571 2140 609 2175 in
640 2145 774 2175 senatu
805 2139 971 2175 recitatae
1002 2145 1091 2175 sunt
1120 2139 1315 2178 Q.Sub1ata

61 2203 221 2240 Minucii
242 2204 428 2253 praetoris,
449 2204 508 2238 cui
532 2203 672 2238 Bruttii
700 2203 894 2252 provincia
917 2209 998 2239 erat
1011 2219 1020 2247 3
1055 2204 1169 2239 Pecu·
1182 2197 1370 2263 {ef‘ssffssm-

60 2269 157 2305 niam
177 2268 301 2304 Locris
318 2279 359 2303 ex
378 2268 604 2315 Proserpinae
627 2266 799 2303 thesauris
820 2272 922 2303 nocte
940 2268 1033 2303 clam
1051 2267 1168 2303 subta—
1181 2275 1327 2314 serpinae.
