1507 2656
354 199 508 228 LIBER
532 198 652 226 XXX.
686 197 792 225 CAP.
817 198 936 226 XXX.
1124 199 1205 243 249

92 305 175 342 quae
194 304 271 328 non
292 291 336 327 de
359 290 479 326 nihilo
505 289 679 339 profecto
699 295 885 339 concepta
906 295 976 332 est,
997 289 1200 340 perculsus.
1215 294 1255 323 U.
1270 293 1305 324 C.
1324 302 1396 326 ιειεο.

90 354 238 406 Itaque,
256 367 480 404 quamquam
508 364 543 390 et
574 354 654 404 ipse
682 366 814 390 caussa
841 353 929 389 belli
957 361 1050 397 erat,
1072 361 1109 389 et
1134 355 1199 391 ad·
1212 338 1300 368 A'C'
1319 344 1394 369 2⁰²⁰

87 428 202 456 ventu
232 433 299 455 suo
334 418 549 454 turbaverat
576 425 614 454 et
646 426 776 468 pactas
810 418 994 461 inducias,
1027 425 1063 454 et
1094 431 1201 468 spem

86 485 294 529 foederum,
327 491 466 525 tamen,
489 484 517 518 si
537 483 696 531 integer,
718 496 829 532 quam
850 484 879 518 si
900 484 1034 525 victus,
1053 490 1198 532 peteret

87 562 232 599 pacem,
256 549 420 597 aequiora
452 548 633 597 inpetrari
661 560 773 598 posse
795 556 913 591 ratuS,
942 549 1122 583 nuncium
1149 548 1197 584 ad

86 614 299 663 Scipionem
329 613 444 653 misit,
468 620 508 648 ut
527 613 781 661 conloquendi
810 625 934 648 secum
966 619 1194 662 potestatem

81 677 235 714 faceret.
291 677 335 713 Id
368 684 491 713 utrum
525 690 592 713 sua
618 684 753 727 sponte
782 677 926 720 fecerit,
959 691 1006 713 an
1040 677 1193 726 publico

84 742 258 785 consilio,
287 749 462 778 neutrum
490 755 555 778 cur
588 742 794 784 adfirmem,
825 742 961 778 habeo.
1019 742 1191 777 Valerius

81 810 233 852 Antias,
258 809 379 858 primo
409 809 544 858 proelio
572 810 712 845 victum
743 822 870 863 eum-a
896 809 1087 858 Scipione,
1115 821 1190 857 quo

81 873 279 908 duodecim
299 873 416 908 millia
436 880 666 909 armatorum
691 875 729 909 in
749 875 828 909 acie
849 881 935 909 sunt
957 887 1066 916 czesa,
1088 873 1190 909 mille

80 943 118 972 et
139 938 368 986 septingenti
389 938 504 987 capti,
525 938 691 985 legatum
708 951 793 974 cum
813 937 894 974 aliis
911 938 1039 974 decem
1056 937 1189 986 legatis

79 1001 195 1036 tradit
230 1002 270 1036 in
307 1008 429 1037 castra
465 1002 513 1037 ad
546 1003 762 1051 Scipionem
797 1003 955 1039 venisse.
1012 1002 1190 1038 Ceterum

78 1066 206 1115 Scipio
231 1078 346 1119 quun]
374 1066 615 1115 conloquium
644 1066 745 1102 haud
776 1066 983 1108 abnuisset,
1009 1066 1121 1102 ambo
1142 1079 1189 1102 ex

78 1130 291 1180 composito
308 1130 418 1166 duces
437 1137 560 1166 castra
581 1130 834 1180 protulerunt,
855 1138 897 1166 ut
916 1133 1017 1167 coire
1033 1144 1078 1167 ex
1097 1144 1186 1181 pro-

76 1196 219 1245 pinquo
256 1202 423 1245 possent.
495 1195 622 1246 Scipio
656 1196 757 1232 haud
793 1196 926 1246 procul
962 1197 1183 1246 Naraggara
1198 1196 1373 1238 Conloqui-

75 1259 181 1302 urbe,
215 1267 295 1295 tum
333 1260 378 1296 ad
415 1266 540 1296 cetera
576 1259 661 1296 loco
695 1268 927 1310 opportuno,
965 1268 1047 1297 tum
1084 1262 1183 1310 quod
1195 1243 1399 1324 ἒξρέἒὲωῃ

74 1324 227 1371 aquatio
248 1324 348 1359 intra
362 1323 428 1359 teli
448 1323 661 1374 conjectum
683 1331 778 1368 erat,
800 1325 981 1362 consedit.
1030 1325 1181 1362 Hanni-

73 1386 136 1423 bal
167 1386 352 1423 tumuluh]
379 1401 400 1424 a
431 1394 595 1437 quatuor
622 1389 786 1425 millibus
813 1390 914 1433 inde,
935 1396 1058 1426 tutum
1079 1403 1183 1426 com-

70 1451 299 1500 modumque
319 1452 502 1501 alioquin,
518 1454 592 1489 nisi
609 1454 709 1502 quod
730 1454 948 1503 longinquae
965 1456 1180 1504 aquationis

70 1524 163 1561 erat,
186 1519 307 1568 cepit:
340 1519 392 1555 ibi
419 1520 458 1554 in
482 1520 608 1555 medio
628 1520 732 1556 locus
755 1528 978 1570 conspectus
1000 1521 1178 1571 undique,

67 1594 114 1617 ne
135 1582 222 1630 quid
242 1583 460 1619 insidiarum
479 1590 590 1624 esset,
613 1583 790 1620 delectus.

121 1646 256 1682 XXX.
287 1646 479 1682 Submotis
501 1649 581 1697 pari
605 1650 728 1697 spatio
750 1649 918 1692 armatis,
940 1663 1024 1685 cum
1045 1651 1174 1698 singu-

67 1710 112 1746 lis
139 1711 405 1760 interpretibus
427 1714 618 1761 congressi
639 1720 740 1756 sunt,
758 1727 834 1749 non
856 1726 930 1750 suae
950 1714 1064 1750 modo
1085 1722 1176 1751 aeta-

67 1776 115 1810 tis
143 1776 295 1811 maximi
321 1776 446 1819 duces,
469 1778 532 1813 sed
554 1779 676 1813 omnis
697 1786 786 1814 ante
806 1791 844 1814 se
865 1780 1070 1822 memoriae,
1092 1793 1175 1816 om-

66 1841 169 1876 nium
196 1841 366 1888 gentium
387 1841 541 1877 cuilibet
564 1854 694 1889 regum
716 1844 1033 1892 imperatorumve
1051 1857 1172 1894 pares.

63 1903 273 1954 Paullisper
293 1904 386 1940 alter
404 1904 555 1941 alterius
574 1914 795 1956 conspectu,
817 1907 1068 1943 admiratione
1089 1922 1170 1944 mn-

64 1974 130 2003 tua
148 1981 265 2017 prope
284 1968 447 2004 adtoniti
464 1969 693 2005 conticuere.
723 1969 821 2005 Tum
838 1969 1036 2006 Hannibal
1053 1973 1169 2021 prior,
1186 1981 1375 2015 Hannibalis

64 2033 105 2069 Si
124 2034 188 2069 lzoc
208 2035 260 2069 ita
275 2033 365 2082 fato
384 2035 508 2070 clatum
526 2040 617 2076 erat,
637 2040 690 2077 ut,
713 2037 773 2083 qui
798 2037 937 2083 primus
963 2036 1092 2072 bellum
1117 2039 1170 2073 in·
1183 2028 1292 2055 oratio.

62 2097 131 2132 tuli
151 2098 286 2144 populo
313 2097 492 2140 Romano,
524 2099 652 2146 quique
682 2100 784 2134 toties
806 2111 921 2147 prope
950 2101 985 2134 in
1013 2101 1173 2137 manibus

60 2163 247 2197 victoriam
272 2162 392 2205 habui,
414 2165 443 2198 is
458 2164 554 2199 ultro
574 2164 623 2198 ad
639 2175 764 2212 pacem
780 2165 972 2211 petendam
991 2166 1168 2210 venirem,-

63 2226 163 2260 loetor
187 2230 220 2261 te
241 2226 328 2262 mihi
349 2232 443 2262 sorte
463 2229 687 2276 potissimum
709 2229 846 2270 clatum,
867 2241 889 2264 a
910 2241 978 2276 quo
1000 2234 1170 2277 peterem.

68 2289 146 2325 Tibi
162 2302 298 2338 quoque
318 2292 410 2328 inter
427 2294 543 2328 multa
559 2295 702 2341 egregia
721 2307 792 2329 non
811 2296 847 2330 in
868 2295 1003 2330 ultimis
1022 2296 1171 2333 laudum

61 2353 126 2389 hoc
144 2353 279 2402 fuerit,
309 2356 564 2401 Hannibale-m,
586 2360 644 2394 cui
673 2364 724 2395 tot
756 2360 800 2396 de
830 2359 1000 2396 Romanis
1028 2362 1171 2397 (lucibus

570 2423 613 2460 M
636 2425 657 2460 5
