1507 2656
388 177 686 209 Llssssn'xxx.
719 177 824 206 (ΖΑΒ.
850 179 918 206 1v.
1132 177 1210 220 217

95 270 160 306 -din
181 269 470 321 opportuniores
491 266 684 303 insidianti
701 272 838 302 essent.
895 265 947 302 Et
966 266 1065 302 inter
1080 266 1210 303 crebra
1226 276 1313 306 [λε.
1332 286 1405 312 549,

96 334 300 384 conloquia
327 333 390 370 alii
417 338 530 381 atque
561 331 624 367 alii
650 331 696 366 de
725 320 923 372 industria,
945 343 1019 379 quo
1040 330 1209 380 pluribus
1224 319 1314 349 A.C.
1331 328 1405 353 ²⁰²·

95 399 226 435 omnia
244 405 336 435 nota
355 402 493 440 essent,
510 395 771 432 mittebantur.
828 395 955 434 Quum
973 395 1107 445 saepius
1129 396 1209 444 agi-

94 466 176 497 tata
195 473 252 498 res
273 461 471 497 certiorem
491 471 596 510 spem
624 458 727 508 pacis
756 459 796 493 in
826 458 903 494 dies
923 464 961 493 et
990 457 1154 507 Syphaci
1173 465 1212 495 et

93 523 478 574 Karthaginiensibus
509 536 574 574 per
595 535 680 558 eum
699 521 842 558 faceret
859 538 869 567 3
899 521 1017 571 legati
1042 521 1212 559 Romani

92 590 219 624 vetitos
244 601 280 624 se
310 590 440 625 reverti
471 589 520 624 ad
548 589 798 635 imperatorem
829 586 948 629 aiunt,
981 587 1050 622 nisi
1078 592 1214 623 certum

91 665 297 701 responsum
316 655 431 690 detur.
488 653 660 694 Proinde,
679 663 740 687 seu
761 652 826 698 ipsi
843 655 955 686 staret
970 649 1053 697 jam
1071 656 1211 687 senten-

94 717 159 760 tia,
178 730 239 754 seu
267 719 496 754 consulendus
524 715 734 752 Hasdrubal
762 715 1131 762 &Karthaginienses
1157 729 1210 752 es-

89 786 179 824 sent,
201 780 408 819 consuleret.
454 783 605 830 Tempus
622 793 703 824 esse,
725 785 789 816 aut
804 792 929 828 pacem
949 782 1125 828 componi,
1146 787 1211 817 aut

92 844 222 881 bellam
241 849 381 883 naviter
396 847 486 894 geri.
542 845 645 880 Dum
675 843 885 880 consulitur
914 843 1132 880 Hasdrubal
1159 844 1208 879 ab

93 908 278 958 Syphace,
299 909 346 945 ab
367 908 608 945 Hasdrubale
630 908 994 956 Karthaginienses3
1018 912 1056 943 et
1075 920 1208 957 specu-

90 971 230 1008 latores
260 975 389 1009 omnia
407 974 565 1015 visendi,
588 978 625 1008 et
655 972 782 1021 Scipio
809 972 856 1007 ad
876 971 1128 1020 comparanda
1148 984 1206 1014 ea,

90 1049 173 1085 quae
193 1037 231 1088 in
261 1049 338 1073 rem
368 1043 490 1080 erant,
511 1044 660 1086 tempus
689 1036 845 1072 habuit:
879 1042 916 1071 et
938 1048 984 1071 ex
1012 1037 1207 1072 mentione

91 1113 134 1136 ac
160 1113 224 1151 spe
252 1103 355 1152 pacis
385 1102 633 1151 negligentia,
653 1107 693 1136 ut
713 1101 768 1144 fit,
789 1101 886 1150 apud
906 1101 1045 1136 Poenos
1066 1101 1204 1136 Numi-

89 1163 248 1213 damque
268 1171 352 1202 orta
371 1166 542 1208 cavendi,
563 1177 610 1201 ne
630 1165 720 1213 quid
749 1164 887 1200 hostile
916 1165 1066 1200 interim
1096 1172 1204 1214 pate-

88 1235 230 1265 rentur.
286 1230 457 1266 Tandem
499 1229 659 1265 relatum
706 1241 940 1278 responsum,
980 1227 1203 1276 quibusdam

91 1294 197 1342 (quia
215 1295 326 1331 nimis
346 1308 481 1346 cupere
509 1295 706 1331 Romanus
737 1307 867 1344 pacem
893 1294 1107 1341 videbatur)
1131 1295 1203 1329 ini-

87 1358 168 1405 quis
205 1371 272 1408 per
309 1361 550 1396 occasionem
589 1359 769 1409 adjectis3
802 1372 884 1407 quae
921 1364 1203 1409 peropportune

87 1423 254 1472 cupienti
276 1424 408 1461 tollere
428 1425 597 1462 inducias
615 1424 783 1474 Scipioni
801 1436 971 1459 caussam
988 1422 1199 1472 praebuere:

86 1497 129 1520 ac
159 1488 300 1523 nuncio
334 1488 446 1536 regis,
478 1501 593 1536 quum
622 1488 826 1523 relaturum
857 1499 896 1522 se
927 1486 973 1522 ad
1003 1486 1203 1522 consilium

86 1548 253 1592 dixisset,
285 1557 438 1600 postero
468 1551 527 1587 die
556 1551 764 1600 respondit,
786 1551 833 1586 Se
860 1562 929 1586 uno
948 1550 1096 1598 frustra
1127 1555 1201 1585 ten-

85 1613 200 1656 dente,
217 1615 307 1650 nalli
325 1616 393 1650 alii
410 1627 537 1663 pacem
554 1616 744 1663 placuisse.
800 1614 1045 1651 Renunciaret
1074 1616 1199 1661 igitar,

82 1678 221 1713 nullam
241 1679 353 1715 aliam
371 1691 467 1727 spem
494 1682 608 1727 pacis,
630 1692 735 1728 quam
764 1680 897 1715 relictis
916 1679 1198 1726 Karthaginien-

81 1741 186 1784 sibus,
209 1742 367 1790 Syphaci
387 1755 463 1779 cum
486 1744 658 1780 Romanis
676 1756 756 1780 esse.
815 1743 875 1779 Ita
893 1742 992 1779 tollit
1014 1743 1195 1783 inducias,

80 1812 121 1839 ut
142 1804 258 1842 libera
278 1806 348 1842 fide
369 1808 520 1857 incepta
539 1814 825 1856 exsequeretur:
859 1807 1102 1855 deductisque
1129 1820 1194 1842 nu-

74 1869 181 1904 vibus
206 1872 260 1917 (et
281 1870 363 1920 jam
386 1873 479 1907 veris
509 1873 735 1922 principium
763 1874 859 1918 erat)
893 1871 1085 1908 machinas
1116 1880 1194 1907 tor-

77 1939 290 1982 mentaque,
312 1935 413 1971 velut
434 1949 455 1972 a
475 1937 567 1972 mari
588 1938 829 1985 adgressurus
848 1936 1014 1977 Uticam,
1032 1937 1194 1985 inponit.

75 1998 128 2034 Et
159 1998 234 2034 duo
265 2000 382 2037 millia
410 2002 571 2037 militum
603 2003 648 2037 ad
673 2002 911 2051 capiendum,
939 2014 1048 2049 quem
1081 2006 1194 2036 autea

76 2067 262 2106 tenuerat,
292 2065 477 2101 tumulum
509 2079 620 2116 super
650 2066 802 2102 Uticam
834 2066 976 2101 mittit:
1011 2064 1121 2100 simul
1152 2073 1193 2099 ut

77 2124 123 2161 ab
143 2138 202 2167 e0‚
224 2129 323 2176 quod
344 2129 515 2178 parabat,
538 2132 574 2165 in
596 2131 748 2166 alterius
774 2131 824 2165 rei
847 2142 973 2165 curaui
996 2135 1191 2164 converte-

73 2196 131 2224 ret
160 2190 323 2227 hostium
356 2195 526 2229 animos:
562 2194 672 2230 simul
702 2207 748 2229 ne
779 2207 866 2242 qua,
897 2205 1011 2241 quum
1041 2194 1119 2242 ipsc
1146 2194 1192 2228 ad

77 2252 286 2302 Syphacem
306 2255 659 2305 Hasdrubalemque
688 2257 880 2306 profectus
913 2264 1023 2298 essct,
1046 2257 1193 2304 eruptio

76 2329 122 2352 ex
155 2317 245 2352 urbe
274 2325 310 2354 et
340 2321 486 2369 inpetus
517 2323 551 2356 in
584 2327 706 2357 castra
736 2334 816 2365 sua,
849 2319 981 2356 relicta
1008 2332 1090 2355 cum
1120 2320 1193 2355 levi

74 2380 261 2429 praesidio,
284 2382 399 2421 fieret,

128 2444 225 2481 VoL.
264 2446 344 2484 111.
625 2448 657 2485 L
