<?xml version="1.0" encoding="UTF-8"?>
<!DOCTYPE html PUBLIC "-//W3C//DTD XHTML 1.0 Transitional//EN"
    "http://www.w3.org/TR/xhtml1/DTD/xhtml1-transitional.dtd">
<html xmlns="http://www.w3.org/1999/xhtml" xml:lang="en" lang="en">
 <head>
  <title>
</title>
<meta http-equiv="Content-Type" content="text/html;charset=utf-8" />
  <meta name='ocr-system' content='tesseract 3.04.00' />
  <meta name='ocr-capabilities' content='ocr_page ocr_carea ocr_par ocr_line ocrx_word'/>
</head>
<body>
  <div class='ocr_page' id='page_1' title='image "./historiarumquaes03livyuoft/historiarumquaes03livyuoft_0293.png"; bbox 0 0 1507 2656; ppageno 0'>
   <div class='ocr_carea' id='block_1_1' title="bbox 332 167 1154 222">
    <p class='ocr_par' dir='ltr' id='par_1_1' title="bbox 332 167 1154 222">
     <span class='ocr_line' id='line_1_1' title="bbox 332 167 1154 222; baseline -0.004 -11"><span class='ocrx_word' id='word_1_1' title='bbox 332 182 487 211; x_wconf 59' lang='lat' dir='ltr'><strong>Limen</strong></span> <span class='ocrx_word' id='word_1_2' title='bbox 510 178 655 208; x_wconf 80' lang='lat' dir='ltr'><strong>xxxl.</strong></span> <span class='ocrx_word' id='word_1_3' title='bbox 688 177 796 207; x_wconf 80' lang='lat' dir='ltr'>CAP.</span> <span class='ocrx_word' id='word_1_4' title='bbox 819 179 867 208; x_wconf 85' lang='lat' dir='ltr'><strong>x.</strong></span> <span class='ocrx_word' id='word_1_5' title='bbox 1074 167 1154 222; x_wconf 79' lang='lat'><strong>283</strong></span> 
     </span>
    </p>
   </div>
   <div class='ocr_carea' id='block_1_2' title="bbox 0 265 1169 2305">
    <p class='ocr_par' dir='ltr' id='par_1_2' title="bbox 40 265 1160 705">
     <span class='ocr_line' id='line_1_2' title="bbox 45 265 1156 317; baseline -0.005 -8"><span class='ocrx_word' id='word_1_6' title='bbox 45 278 189 309; x_wconf 79' lang='lat' dir='ltr'><strong>verunt.</strong></span> <span class='ocrx_word' id='word_1_7' title='bbox 247 271 363 308; x_wconf 89' lang='lat' dir='ltr'><strong>Vovit</strong></span> <span class='ocrx_word' id='word_1_8' title='bbox 398 270 437 306; x_wconf 87' lang='lat' dir='ltr'><strong>in</strong></span> <span class='ocrx_word' id='word_1_9' title='bbox 469 267 599 305; x_wconf 88' lang='lat' dir='ltr'><strong>eadem</strong></span> <span class='ocrx_word' id='word_1_10' title='bbox 630 266 745 304; x_wconf 86' lang='lat' dir='ltr'><strong>verba</strong></span> <span class='ocrx_word' id='word_1_11' title='bbox 781 265 929 310; x_wconf 85' lang='lat' dir='ltr'><strong>consul,</strong></span> <span class='ocrx_word' id='word_1_12' title='bbox 963 273 1156 317; x_wconf 84' lang='lat' dir='ltr'><strong>praeeunte</strong></span> 
     </span>
     <span class='ocr_line' id='line_1_3' title="bbox 40 331 1158 387; baseline -0.004 -14"><span class='ocrx_word' id='word_1_13' title='bbox 40 338 207 373; x_wconf 81' lang='lat' dir='ltr'><strong>maximo</strong></span> <span class='ocrx_word' id='word_1_14' title='bbox 227 335 421 387; x_wconf 85' lang='lat' dir='ltr'><strong>pontifice,</strong></span> <span class='ocrx_word' id='word_1_15' title='bbox 438 333 573 383; x_wconf 89' lang='lat' dir='ltr'><strong>quibus</strong></span> <span class='ocrx_word' id='word_1_16' title='bbox 604 338 719 368; x_wconf 83' lang='lat' dir='ltr'><strong>antea</strong></span> <span class='ocrx_word' id='word_1_17' title='bbox 748 331 1049 381; x_wconf 78' lang='lat' dir='ltr'>quinquennalia</span> <span class='ocrx_word' id='word_1_18' title='bbox 1067 337 1158 369; x_wconf 83' lang='lat' dir='ltr'><strong>vota</strong></span> 
     </span>
     <span class='ocr_line' id='line_1_4' title="bbox 43 395 1158 452; baseline -0.004 -17"><span class='ocrx_word' id='word_1_19' title='bbox 43 402 181 452; x_wconf 78' lang='lat' dir='ltr'><strong>suscipi</strong></span> <span class='ocrx_word' id='word_1_20' title='bbox 208 400 321 437; x_wconf 87' lang='lat' dir='ltr'><strong>solita</strong></span> <span class='ocrx_word' id='word_1_21' title='bbox 339 404 467 436; x_wconf 88' lang='lat' dir='ltr'><strong>erant:</strong></span> <span class='ocrx_word' id='word_1_22' title='bbox 499 402 751 448; x_wconf 87' lang='lat' dir='ltr'><strong>praeterquam</strong></span> <span class='ocrx_word' id='word_1_23' title='bbox 776 395 878 444; x_wconf 89' lang='lat' dir='ltr'><strong>quod</strong></span> <span class='ocrx_word' id='word_1_24' title='bbox 905 401 1015 432; x_wconf 85' lang='lat' dir='ltr'><strong>tanta</strong></span> <span class='ocrx_word' id='word_1_25' title='bbox 1043 409 1158 446; x_wconf 87' lang='lat' dir='ltr'><strong>pecu-</strong></span> 
     </span>
     <span class='ocr_line' id='line_1_5' title="bbox 42 461 1159 514; baseline -0.003 -15"><span class='ocrx_word' id='word_1_26' title='bbox 42 465 118 507; x_wconf 84' lang='lat' dir='ltr'><strong>nia,</strong></span> <span class='ocrx_word' id='word_1_27' title='bbox 146 470 327 514; x_wconf 86' lang='lat' dir='ltr'><strong>quantam</strong></span> <span class='ocrx_word' id='word_1_28' title='bbox 359 469 454 506; x_wconf 84' lang='lat' dir='ltr'><strong>tum,</strong></span> <span class='ocrx_word' id='word_1_29' title='bbox 485 475 602 512; x_wconf 88' lang='lat' dir='ltr'><strong>quum</strong></span> <span class='ocrx_word' id='word_1_30' title='bbox 633 461 855 504; x_wconf 84' lang='lat' dir='ltr'><strong>solveretur,</strong></span> <span class='ocrx_word' id='word_1_31' title='bbox 883 466 1035 497; x_wconf 86' lang='lat' dir='ltr'><strong>senatus</strong></span> <span class='ocrx_word' id='word_1_32' title='bbox 1070 473 1159 497; x_wconf 86' lang='lat' dir='ltr'><strong>cen-</strong></span> 
     </span>
     <span class='ocr_line' id='line_1_6' title="bbox 42 525 1158 576; baseline -0.002 -13"><span class='ocrx_word' id='word_1_33' title='bbox 42 529 190 572; x_wconf 82' lang='lat' dir='ltr'><strong>suisset,</strong></span> <span class='ocrx_word' id='word_1_34' title='bbox 228 528 337 565; x_wconf 85' lang='lat' dir='ltr'><strong>ludos</strong></span> <span class='ocrx_word' id='word_1_35' title='bbox 382 528 557 576; x_wconf 86' lang='lat' dir='ltr'><strong>donaque</strong></span> <span class='ocrx_word' id='word_1_36' title='bbox 600 527 791 564; x_wconf 82' lang='lat' dir='ltr'><strong>facturum</strong></span> <span class='ocrx_word' id='word_1_37' title='bbox 834 526 951 563; x_wconf 83' lang='lat' dir='ltr'><strong>vovit.</strong></span> <span class='ocrx_word' id='word_1_38' title='bbox 1024 525 1158 561; x_wconf 87' lang='lat' dir='ltr'><strong>Toties</strong></span> 
     </span>
     <span class='ocr_line' id='line_1_7' title="bbox 40 589 1160 642; baseline -0.003 -14"><span class='ocrx_word' id='word_1_39' title='bbox 40 598 129 628; x_wconf 83' lang='lat' dir='ltr'><strong>ante</strong></span> <span class='ocrx_word' id='word_1_40' title='bbox 162 591 238 628; x_wconf 88' lang='lat' dir='ltr'><strong>ludi</strong></span> <span class='ocrx_word' id='word_1_41' title='bbox 274 591 404 640; x_wconf 86' lang='lat' dir='ltr'><strong>magni</strong></span> <span class='ocrx_word' id='word_1_42' title='bbox 442 591 488 628; x_wconf 85' lang='lat' dir='ltr'><strong>de</strong></span> <span class='ocrx_word' id='word_1_43' title='bbox 521 597 625 627; x_wconf 89' lang='lat' dir='ltr'><strong>certa</strong></span> <span class='ocrx_word' id='word_1_44' title='bbox 663 591 826 642; x_wconf 83' lang='lat' dir='ltr'><strong>pecunia</strong></span> <span class='ocrx_word' id='word_1_45' title='bbox 859 590 940 627; x_wconf 86' lang='lat' dir='ltr'><strong>voti</strong></span> <span class='ocrx_word' id='word_1_46' title='bbox 960 595 1099 626; x_wconf 65' lang='lat' dir='ltr'><strong>“erant:</strong></span> <span class='ocrx_word' id='word_1_47' title='bbox 1130 589 1160 625; x_wconf 91' lang='lat' dir='ltr'><strong>ii</strong></span> 
     </span>
     <span class='ocr_line' id='line_1_8' title="bbox 40 655 394 705; baseline 0 -14"><span class='ocrx_word' id='word_1_48' title='bbox 40 655 152 705; x_wconf 86' lang='lat' dir='ltr'><strong>primi</strong></span> <span class='ocrx_word' id='word_1_49' title='bbox 172 655 217 691; x_wconf 89' lang='lat' dir='ltr'><strong>de</strong></span> <span class='ocrx_word' id='word_1_50' title='bbox 236 655 394 693; x_wconf 83' lang='lat' dir='ltr'><strong>incerta.</strong></span> 
     </span>
    </p>

    <p class='ocr_par' dir='ltr' id='par_1_3' title="bbox 0 717 1169 2305">
     <span class='ocr_line' id='line_1_9' title="bbox 95 717 1155 756; baseline -0.004 0"><span class='ocrx_word' id='word_1_51' title='bbox 95 719 147 756; x_wconf 89' lang='lat' dir='ltr'><strong>X.</strong></span> <span class='ocrx_word' id='word_1_52' title='bbox 177 720 361 756; x_wconf 87' lang='lat' dir='ltr'><strong>Omnium</strong></span> <span class='ocrx_word' id='word_1_53' title='bbox 381 718 516 756; x_wconf 84' lang='lat' dir='ltr'><strong>animis</strong></span> <span class='ocrx_word' id='word_1_54' title='bbox 538 719 576 753; x_wconf 87' lang='lat' dir='ltr'><strong>in</strong></span> <span class='ocrx_word' id='word_1_55' title='bbox 597 717 741 755; x_wconf 89' lang='lat' dir='ltr'><strong>bellum</strong></span> <span class='ocrx_word' id='word_1_56' title='bbox 759 717 1054 754; x_wconf 62' lang='lat' dir='ltr'><strong>BIacedonicum</strong></span> <span class='ocrx_word' id='word_1_57' title='bbox 1074 730 1155 753; x_wconf 85' lang='lat' dir='ltr'><strong>ver-</strong></span> 
     </span>
     <span class='ocr_line' id='line_1_10' title="bbox 41 781 1156 833; baseline -0.003 -14"><span class='ocrx_word' id='word_1_58' title='bbox 41 784 105 826; x_wconf 81' lang='lat' dir='ltr'><strong>sis,</strong></span> <span class='ocrx_word' id='word_1_59' title='bbox 126 789 281 833; x_wconf 88' lang='lat' dir='ltr'><strong>repente</strong></span> <span class='ocrx_word' id='word_1_60' title='bbox 300 783 396 819; x_wconf 87' lang='lat' dir='ltr'>nihil</span> <span class='ocrx_word' id='word_1_61' title='bbox 415 783 537 818; x_wconf 87' lang='lat' dir='ltr'><strong>minus</strong></span> <span class='ocrx_word' id='word_1_62' title='bbox 559 795 604 818; x_wconf 92' lang='lat' dir='ltr'><strong>eo</strong></span> <span class='ocrx_word' id='word_1_63' title='bbox 620 789 792 832; x_wconf 86' lang='lat' dir='ltr'><strong>tempore</strong></span> <span class='ocrx_word' id='word_1_64' title='bbox 808 782 1045 823; x_wconf 88' lang='lat' dir='ltr'><strong>timentibus,</strong></span> <span class='ocrx_word' id='word_1_65' title='bbox 1064 781 1156 817; x_wconf 89' lang='lat' dir='ltr'><strong>Gal-</strong></span> 
     </span>
     <span class='ocr_line' id='line_1_11' title="bbox 40 845 1156 888; baseline -0.001 -7"><span class='ocrx_word' id='word_1_66' title='bbox 40 845 104 884; x_wconf 86' lang='lat' dir='ltr'><strong>lici</strong></span> <span class='ocrx_word' id='word_1_67' title='bbox 122 846 306 882; x_wconf 86' lang='lat' dir='ltr'><strong>tumultus</strong></span> <span class='ocrx_word' id='word_1_68' title='bbox 326 846 429 882; x_wconf 82' lang='lat' dir='ltr'><strong>fama</strong></span> <span class='ocrx_word' id='word_1_69' title='bbox 448 853 582 882; x_wconf 82' lang='lat' dir='ltr'><strong>exorta</strong></span> <span class='ocrx_word' id='word_1_70' title='bbox 602 852 671 883; x_wconf 86' lang='lat' dir='ltr'><strong>est.</strong></span> <span class='ocrx_word' id='word_1_71' title='bbox 705 845 902 888; x_wconf 82' lang='lat' dir='ltr'>Insubres,</span> <span class='ocrx_word' id='word_1_72' title='bbox 924 845 1156 880; x_wconf 83' lang='lat' dir='ltr'><strong>Cenomani-</strong></span> 
     </span>
     <span class='ocr_line' id='line_1_12' title="bbox 42 909 1158 959; baseline -0.003 -13"><span class='ocrx_word' id='word_1_73' title='bbox 42 922 128 959; x_wconf 86' lang='lat' dir='ltr'>que,</span> <span class='ocrx_word' id='word_1_74' title='bbox 150 915 188 945; x_wconf 89' lang='lat' dir='ltr'><strong>et</strong></span> <span class='ocrx_word' id='word_1_75' title='bbox 215 910 318 953; x_wconf 84' lang='lat' dir='ltr'><strong>Boii,</strong></span> <span class='ocrx_word' id='word_1_76' title='bbox 341 910 474 946; x_wconf 82' lang='lat' dir='ltr'><strong>excitis</strong></span> <span class='ocrx_word' id='word_1_77' title='bbox 505 909 641 958; x_wconf 81' lang='lat' dir='ltr'><strong>Salyis,</strong></span> <span class='ocrx_word' id='word_1_78' title='bbox 662 909 938 957; x_wconf 75' lang='lat' dir='ltr'><strong>Ilvatibusque,</strong></span> <span class='ocrx_word' id='word_1_79' title='bbox 965 915 1003 944; x_wconf 88' lang='lat' dir='ltr'><strong>et</strong></span> <span class='ocrx_word' id='word_1_80' title='bbox 1022 909 1158 944; x_wconf 87' lang='lat' dir='ltr'><strong>ceteris</strong></span> 
     </span>
     <span class='ocr_line' id='line_1_13' title="bbox 42 973 1159 1024; baseline -0.001 -15"><span class='ocrx_word' id='word_1_81' title='bbox 42 974 253 1022; x_wconf 80' lang='lat' dir='ltr'><strong>Ligustinis</strong></span> <span class='ocrx_word' id='word_1_82' title='bbox 271 974 436 1024; x_wconf 77' lang='lat' dir='ltr'><strong>populiS,</strong></span> <span class='ocrx_word' id='word_1_83' title='bbox 454 973 675 1010; x_wconf 81' lang='lat' dir='ltr'><strong>Hamilcare</strong></span> <span class='ocrx_word' id='word_1_84' title='bbox 694 974 818 1010; x_wconf 85' lang='lat' dir='ltr'><strong>Poeno</strong></span> <span class='ocrx_word' id='word_1_85' title='bbox 839 974 947 1016; x_wconf 85' lang='lat' dir='ltr'><strong>duce,</strong></span> <span class='ocrx_word' id='word_1_86' title='bbox 969 974 1034 1022; x_wconf 87' lang='lat' dir='ltr'><strong>qui</strong></span> <span class='ocrx_word' id='word_1_87' title='bbox 1053 974 1092 1008; x_wconf 91' lang='lat' dir='ltr'><strong>in</strong></span> <span class='ocrx_word' id='word_1_88' title='bbox 1113 973 1159 1008; x_wconf 86' lang='lat' dir='ltr'><strong>iis</strong></span> 
     </span>
     <span class='ocr_line' id='line_1_14' title="bbox 40 1036 1161 1084; baseline -0.002 -11"><span class='ocrx_word' id='word_1_89' title='bbox 40 1037 133 1074; x_wconf 89' lang='lat' dir='ltr'><strong>locis</strong></span> <span class='ocrx_word' id='word_1_90' title='bbox 151 1038 196 1073; x_wconf 86' lang='lat' dir='ltr'><strong>de</strong></span> <span class='ocrx_word' id='word_1_91' title='bbox 212 1036 463 1084; x_wconf 75' lang='lat' dir='ltr'><strong>Hasdrubalis</strong></span> <span class='ocrx_word' id='word_1_92' title='bbox 480 1038 651 1073; x_wconf 81' lang='lat' dir='ltr'><strong>exercitu</strong></span> <span class='ocrx_word' id='word_1_93' title='bbox 667 1037 905 1079; x_wconf 85' lang='lat' dir='ltr'><strong>substiterat,</strong></span> <span class='ocrx_word' id='word_1_94' title='bbox 922 1036 1161 1072; x_wconf 82' lang='lat' dir='ltr'><strong>Placentiam</strong></span> 
     </span>
     <span class='ocr_line' id='line_1_15' title="bbox 43 1101 1163 1152; baseline 0.001 -15"><span class='ocrx_word' id='word_1_95' title='bbox 43 1103 281 1138; x_wconf 81' lang='lat' dir='ltr'><strong>invaserant:</strong></span> <span class='ocrx_word' id='word_1_96' title='bbox 315 1108 365 1144; x_wconf 83' lang='lat' dir='ltr'><strong>et,</strong></span> <span class='ocrx_word' id='word_1_97' title='bbox 386 1101 532 1152; x_wconf 85' lang='lat' dir='ltr'><strong>direpta</strong></span> <span class='ocrx_word' id='word_1_98' title='bbox 558 1102 664 1144; x_wconf 86' lang='lat' dir='ltr'><strong>urbe,</strong></span> <span class='ocrx_word' id='word_1_99' title='bbox 686 1115 730 1137; x_wconf 86' lang='lat' dir='ltr'><strong>ae</strong></span> <span class='ocrx_word' id='word_1_100' title='bbox 749 1114 816 1152; x_wconf 87' lang='lat' dir='ltr'><strong>per</strong></span> <span class='ocrx_word' id='word_1_101' title='bbox 837 1102 934 1137; x_wconf 80' lang='lat' dir='ltr'><strong>iram</strong></span> <span class='ocrx_word' id='word_1_102' title='bbox 955 1113 1096 1149; x_wconf 85' lang='lat' dir='ltr'><strong>magna</strong></span> <span class='ocrx_word' id='word_1_103' title='bbox 1115 1113 1163 1138; x_wconf 83' lang='lat' dir='ltr'><strong>ex</strong></span> 
     </span>
     <span class='ocr_line' id='line_1_16' title="bbox 44 1165 1164 1216; baseline -0.002 -14"><span class='ocrx_word' id='word_1_104' title='bbox 44 1172 151 1216; x_wconf 83' lang='lat' dir='ltr'><strong>parte</strong></span> <span class='ocrx_word' id='word_1_105' title='bbox 177 1166 346 1209; x_wconf 84' lang='lat' dir='ltr'><strong>incensa,</strong></span> <span class='ocrx_word' id='word_1_106' title='bbox 368 1166 432 1202; x_wconf 85' lang='lat' dir='ltr'><strong>vix</strong></span> <span class='ocrx_word' id='word_1_107' title='bbox 458 1165 604 1201; x_wconf 90' lang='lat' dir='ltr'><strong>duobus</strong></span> <span class='ocrx_word' id='word_1_108' title='bbox 639 1165 808 1201; x_wconf 85' lang='lat' dir='ltr'><strong>millibus</strong></span> <span class='ocrx_word' id='word_1_109' title='bbox 834 1165 1034 1201; x_wconf 87' lang='lat' dir='ltr'><strong>hominum</strong></span> <span class='ocrx_word' id='word_1_110' title='bbox 1063 1165 1164 1201; x_wconf 90' lang='lat' dir='ltr'><strong>inter</strong></span> 
     </span>
     <span class='ocr_line' id='line_1_17' title="bbox 43 1228 1164 1279; baseline -0.002 -13"><span class='ocrx_word' id='word_1_111' title='bbox 43 1230 219 1266; x_wconf 83' lang='lat' dir='ltr'><strong>incendia</strong></span> <span class='ocrx_word' id='word_1_112' title='bbox 233 1230 435 1279; x_wconf 87' lang='lat' dir='ltr'><strong>ruinasque</strong></span> <span class='ocrx_word' id='word_1_113' title='bbox 455 1229 612 1272; x_wconf 87' lang='lat' dir='ltr'><strong>relictis,</strong></span> <span class='ocrx_word' id='word_1_114' title='bbox 630 1228 795 1279; x_wconf 88' lang='lat' dir='ltr'><strong>trajecto</strong></span> <span class='ocrx_word' id='word_1_115' title='bbox 811 1229 918 1266; x_wconf 88' lang='lat' dir='ltr'><strong>Pado</strong></span> <span class='ocrx_word' id='word_1_116' title='bbox 938 1229 984 1265; x_wconf 85' lang='lat' dir='ltr'><strong>ad</strong></span> <span class='ocrx_word' id='word_1_117' title='bbox 1005 1229 1164 1265; x_wconf 88' lang='lat' dir='ltr'><strong>Cremo-</strong></span> 
     </span>
     <span class='ocr_line' id='line_1_18' title="bbox 43 1292 1164 1344; baseline -0.001 -14"><span class='ocrx_word' id='word_1_118' title='bbox 43 1306 132 1330; x_wconf 87' lang='lat' dir='ltr'><strong>nam</strong></span> <span class='ocrx_word' id='word_1_119' title='bbox 151 1294 398 1343; x_wconf 87' lang='lat' dir='ltr'><strong>diripiendam</strong></span> <span class='ocrx_word' id='word_1_120' title='bbox 413 1300 592 1344; x_wconf 87' lang='lat' dir='ltr'><strong>pergunt.</strong></span> <span class='ocrx_word' id='word_1_121' title='bbox 647 1293 796 1329; x_wconf 77' lang='lat' dir='ltr'><strong>Vicinae</strong></span> <span class='ocrx_word' id='word_1_122' title='bbox 816 1293 920 1330; x_wconf 89' lang='lat' dir='ltr'><strong>urbis</strong></span> <span class='ocrx_word' id='word_1_123' title='bbox 941 1294 1072 1329; x_wconf 77' lang='lat' dir='ltr'><strong>audita</strong></span> <span class='ocrx_word' id='word_1_124' title='bbox 1086 1292 1164 1329; x_wconf 84' lang='lat' dir='ltr'><strong>cla-</strong></span> 
     </span>
     <span class='ocr_line' id='line_1_19' title="bbox 43 1357 1165 1407; baseline -0.001 -14"><span class='ocrx_word' id='word_1_125' title='bbox 43 1357 106 1393; x_wconf 86' lang='lat' dir='ltr'><strong>des</strong></span> <span class='ocrx_word' id='word_1_126' title='bbox 144 1358 309 1407; x_wconf 87' lang='lat' dir='ltr'><strong>spatium</strong></span> <span class='ocrx_word' id='word_1_127' title='bbox 345 1358 492 1394; x_wconf 88' lang='lat' dir='ltr'><strong>colonis</strong></span> <span class='ocrx_word' id='word_1_128' title='bbox 524 1358 629 1394; x_wconf 86' lang='lat' dir='ltr'><strong>dedit</strong></span> <span class='ocrx_word' id='word_1_129' title='bbox 664 1358 712 1394; x_wconf 85' lang='lat' dir='ltr'><strong>ad</strong></span> <span class='ocrx_word' id='word_1_130' title='bbox 746 1357 977 1394; x_wconf 83' lang='lat' dir='ltr'><strong>claudendas</strong></span> <span class='ocrx_word' id='word_1_131' title='bbox 1015 1362 1165 1407; x_wconf 87' lang='lat' dir='ltr'><strong>portas,</strong></span> 
     </span>
     <span class='ocr_line' id='line_1_20' title="bbox 44 1421 1166 1473; baseline -0.002 -15"><span class='ocrx_word' id='word_1_132' title='bbox 44 1423 292 1473; x_wconf 78' lang='lat' dir='ltr'><strong>praesidiaque</strong></span> <span class='ocrx_word' id='word_1_133' title='bbox 308 1435 376 1472; x_wconf 88' lang='lat' dir='ltr'><strong>per</strong></span> <span class='ocrx_word' id='word_1_134' title='bbox 394 1434 522 1458; x_wconf 88' lang='lat' dir='ltr'><strong>muros</strong></span> <span class='ocrx_word' id='word_1_135' title='bbox 542 1422 801 1472; x_wconf 81' lang='lat' dir='ltr'><strong>disponenda3</strong></span> <span class='ocrx_word' id='word_1_136' title='bbox 837 1428 878 1457; x_wconf 90' lang='lat' dir='ltr'><strong>ut</strong></span> <span class='ocrx_word' id='word_1_137' title='bbox 896 1421 1166 1457; x_wconf 82' lang='lat' dir='ltr'><strong>obsiderentur</strong></span> 
     </span>
     <span class='ocr_line' id='line_1_21' title="bbox 44 1485 1164 1536; baseline -0.002 -14"><span class='ocrx_word' id='word_1_138' title='bbox 44 1494 170 1522; x_wconf 89' lang='lat' dir='ltr'><strong>tamen</strong></span> <span class='ocrx_word' id='word_1_139' title='bbox 197 1487 314 1536; x_wconf 83' lang='lat' dir='ltr'><strong>priuS,</strong></span> <span class='ocrx_word' id='word_1_140' title='bbox 336 1499 450 1535; x_wconf 82' lang='lat' dir='ltr'><strong>quam</strong></span> <span class='ocrx_word' id='word_1_141' title='bbox 469 1494 793 1535; x_wconf 81' lang='lat' dir='ltr'><strong>expugnarentur,</strong></span> <span class='ocrx_word' id='word_1_142' title='bbox 814 1486 1054 1534; x_wconf 89' lang='lat' dir='ltr'><strong>nunciosque</strong></span> <span class='ocrx_word' id='word_1_143' title='bbox 1074 1485 1164 1521; x_wconf 88' lang='lat' dir='ltr'><strong>mit-</strong></span> 
     </span>
     <span class='ocr_line' id='line_1_22' title="bbox 44 1549 1164 1600; baseline -0.003 -14"><span class='ocrx_word' id='word_1_144' title='bbox 44 1557 167 1586; x_wconf 86' lang='lat' dir='ltr'><strong>terent</strong></span> <span class='ocrx_word' id='word_1_145' title='bbox 186 1550 233 1586; x_wconf 88' lang='lat' dir='ltr'><strong>ad</strong></span> <span class='ocrx_word' id='word_1_146' title='bbox 258 1557 460 1600; x_wconf 83' lang='lat' dir='ltr'><strong>praetorem</strong></span> <span class='ocrx_word' id='word_1_147' title='bbox 487 1550 720 1586; x_wconf 83' lang='lat' dir='ltr'><strong>Romanum.</strong></span> <span class='ocrx_word' id='word_1_148' title='bbox 776 1550 824 1586; x_wconf 86' lang='lat' dir='ltr'><strong>L.</strong></span> <span class='ocrx_word' id='word_1_149' title='bbox 844 1550 981 1586; x_wconf 89' lang='lat' dir='ltr'><strong>Furius</strong></span> <span class='ocrx_word' id='word_1_150' title='bbox 1009 1549 1164 1598; x_wconf 82' lang='lat' dir='ltr'><strong>Purpu-</strong></span> 
     </span>
     <span class='ocr_line' id='line_1_23' title="bbox 45 1615 1166 1664; baseline -0.004 -13"><span class='ocrx_word' id='word_1_151' title='bbox 45 1628 110 1652; x_wconf 86' lang='lat' dir='ltr'><strong>reo</strong></span> <span class='ocrx_word' id='word_1_152' title='bbox 136 1621 218 1651; x_wconf 86' lang='lat' dir='ltr'><strong>tum</strong></span> <span class='ocrx_word' id='word_1_153' title='bbox 242 1615 446 1664; x_wconf 84' lang='lat' dir='ltr'><strong>provinciae</strong></span> <span class='ocrx_word' id='word_1_154' title='bbox 472 1620 655 1664; x_wconf 86' lang='lat' dir='ltr'><strong>praeerat:</strong></span> <span class='ocrx_word' id='word_1_155' title='bbox 689 1622 816 1651; x_wconf 88' lang='lat' dir='ltr'><strong>cetero</strong></span> <span class='ocrx_word' id='word_1_156' title='bbox 843 1626 890 1650; x_wconf 88' lang='lat' dir='ltr'><strong>ex</strong></span> <span class='ocrx_word' id='word_1_157' title='bbox 916 1619 1166 1653; x_wconf 82' lang='lat' dir='ltr'><strong>senatuscon-</strong></span> 
     </span>
     <span class='ocr_line' id='line_1_24' title="bbox 48 1676 1167 1728; baseline -0.002 -13"><span class='ocrx_word' id='word_1_158' title='bbox 48 1679 150 1716; x_wconf 89' lang='lat' dir='ltr'><strong>sulto</strong></span> <span class='ocrx_word' id='word_1_159' title='bbox 172 1679 340 1715; x_wconf 82' lang='lat' dir='ltr'><strong>exercitu</strong></span> <span class='ocrx_word' id='word_1_160' title='bbox 359 1679 529 1721; x_wconf 86' lang='lat' dir='ltr'><strong>dimisso,</strong></span> <span class='ocrx_word' id='word_1_161' title='bbox 547 1685 684 1728; x_wconf 79' lang='lat' dir='ltr'><strong>praeter</strong></span> <span class='ocrx_word' id='word_1_162' title='bbox 700 1679 865 1727; x_wconf 89' lang='lat' dir='ltr'><strong>quinque</strong></span> <span class='ocrx_word' id='word_1_163' title='bbox 880 1677 999 1713; x_wconf 84' lang='lat' dir='ltr'><strong>millia</strong></span> <span class='ocrx_word' id='word_1_164' title='bbox 1018 1676 1167 1713; x_wconf 64' lang='lat' dir='ltr'><strong>socium</strong></span> 
     </span>
     <span class='ocr_line' id='line_1_25' title="bbox 48 1740 1167 1792; baseline -0.003 -13"><span class='ocrx_word' id='word_1_165' title='bbox 48 1757 92 1780; x_wconf 86' lang='lat' dir='ltr'><strong>ac</strong></span> <span class='ocrx_word' id='word_1_166' title='bbox 107 1744 238 1780; x_wconf 88' lang='lat' dir='ltr'><strong>Latini</strong></span> <span class='ocrx_word' id='word_1_167' title='bbox 258 1743 439 1786; x_wconf 86' lang='lat' dir='ltr'><strong>nominis,</strong></span> <span class='ocrx_word' id='word_1_168' title='bbox 453 1756 539 1779; x_wconf 88' lang='lat' dir='ltr'><strong>cum</strong></span> <span class='ocrx_word' id='word_1_169' title='bbox 557 1744 600 1779; x_wconf 87' lang='lat' dir='ltr'><strong>iis</strong></span> <span class='ocrx_word' id='word_1_170' title='bbox 621 1743 740 1792; x_wconf 89' lang='lat' dir='ltr'><strong>copiis</strong></span> <span class='ocrx_word' id='word_1_171' title='bbox 758 1743 797 1778; x_wconf 90' lang='lat' dir='ltr'><strong>in</strong></span> <span class='ocrx_word' id='word_1_172' title='bbox 818 1742 994 1791; x_wconf 81' lang='lat' dir='ltr'><strong>proxima</strong></span> <span class='ocrx_word' id='word_1_173' title='bbox 1008 1740 1167 1788; x_wconf 85' lang='lat' dir='ltr'><strong>regione</strong></span> 
     </span>
     <span class='ocr_line' id='line_1_26' title="bbox 46 1805 1165 1859; baseline -0.004 -15"><span class='ocrx_word' id='word_1_174' title='bbox 46 1808 251 1859; x_wconf 80' lang='lat' dir='ltr'><strong>provinciae</strong></span> <span class='ocrx_word' id='word_1_175' title='bbox 278 1808 378 1844; x_wconf 88' lang='lat' dir='ltr'><strong>circa</strong></span> <span class='ocrx_word' id='word_1_176' title='bbox 402 1808 618 1843; x_wconf 86' lang='lat' dir='ltr'><strong>Ariminum</strong></span> <span class='ocrx_word' id='word_1_177' title='bbox 648 1807 883 1843; x_wconf 83' lang='lat' dir='ltr'><strong>substiterat.</strong></span> <span class='ocrx_word' id='word_1_178' title='bbox 940 1805 978 1841; x_wconf 91' lang='lat' dir='ltr'><strong>Is</strong></span> <span class='ocrx_word' id='word_1_179' title='bbox 1003 1811 1086 1841; x_wconf 86' lang='lat' dir='ltr'><strong>tum</strong></span> <span class='ocrx_word' id='word_1_180' title='bbox 1106 1817 1165 1840; x_wconf 89' lang='lat' dir='ltr'><strong>se-</strong></span> 
     </span>
     <span class='ocr_line' id='line_1_27' title="bbox 49 1871 1167 1922; baseline -0.004 -13"><span class='ocrx_word' id='word_1_181' title='bbox 49 1874 157 1909; x_wconf 84' lang='lat' dir='ltr'><strong>natui</strong></span> <span class='ocrx_word' id='word_1_182' title='bbox 173 1873 336 1922; x_wconf 84' lang='lat' dir='ltr'><strong>scripsit,</strong></span> <span class='ocrx_word' id='word_1_183' title='bbox 358 1885 433 1921; x_wconf 91' lang='lat' dir='ltr'><strong>quo</strong></span> <span class='ocrx_word' id='word_1_184' title='bbox 454 1873 492 1907; x_wconf 90' lang='lat' dir='ltr'><strong>in</strong></span> <span class='ocrx_word' id='word_1_185' title='bbox 515 1871 681 1908; x_wconf 79' lang='lat' dir='ltr'><strong>tumultu</strong></span> <span class='ocrx_word' id='word_1_186' title='bbox 701 1871 898 1921; x_wconf 84' lang='lat' dir='ltr'><strong>provincia</strong></span> <span class='ocrx_word' id='word_1_187' title='bbox 913 1876 1023 1906; x_wconf 84' lang='lat' dir='ltr'><strong>esset.</strong></span> <span class='ocrx_word' id='word_1_188' title='bbox 1053 1871 1167 1906; x_wconf 86' lang='lat' dir='ltr'><strong>Dua-</strong></span> 
     </span>
     <span class='ocr_line' id='line_1_28' title="bbox 46 1935 1167 1985; baseline -0.004 -11"><span class='ocrx_word' id='word_1_189' title='bbox 46 1950 128 1974; x_wconf 80' lang='lat' dir='ltr'><strong>rum</strong></span> <span class='ocrx_word' id='word_1_190' title='bbox 147 1939 382 1979; x_wconf 65' lang='lat' dir='ltr'><strong>coloniarum,</strong></span> <span class='ocrx_word' id='word_1_191' title='bbox 405 1949 482 1985; x_wconf 75' lang='lat' dir='ltr'><strong>qzcoe</strong></span> <span class='ocrx_word' id='word_1_192' title='bbox 501 1938 677 1984; x_wconf 67' lang='lat' dir='ltr'><strong>ingentem</strong></span> <span class='ocrx_word' id='word_1_193' title='bbox 696 1937 801 1972; x_wconf 77' lang='lat' dir='ltr'><strong>illam</strong></span> <span class='ocrx_word' id='word_1_194' title='bbox 821 1939 1068 1984; x_wconf 74' lang='lat' dir='ltr'><strong>tempestatem</strong></span> <span class='ocrx_word' id='word_1_195' title='bbox 1088 1935 1167 1970; x_wconf 77' lang='lat' dir='ltr'><strong>Pu-</strong></span> 
     </span>
     <span class='ocr_line' id='line_1_29' title="bbox 47 2000 1168 2050; baseline -0.004 -12"><span class='ocrx_word' id='word_1_196' title='bbox 47 2004 120 2038; x_wconf 74' lang='lat' dir='ltr'><strong>nici</strong></span> <span class='ocrx_word' id='word_1_197' title='bbox 145 2002 226 2037; x_wconf 74' lang='lat' dir='ltr'><strong>bem</strong></span> <span class='ocrx_word' id='word_1_198' title='bbox 246 2000 553 2050; x_wconf 65' lang='lat' dir='ltr'><strong>subteifztgissent‚</strong></span> <span class='ocrx_word' id='word_1_199' title='bbox 579 2002 733 2037; x_wconf 78' lang='lat' dir='ltr'><strong>alteram</strong></span> <span class='ocrx_word' id='word_1_200' title='bbox 760 2005 905 2048; x_wconf 76' lang='lat' dir='ltr'><strong>captam</strong></span> <span class='ocrx_word' id='word_1_201' title='bbox 924 2012 967 2035; x_wconf 80' lang='lat' dir='ltr'><strong>ac</strong></span> <span class='ocrx_word' id='word_1_202' title='bbox 986 2000 1168 2047; x_wconf 76' lang='lat' dir='ltr'><strong>direptam</strong></span> 
     </span>
     <span class='ocr_line' id='line_1_30' title="bbox 49 2064 1169 2113; baseline -0.004 -11"><span class='ocrx_word' id='word_1_203' title='bbox 49 2066 93 2102; x_wconf 84' lang='lat' dir='ltr'><strong>ab</strong></span> <span class='ocrx_word' id='word_1_204' title='bbox 119 2065 286 2107; x_wconf 73' lang='lat' dir='ltr'><strong>hostibus,</strong></span> <span class='ocrx_word' id='word_1_205' title='bbox 308 2066 461 2101; x_wconf 74' lang='lat' dir='ltr'><strong>alteram</strong></span> <span class='ocrx_word' id='word_1_206' title='bbox 488 2065 699 2113; x_wconf 73' lang='lat' dir='ltr'><strong>obpugnari.</strong></span> <span class='ocrx_word' id='word_1_207' title='bbox 757 2065 833 2100; x_wconf 80' lang='lat' dir='ltr'><strong>Nec</strong></span> <span class='ocrx_word' id='word_1_208' title='bbox 859 2065 897 2099; x_wconf 80' lang='lat' dir='ltr'><strong>in</strong></span> <span class='ocrx_word' id='word_1_209' title='bbox 921 2064 1076 2099; x_wconf 72' lang='lat' dir='ltr'><strong>exercitu</strong></span> <span class='ocrx_word' id='word_1_210' title='bbox 1104 2074 1169 2098; x_wconf 85' lang='lat' dir='ltr'><strong>suo</strong></span> 
     </span>
     <span class='ocr_line' id='line_1_31' title="bbox 48 2126 1169 2177; baseline -0.005 -11"><span class='ocrx_word' id='word_1_211' title='bbox 48 2130 137 2166; x_wconf 72' lang='lat' dir='ltr'><strong>satis</strong></span> <span class='ocrx_word' id='word_1_212' title='bbox 159 2130 320 2177; x_wconf 68' lang='lat' dir='ltr'><strong>prcesidit</strong></span> <span class='ocrx_word' id='word_1_213' title='bbox 352 2131 484 2165; x_wconf 75' lang='lat' dir='ltr'><strong>colonis</strong></span> <span class='ocrx_word' id='word_1_214' title='bbox 517 2128 761 2164; x_wconf 73' lang='lat' dir='ltr'><strong>laborantibus</strong></span> <span class='ocrx_word' id='word_1_215' title='bbox 779 2126 882 2176; x_wconf 81' lang='lat' dir='ltr'><strong>sore,</strong></span> <span class='ocrx_word' id='word_1_216' title='bbox 917 2128 986 2162; x_wconf 81' lang='lat' dir='ltr'><strong>m&#39;si</strong></span> <span class='ocrx_word' id='word_1_217' title='bbox 1015 2128 1169 2174; x_wconf 77' lang='lat' dir='ltr'><strong>quinque</strong></span> 
     </span>
     <span class='ocr_line' id='line_1_32' title="bbox 52 2191 1169 2242; baseline -0.004 -12"><span class='ocrx_word' id='word_1_218' title='bbox 52 2194 171 2230; x_wconf 70' lang='lat' dir='ltr'><strong>millia</strong></span> <span class='ocrx_word' id='word_1_219' title='bbox 188 2192 323 2230; x_wconf 71' lang='lat' dir='ltr'><strong>socizZm</strong></span> <span class='ocrx_word' id='word_1_220' title='bbox 351 2194 593 2242; x_wconf 69' lang='lat' dir='ltr'><strong>quadraginta</strong></span> <span class='ocrx_word' id='word_1_221' title='bbox 622 2193 778 2229; x_wconf 66' lang='lat' dir='ltr'><strong>millibus</strong></span> <span class='ocrx_word' id='word_1_222' title='bbox 802 2193 954 2228; x_wconf 72' lang='lat' dir='ltr'><strong>hostium</strong></span> <span class='ocrx_word' id='word_1_223' title='bbox 985 2191 1058 2239; x_wconf 75' lang='lat' dir='ltr'><strong>(tot</strong></span> <span class='ocrx_word' id='word_1_224' title='bbox 1076 2191 1169 2226; x_wconf 77' lang='lat' dir='ltr'><strong>enim</strong></span> 
     </span>
     <span class='ocr_line' id='line_1_33' title="bbox 0 2256 1168 2305; baseline -0.003 -12"><span class='ocrx_word' id='word_1_225' title='bbox 0 2283 1 2289; x_wconf 24' lang='grc' dir='ltr'>η</span> <span class='ocrx_word' id='word_1_226' title='bbox 55 2260 90 2293; x_wconf 77' lang='lat' dir='ltr'><strong>in</strong></span> <span class='ocrx_word' id='word_1_227' title='bbox 112 2259 222 2294; x_wconf 77' lang='lat' dir='ltr'><strong>armis</strong></span> <span class='ocrx_word' id='word_1_228' title='bbox 246 2258 332 2305; x_wconf 78' lang='lat' dir='ltr'><strong>esse)</strong></span> <span class='ocrx_word' id='word_1_229' title='bbox 363 2259 580 2294; x_wconf 73' lang='lat' dir='ltr'><strong>trucidanda</strong></span> <span class='ocrx_word' id='word_1_230' title='bbox 610 2256 759 2303; x_wconf 71' lang='lat' dir='ltr'><strong>objicere</strong></span> <span class='ocrx_word' id='word_1_231' title='bbox 782 2257 881 2299; x_wconf 71' lang='lat' dir='ltr'><strong>velit,</strong></span> <span class='ocrx_word' id='word_1_232' title='bbox 909 2260 944 2292; x_wconf 76' lang='lat' dir='ltr'><strong>et</strong></span> <span class='ocrx_word' id='word_1_233' title='bbox 969 2259 1073 2292; x_wconf 80' lang='lat' dir='ltr'><strong>tanta</strong></span> <span class='ocrx_word' id='word_1_234' title='bbox 1101 2265 1168 2290; x_wconf 77' lang='lat' dir='ltr'><strong>suu</strong></span> 
     </span>
    </p>
   </div>
   <div class='ocr_carea' id='block_1_3' title="bbox 1168 273 1352 348">
    <p class='ocr_par' dir='ltr' id='par_1_4' title="bbox 1168 273 1352 348">
     <span class='ocr_line' id='line_1_34' title="bbox 1170 273 1352 305; baseline 0.005 -2"><span class='ocrx_word' id='word_1_235' title='bbox 1170 273 1260 305; x_wconf 90' lang='lat' dir='ltr'><strong>U.C.</strong></span> <span class='ocrx_word' id='word_1_236' title='bbox 1278 280 1352 305; x_wconf 78' lang='lat'><strong>552.</strong></span> 
     </span>
     <span class='ocr_line' id='line_1_35' title="bbox 1168 316 1352 348; baseline 0 0"><span class='ocrx_word' id='word_1_237' title='bbox 1168 317 1208 348; x_wconf 86' lang='lat' dir='ltr'><strong>A.</strong></span> <span class='ocrx_word' id='word_1_238' title='bbox 1223 316 1260 348; x_wconf 91' lang='lat' dir='ltr'><strong>C.</strong></span> <span class='ocrx_word' id='word_1_239' title='bbox 1277 323 1352 348; x_wconf 77' lang='lat'><strong>200.</strong></span> 
     </span>
    </p>
   </div>
   <div class='ocr_carea' id='block_1_4' title="bbox 1169 721 1374 881">
    <p class='ocr_par' dir='ltr' id='par_1_5' title="bbox 1169 721 1374 881">
     <span class='ocr_line' id='line_1_36' title="bbox 1172 721 1316 752; baseline 0 -1"><span class='ocrx_word' id='word_1_240' title='bbox 1172 721 1316 752; x_wconf 75' lang='lat' dir='ltr'><strong>Gallicus</strong></span> 
     </span>
     <span class='ocr_line' id='line_1_37' title="bbox 1169 765 1344 799; baseline -0.011 -4"><span class='ocrx_word' id='word_1_241' title='bbox 1169 765 1344 799; x_wconf 83' lang='lat' dir='ltr'><strong>tumultus,</strong></span> 
     </span>
     <span class='ocr_line' id='line_1_38' title="bbox 1169 807 1374 838; baseline -0.01 0"><span class='ocrx_word' id='word_1_242' title='bbox 1169 814 1295 838; x_wconf 81' lang='lat' dir='ltr'><strong>auctore</strong></span> <span class='ocrx_word' id='word_1_243' title='bbox 1306 807 1374 836; x_wconf 77' lang='lat' dir='ltr'><strong>Ha·</strong></span> 
     </span>
     <span class='ocr_line' id='line_1_39' title="bbox 1171 851 1314 881; baseline -0.014 0"><span class='ocrx_word' id='word_1_244' title='bbox 1171 851 1314 881; x_wconf 80' lang='lat' dir='ltr'><strong>milcare.</strong></span> 
     </span>
    </p>
   </div>
  </div>
 </body>
</html>
