<?xml version="1.0" encoding="UTF-8"?>
<!DOCTYPE html PUBLIC "-//W3C//DTD XHTML 1.0 Transitional//EN"
    "http://www.w3.org/TR/xhtml1/DTD/xhtml1-transitional.dtd">
<html xmlns="http://www.w3.org/1999/xhtml" xml:lang="en" lang="en">
 <head>
  <title>
</title>
<meta http-equiv="Content-Type" content="text/html;charset=utf-8" />
  <meta name='ocr-system' content='tesseract 3.04.00' />
  <meta name='ocr-capabilities' content='ocr_page ocr_carea ocr_par ocr_line ocrx_word'/>
</head>
<body>
  <div class='ocr_page' id='page_1' title='image "./historiarumquaes03livyuoft/historiarumquaes03livyuoft_0204.png"; bbox 0 0 1523 2666; ppageno 0'>
   <div class='ocr_carea' id='block_1_1' title="bbox 363 193 1020 235">
    <p class='ocr_par' dir='ltr' id='par_1_1' title="bbox 363 193 1020 235">
     <span class='ocr_line' id='line_1_1' title="bbox 363 193 1020 235; baseline 0 -13"><span class='ocrx_word' id='word_1_1' title='bbox 363 193 440 235; x_wconf 82' lang='lat'>¹94</span> <span class='ocrx_word' id='word_1_2' title='bbox 817 194 864 221; x_wconf 88' lang='lat' dir='ltr'>T.</span> <span class='ocrx_word' id='word_1_3' title='bbox 888 195 1020 223; x_wconf 81' lang='lat' dir='ltr'>L1v11</span> 
     </span>
    </p>
   </div>
   <div class='ocr_carea' id='block_1_2' title="bbox 168 282 1464 327">
    <p class='ocr_par' dir='ltr' id='par_1_2' title="bbox 168 282 1464 327">
     <span class='ocr_line' id='line_1_2' title="bbox 168 282 1464 327; baseline 0.007 -13"><span class='ocrx_word' id='word_1_4' title='bbox 168 285 208 314; x_wconf 93' lang='lat' dir='ltr'>U.</span> <span class='ocrx_word' id='word_1_5' title='bbox 226 284 261 315; x_wconf 93' lang='lat' dir='ltr'>C.</span> <span class='ocrx_word' id='word_1_6' title='bbox 276 293 348 317; x_wconf 73' lang='lat'>548.</span> <span class='ocrx_word' id='word_1_7' title='bbox 362 282 519 318; x_wconf 75' lang='lat' dir='ltr'>ereitum</span> <span class='ocrx_word' id='word_1_8' title='bbox 539 282 761 319; x_wconf 74' lang='lat' dir='ltr'><strong>transvexit.</strong></span> <span class='ocrx_word' id='word_1_9' title='bbox 818 283 891 318; x_wconf 86' lang='lat' dir='ltr'>Sed</span> <span class='ocrx_word' id='word_1_10' title='bbox 911 290 948 318; x_wconf 81' lang='lat' dir='ltr'>et</span> <span class='ocrx_word' id='word_1_11' title='bbox 966 282 1108 319; x_wconf 88' lang='lat' dir='ltr'>bellum</span> <span class='ocrx_word' id='word_1_12' title='bbox 1125 282 1241 327; x_wconf 86' lang='lat' dir='ltr'>bello,</span> <span class='ocrx_word' id='word_1_13' title='bbox 1261 286 1464 323; x_wconf 82' lang='lat' dir='ltr'>secundum</span> 
     </span>
    </p>
   </div>
   <div class='ocr_carea' id='block_1_3' title="bbox 168 327 346 361">
    <p class='ocr_par' dir='ltr' id='par_1_3' title="bbox 168 327 346 361">
     <span class='ocr_line' id='line_1_3' title="bbox 168 327 346 361; baseline 0.028 -4"><span class='ocrx_word' id='word_1_14' title='bbox 168 330 204 357; x_wconf 79' lang='grc' dir='ltr'>Δ.</span> <span class='ocrx_word' id='word_1_15' title='bbox 220 327 254 357; x_wconf 91' lang='lat' dir='ltr'>C.</span> <span class='ocrx_word' id='word_1_16' title='bbox 273 336 346 361; x_wconf 70' lang='lat'>204.</span> 
     </span>
    </p>
   </div>
   <div class='ocr_carea' id='block_1_4' title="bbox 148 1502 302 1588">
    <p class='ocr_par' dir='ltr' id='par_1_4' title="bbox 148 1502 302 1588">
     <span class='ocr_line' id='line_1_4' title="bbox 148 1502 302 1544; baseline -0.006 -9"><span class='ocrx_word' id='word_1_17' title='bbox 148 1502 302 1544; x_wconf 72' lang='lat' dir='ltr'>Scipionis</span> 
     </span>
     <span class='ocr_line' id='line_1_5' title="bbox 148 1555 294 1588; baseline -0.014 -10"><span class='ocrx_word' id='word_1_18' title='bbox 148 1555 294 1588; x_wconf 72' lang='lat' dir='ltr'>precatio.</span> 
     </span>
    </p>
   </div>
   <div class='ocr_carea' id='block_1_5' title="bbox 328 345 1463 2385">
    <p class='ocr_par' dir='ltr' id='par_1_5' title="bbox 342 345 1463 1491">
     <span class='ocr_line' id='line_1_6' title="bbox 359 345 1463 398; baseline 0.005 -17"><span class='ocrx_word' id='word_1_19' title='bbox 359 347 497 396; x_wconf 84' lang='lat' dir='ltr'>priore,</span> <span class='ocrx_word' id='word_1_20' title='bbox 529 352 569 381; x_wconf 89' lang='lat' dir='ltr'>ut</span> <span class='ocrx_word' id='word_1_21' title='bbox 598 347 762 382; x_wconf 86' lang='lat' dir='ltr'>atrocius</span> <span class='ocrx_word' id='word_1_22' title='bbox 788 345 975 383; x_wconf 86' lang='lat' dir='ltr'>Romanis</span> <span class='ocrx_word' id='word_1_23' title='bbox 1002 347 1204 391; x_wconf 80' lang='lat' dir='ltr'>videretur,</span> <span class='ocrx_word' id='word_1_24' title='bbox 1224 361 1337 397; x_wconf 89' lang='lat' dir='ltr'>quum</span> <span class='ocrx_word' id='word_1_25' title='bbox 1361 350 1463 398; x_wconf 92' lang='lat' dir='ltr'>quod</span> 
     </span>
     <span class='ocr_line' id='line_1_7' title="bbox 356 410 1460 461; baseline 0.004 -15"><span class='ocrx_word' id='word_1_26' title='bbox 356 412 394 446; x_wconf 90' lang='lat' dir='ltr'>in</span> <span class='ocrx_word' id='word_1_27' title='bbox 417 410 528 447; x_wconf 84' lang='lat' dir='ltr'>Italia</span> <span class='ocrx_word' id='word_1_28' title='bbox 556 410 784 453; x_wconf 82' lang='lat' dir='ltr'>bellabatur,</span> <span class='ocrx_word' id='word_1_29' title='bbox 804 417 886 447; x_wconf 88' lang='lat' dir='ltr'>tum</span> <span class='ocrx_word' id='word_1_30' title='bbox 913 412 1084 460; x_wconf 85' lang='lat' dir='ltr'><strong>ingentes</strong></span> <span class='ocrx_word' id='word_1_31' title='bbox 1112 418 1256 461; x_wconf 84' lang='lat' dir='ltr'>strages</span> <span class='ocrx_word' id='word_1_32' title='bbox 1275 419 1335 449; x_wconf 85' lang='lat' dir='ltr'>tot</span> <span class='ocrx_word' id='word_1_33' title='bbox 1354 427 1460 450; x_wconf 85' lang='lat' dir='ltr'>exer-</span> 
     </span>
     <span class='ocr_line' id='line_1_8' title="bbox 353 475 1459 528; baseline 0.004 -18"><span class='ocrx_word' id='word_1_34' title='bbox 353 476 511 518; x_wconf 89' lang='lat' dir='ltr'>cituum,</span> <span class='ocrx_word' id='word_1_35' title='bbox 539 475 651 511; x_wconf 87' lang='lat' dir='ltr'>simul</span> <span class='ocrx_word' id='word_1_36' title='bbox 684 476 787 511; x_wconf 79' lang='lat' dir='ltr'>caesis</span> <span class='ocrx_word' id='word_1_37' title='bbox 816 475 989 518; x_wconf 88' lang='lat' dir='ltr'>ducibus,</span> <span class='ocrx_word' id='word_1_38' title='bbox 1011 476 1231 513; x_wconf 84' lang='lat' dir='ltr'>effecerant:</span> <span class='ocrx_word' id='word_1_39' title='bbox 1264 483 1302 513; x_wconf 83' lang='lat' dir='ltr'>et</span> <span class='ocrx_word' id='word_1_40' title='bbox 1331 477 1459 528; x_wconf 83' lang='lat' dir='ltr'><strong>Scipio</strong></span> 
     </span>
     <span class='ocr_line' id='line_1_9' title="bbox 353 539 1460 591; baseline 0.002 -15"><span class='ocrx_word' id='word_1_41' title='bbox 353 541 443 582; x_wconf 77' lang='lat' dir='ltr'>dux,</span> <span class='ocrx_word' id='word_1_42' title='bbox 454 540 589 590; x_wconf 86' lang='lat' dir='ltr'>partim</span> <span class='ocrx_word' id='word_1_43' title='bbox 601 539 710 575; x_wconf 85' lang='lat' dir='ltr'>factis</span> <span class='ocrx_word' id='word_1_44' title='bbox 724 539 900 582; x_wconf 84' lang='lat' dir='ltr'>fortibus,</span> <span class='ocrx_word' id='word_1_45' title='bbox 912 542 1047 590; x_wconf 87' lang='lat' dir='ltr'>partim</span> <span class='ocrx_word' id='word_1_46' title='bbox 1057 548 1189 591; x_wconf 86' lang='lat' dir='ltr'>suapte</span> <span class='ocrx_word' id='word_1_47' title='bbox 1200 541 1356 578; x_wconf 84' lang='lat' dir='ltr'>fortuna</span> <span class='ocrx_word' id='word_1_48' title='bbox 1368 555 1460 591; x_wconf 91' lang='lat' dir='ltr'>qua-</span> 
     </span>
     <span class='ocr_line' id='line_1_10' title="bbox 354 603 1460 652; baseline 0.003 -13"><span class='ocrx_word' id='word_1_49' title='bbox 354 604 439 640; x_wconf 82' lang='lat' dir='ltr'>dam</span> <span class='ocrx_word' id='word_1_50' title='bbox 461 604 623 652; x_wconf 85' lang='lat' dir='ltr'>ingentis</span> <span class='ocrx_word' id='word_1_51' title='bbox 647 603 693 639; x_wconf 85' lang='lat' dir='ltr'>ad</span> <span class='ocrx_word' id='word_1_52' title='bbox 720 604 952 639; x_wconf 86' lang='lat' dir='ltr'>incrementa</span> <span class='ocrx_word' id='word_1_53' title='bbox 970 604 1098 652; x_wconf 87' lang='lat' dir='ltr'>gloriae</span> <span class='ocrx_word' id='word_1_54' title='bbox 1122 605 1346 649; x_wconf 84' lang='lat' dir='ltr'>celebratus,</span> <span class='ocrx_word' id='word_1_55' title='bbox 1367 619 1460 642; x_wconf 89' lang='lat' dir='ltr'>con-</span> 
     </span>
     <span class='ocr_line' id='line_1_11' title="bbox 354 667 1457 720; baseline 0.004 -17"><span class='ocrx_word' id='word_1_56' title='bbox 354 674 516 704; x_wconf 74' lang='lat' dir='ltr'>verterat</span> <span class='ocrx_word' id='word_1_57' title='bbox 553 669 719 704; x_wconf 78' lang='lat' dir='ltr'>animos:</span> <span class='ocrx_word' id='word_1_58' title='bbox 765 667 875 704; x_wconf 89' lang='lat' dir='ltr'>simul</span> <span class='ocrx_word' id='word_1_59' title='bbox 909 674 947 704; x_wconf 83' lang='lat' dir='ltr'>et</span> <span class='ocrx_word' id='word_1_60' title='bbox 978 681 1082 705; x_wconf 86' lang='lat' dir='ltr'>mens</span> <span class='ocrx_word' id='word_1_61' title='bbox 1116 671 1197 719; x_wconf 90' lang='lat' dir='ltr'>ipsa</span> <span class='ocrx_word' id='word_1_62' title='bbox 1228 670 1457 720; x_wconf 86' lang='lat' dir='ltr'>trajiciendi,</span> 
     </span>
     <span class='ocr_line' id='line_1_12' title="bbox 351 732 1457 782; baseline 0.002 -14"><span class='ocrx_word' id='word_1_63' title='bbox 351 732 445 768; x_wconf 88' lang='lat' dir='ltr'>nulli</span> <span class='ocrx_word' id='word_1_64' title='bbox 466 739 553 768; x_wconf 81' lang='lat' dir='ltr'>ante</span> <span class='ocrx_word' id='word_1_65' title='bbox 583 745 629 768; x_wconf 86' lang='lat' dir='ltr'>eo</span> <span class='ocrx_word' id='word_1_66' title='bbox 650 732 751 768; x_wconf 90' lang='lat' dir='ltr'>bello</span> <span class='ocrx_word' id='word_1_67' title='bbox 771 733 855 768; x_wconf 87' lang='lat' dir='ltr'>duci</span> <span class='ocrx_word' id='word_1_68' title='bbox 878 739 1039 776; x_wconf 84' lang='lat' dir='ltr'>tentata,</span> <span class='ocrx_word' id='word_1_69' title='bbox 1062 734 1163 782; x_wconf 91' lang='lat' dir='ltr'>quod</span> <span class='ocrx_word' id='word_1_70' title='bbox 1181 734 1228 770; x_wconf 86' lang='lat' dir='ltr'>ad</span> <span class='ocrx_word' id='word_1_71' title='bbox 1255 734 1457 771; x_wconf 85' lang='lat' dir='ltr'>Hanniba-</span> 
     </span>
     <span class='ocr_line' id='line_1_13' title="bbox 351 796 1458 847; baseline 0.004 -16"><span class='ocrx_word' id='word_1_72' title='bbox 351 796 424 832; x_wconf 83' lang='lat' dir='ltr'>lem</span> <span class='ocrx_word' id='word_1_73' title='bbox 462 797 734 832; x_wconf 80' lang='lat' dir='ltr'>detrahendum</span> <span class='ocrx_word' id='word_1_74' title='bbox 762 810 808 833; x_wconf 84' lang='lat' dir='ltr'>cx</span> <span class='ocrx_word' id='word_1_75' title='bbox 846 797 972 840; x_wconf 87' lang='lat' dir='ltr'>Italia,</span> <span class='ocrx_word' id='word_1_76' title='bbox 1006 797 1383 847; x_wconf 85' lang='lat' dir='ltr'>transferendumque</span> <span class='ocrx_word' id='word_1_77' title='bbox 1419 804 1458 835; x_wconf 85' lang='lat' dir='ltr'>et</span> 
     </span>
     <span class='ocr_line' id='line_1_14' title="bbox 352 861 1455 911; baseline 0.004 -15"><span class='ocrx_word' id='word_1_78' title='bbox 352 861 554 897; x_wconf 81' lang='lat' dir='ltr'>finiendum</span> <span class='ocrx_word' id='word_1_79' title='bbox 576 862 612 896; x_wconf 88' lang='lat' dir='ltr'>in</span> <span class='ocrx_word' id='word_1_80' title='bbox 633 861 765 897; x_wconf 78' lang='lat' dir='ltr'>Africa</span> <span class='ocrx_word' id='word_1_81' title='bbox 789 861 944 905; x_wconf 84' lang='lat' dir='ltr'>bellum,</span> <span class='ocrx_word' id='word_1_82' title='bbox 973 875 1012 898; x_wconf 87' lang='lat' dir='ltr'>se</span> <span class='ocrx_word' id='word_1_83' title='bbox 1037 863 1198 899; x_wconf 85' lang='lat' dir='ltr'>transire</span> <span class='ocrx_word' id='word_1_84' title='bbox 1222 862 1455 911; x_wconf 85' lang='lat' dir='ltr'>vulgaverat.</span> 
     </span>
     <span class='ocr_line' id='line_1_15' title="bbox 351 925 1452 977; baseline 0.004 -17"><span class='ocrx_word' id='word_1_85' title='bbox 351 925 604 961; x_wconf 84' lang='lat' dir='ltr'>Concurrerat</span> <span class='ocrx_word' id='word_1_86' title='bbox 624 925 671 961; x_wconf 85' lang='lat' dir='ltr'>ad</span> <span class='ocrx_word' id='word_1_87' title='bbox 683 925 938 975; x_wconf 84' lang='lat' dir='ltr'>spectaculum</span> <span class='ocrx_word' id='word_1_88' title='bbox 956 927 994 962; x_wconf 88' lang='lat' dir='ltr'>in</span> <span class='ocrx_word' id='word_1_89' title='bbox 1014 934 1164 977; x_wconf 88' lang='lat' dir='ltr'>portum</span> <span class='ocrx_word' id='word_1_90' title='bbox 1186 929 1308 964; x_wconf 84' lang='lat' dir='ltr'>omnis</span> <span class='ocrx_word' id='word_1_91' title='bbox 1327 927 1452 971; x_wconf 86' lang='lat' dir='ltr'>turba,</span> 
     </span>
     <span class='ocr_line' id='line_1_16' title="bbox 347 989 1454 1040; baseline 0.004 -16"><span class='ocrx_word' id='word_1_92' title='bbox 347 1002 426 1025; x_wconf 88' lang='lat' dir='ltr'>non</span> <span class='ocrx_word' id='word_1_93' title='bbox 446 989 700 1026; x_wconf 81' lang='lat' dir='ltr'>habitantium</span> <span class='ocrx_word' id='word_1_94' title='bbox 718 991 830 1027; x_wconf 82' lang='lat' dir='ltr'>modo</span> <span class='ocrx_word' id='word_1_95' title='bbox 847 991 1023 1040; x_wconf 80' lang='lat' dir='ltr'>Lilybaei,</span> <span class='ocrx_word' id='word_1_96' title='bbox 1038 992 1101 1028; x_wconf 88' lang='lat' dir='ltr'>sed</span> <span class='ocrx_word' id='word_1_97' title='bbox 1121 991 1354 1040; x_wconf 83' lang='lat' dir='ltr'>legationum</span> <span class='ocrx_word' id='word_1_98' title='bbox 1371 1005 1454 1028; x_wconf 90' lang='lat' dir='ltr'>om-</span> 
     </span>
     <span class='ocr_line' id='line_1_17' title="bbox 346 1054 1454 1106; baseline 0.003 -17"><span class='ocrx_word' id='word_1_99' title='bbox 346 1055 449 1090; x_wconf 90' lang='lat' dir='ltr'>nium</span> <span class='ocrx_word' id='word_1_100' title='bbox 475 1067 519 1090; x_wconf 79' lang='lat' dir='ltr'>ex</span> <span class='ocrx_word' id='word_1_101' title='bbox 548 1054 698 1090; x_wconf 85' lang='lat' dir='ltr'>Sicilia:</span> <span class='ocrx_word' id='word_1_102' title='bbox 732 1069 813 1104; x_wconf 86' lang='lat' dir='ltr'>quae</span> <span class='ocrx_word' id='word_1_103' title='bbox 836 1062 874 1091; x_wconf 87' lang='lat' dir='ltr'>et</span> <span class='ocrx_word' id='word_1_104' title='bbox 907 1056 952 1092; x_wconf 90' lang='lat' dir='ltr'>ad</span> <span class='ocrx_word' id='word_1_105' title='bbox 983 1057 1286 1106; x_wconf 89' lang='lat' dir='ltr'>prosequendum</span> <span class='ocrx_word' id='word_1_106' title='bbox 1307 1056 1454 1106; x_wconf 89' lang='lat' dir='ltr'>Scipio-</span> 
     </span>
     <span class='ocr_line' id='line_1_18' title="bbox 345 1118 1455 1170; baseline 0.004 -17"><span class='ocrx_word' id='word_1_107' title='bbox 345 1131 431 1154; x_wconf 85' lang='lat' dir='ltr'>nem</span> <span class='ocrx_word' id='word_1_108' title='bbox 452 1118 565 1155; x_wconf 80' lang='lat' dir='ltr'>officii</span> <span class='ocrx_word' id='word_1_109' title='bbox 586 1133 718 1156; x_wconf 83' lang='lat' dir='ltr'>caussa</span> <span class='ocrx_word' id='word_1_110' title='bbox 738 1129 1007 1162; x_wconf 76' lang='lat' dir='ltr'>convenerant,</span> <span class='ocrx_word' id='word_1_111' title='bbox 1025 1127 1062 1156; x_wconf 89' lang='lat' dir='ltr'>et</span> <span class='ocrx_word' id='word_1_112' title='bbox 1081 1128 1283 1170; x_wconf 86' lang='lat' dir='ltr'>praetorem</span> <span class='ocrx_word' id='word_1_113' title='bbox 1301 1121 1455 1170; x_wconf 85' lang='lat' dir='ltr'>provin-</span> 
     </span>
     <span class='ocr_line' id='line_1_19' title="bbox 344 1183 1454 1233; baseline 0.003 -15"><span class='ocrx_word' id='word_1_114' title='bbox 344 1183 412 1219; x_wconf 81' lang='lat' dir='ltr'>ciae</span> <span class='ocrx_word' id='word_1_115' title='bbox 437 1183 494 1220; x_wconf 90' lang='lat' dir='ltr'>M.</span> <span class='ocrx_word' id='word_1_116' title='bbox 515 1184 769 1233; x_wconf 87' lang='lat' dir='ltr'>Pomponium</span> <span class='ocrx_word' id='word_1_117' title='bbox 800 1191 937 1220; x_wconf 80' lang='lat' dir='ltr'>secutae</span> <span class='ocrx_word' id='word_1_118' title='bbox 966 1185 1140 1221; x_wconf 87' lang='lat' dir='ltr'>fuerant:</span> <span class='ocrx_word' id='word_1_119' title='bbox 1173 1185 1220 1221; x_wconf 89' lang='lat' dir='ltr'>ad</span> <span class='ocrx_word' id='word_1_120' title='bbox 1238 1185 1313 1221; x_wconf 87' lang='lat' dir='ltr'>hoc</span> <span class='ocrx_word' id='word_1_121' title='bbox 1331 1184 1454 1233; x_wconf 84' lang='lat' dir='ltr'>legio-</span> 
     </span>
     <span class='ocr_line' id='line_1_20' title="bbox 343 1248 1450 1300; baseline 0.002 -17"><span class='ocrx_word' id='word_1_122' title='bbox 343 1260 424 1291; x_wconf 86' lang='lat' dir='ltr'>nes,</span> <span class='ocrx_word' id='word_1_123' title='bbox 446 1262 527 1297; x_wconf 77' lang='lat' dir='ltr'>quae</span> <span class='ocrx_word' id='word_1_124' title='bbox 548 1249 586 1284; x_wconf 88' lang='lat' dir='ltr'>in</span> <span class='ocrx_word' id='word_1_125' title='bbox 608 1248 735 1284; x_wconf 84' lang='lat' dir='ltr'>Sicilia</span> <span class='ocrx_word' id='word_1_126' title='bbox 755 1248 1077 1298; x_wconf 85' lang='lat' dir='ltr'>relinquebantur,</span> <span class='ocrx_word' id='word_1_127' title='bbox 1099 1250 1146 1286; x_wconf 81' lang='lat' dir='ltr'>ad</span> <span class='ocrx_word' id='word_1_128' title='bbox 1169 1249 1450 1300; x_wconf 86' lang='lat' dir='ltr'>prosequendos</span> 
     </span>
     <span class='ocr_line' id='line_1_21' title="bbox 344 1312 1451 1362; baseline 0.001 -15"><span class='ocrx_word' id='word_1_129' title='bbox 344 1312 623 1347; x_wconf 78' lang='lat' dir='ltr'>commilitones</span> <span class='ocrx_word' id='word_1_130' title='bbox 654 1320 939 1362; x_wconf 81' lang='lat' dir='ltr'>processerant:</span> <span class='ocrx_word' id='word_1_131' title='bbox 973 1326 1043 1349; x_wconf 83' lang='lat' dir='ltr'>nec</span> <span class='ocrx_word' id='word_1_132' title='bbox 1067 1313 1194 1350; x_wconf 87' lang='lat' dir='ltr'>classis</span> <span class='ocrx_word' id='word_1_133' title='bbox 1221 1313 1334 1349; x_wconf 88' lang='lat' dir='ltr'>modo</span> <span class='ocrx_word' id='word_1_134' title='bbox 1362 1325 1451 1362; x_wconf 86' lang='lat' dir='ltr'>pro-</span> 
     </span>
     <span class='ocr_line' id='line_1_22' title="bbox 342 1376 1451 1425; baseline 0.002 -14"><span class='ocrx_word' id='word_1_135' title='bbox 342 1376 602 1425; x_wconf 85' lang='lat' dir='ltr'>spectantibus</span> <span class='ocrx_word' id='word_1_136' title='bbox 624 1389 643 1412; x_wconf 87' lang='lat' dir='ltr'>c</span> <span class='ocrx_word' id='word_1_137' title='bbox 663 1383 777 1419; x_wconf 81' lang='lat' dir='ltr'>terra,</span> <span class='ocrx_word' id='word_1_138' title='bbox 799 1376 863 1412; x_wconf 88' lang='lat' dir='ltr'>sed</span> <span class='ocrx_word' id='word_1_139' title='bbox 883 1383 984 1413; x_wconf 86' lang='lat' dir='ltr'>terra</span> <span class='ocrx_word' id='word_1_140' title='bbox 1004 1378 1115 1413; x_wconf 84' lang='lat' dir='ltr'>etiam</span> <span class='ocrx_word' id='word_1_141' title='bbox 1134 1377 1256 1415; x_wconf 85' lang='lat' dir='ltr'>omnis</span> <span class='ocrx_word' id='word_1_142' title='bbox 1276 1377 1375 1413; x_wconf 86' lang='lat' dir='ltr'>circa</span> <span class='ocrx_word' id='word_1_143' title='bbox 1393 1388 1451 1413; x_wconf 83' lang='lat' dir='ltr'>re-</span> 
     </span>
     <span class='ocr_line' id='line_1_23' title="bbox 342 1440 1204 1491; baseline 0.005 -16"><span class='ocrx_word' id='word_1_144' title='bbox 342 1440 439 1476; x_wconf 84' lang='lat' dir='ltr'>ferta</span> <span class='ocrx_word' id='word_1_145' title='bbox 457 1440 569 1476; x_wconf 85' lang='lat' dir='ltr'>turba</span> <span class='ocrx_word' id='word_1_146' title='bbox 589 1441 806 1490; x_wconf 87' lang='lat' dir='ltr'>spectaculo</span> <span class='ocrx_word' id='word_1_147' title='bbox 825 1442 1091 1491; x_wconf 84' lang='lat' dir='ltr'>navigantibus</span> <span class='ocrx_word' id='word_1_148' title='bbox 1112 1449 1204 1479; x_wconf 85' lang='lat' dir='ltr'>erat.</span> 
     </span>
    </p>

    <p class='ocr_par' dir='ltr' id='par_1_6' title="bbox 328 1504 1450 2385">
     <span class='ocr_line' id='line_1_24' title="bbox 395 1504 1450 1556; baseline -0.001 -16"><span class='ocrx_word' id='word_1_149' title='bbox 395 1504 570 1540; x_wconf 82' lang='lat' dir='ltr'>XXVII.</span> <span class='ocrx_word' id='word_1_150' title='bbox 602 1504 679 1540; x_wconf 85' lang='lat' dir='ltr'>Ubi</span> <span class='ocrx_word' id='word_1_151' title='bbox 699 1504 850 1547; x_wconf 85' lang='lat' dir='ltr'>inluxit,</span> <span class='ocrx_word' id='word_1_152' title='bbox 873 1506 1000 1556; x_wconf 87' lang='lat' dir='ltr'>Scipio</span> <span class='ocrx_word' id='word_1_153' title='bbox 1028 1518 1047 1541; x_wconf 87' lang='lat' dir='ltr'>e</span> <span class='ocrx_word' id='word_1_154' title='bbox 1073 1506 1250 1555; x_wconf 80' lang='lat' dir='ltr'>praetoria</span> <span class='ocrx_word' id='word_1_155' title='bbox 1269 1517 1378 1547; x_wconf 88' lang='lat' dir='ltr'>nave,</span> <span class='ocrx_word' id='word_1_156' title='bbox 1399 1504 1450 1539; x_wconf 88' lang='lat' dir='ltr'>si-</span> 
     </span>
     <span class='ocr_line' id='line_1_25' title="bbox 341 1568 1448 1618; baseline -0.001 -14"><span class='ocrx_word' id='word_1_157' title='bbox 341 1568 458 1604; x_wconf 85' lang='lat' dir='ltr'>lentio</span> <span class='ocrx_word' id='word_1_158' title='bbox 488 1581 554 1617; x_wconf 87' lang='lat' dir='ltr'>per</span> <span class='ocrx_word' id='word_1_159' title='bbox 583 1581 795 1618; x_wconf 71' lang='lat' dir='ltr'>praeconem</span> <span class='ocrx_word' id='word_1_160' title='bbox 824 1568 942 1612; x_wconf 88' lang='lat' dir='ltr'>facto,</span> <span class='ocrx_word' id='word_1_161' title='bbox 974 1570 1067 1605; x_wconf 72' lang='lat' dir='ltr'>Divi</span> <span class='ocrx_word' id='word_1_162' title='bbox 1094 1571 1284 1617; x_wconf 79' lang='lat' dir='ltr'>Divceque,</span> <span class='ocrx_word' id='word_1_163' title='bbox 1310 1568 1448 1617; x_wconf 88' lang='lat' dir='ltr'>iuquit,</span> 
     </span>
     <span class='ocr_line' id='line_1_26' title="bbox 338 1633 1449 1682; baseline -0.002 -13"><span class='ocrx_word' id='word_1_164' title='bbox 338 1635 454 1669; x_wconf 72' lang='lat' dir='ltr'>muria</span> <span class='ocrx_word' id='word_1_165' title='bbox 475 1637 656 1680; x_wconf 75' lang='lat' dir='ltr'>terrasque</span> <span class='ocrx_word' id='word_1_166' title='bbox 680 1634 743 1680; x_wconf 73' lang='lat' dir='ltr'>qui</span> <span class='ocrx_word' id='word_1_167' title='bbox 771 1634 897 1675; x_wconf 76' lang='grc' dir='ltr'><em>εοίἰίὶε,</em></span> <span class='ocrx_word' id='word_1_168' title='bbox 925 1646 985 1669; x_wconf 78' lang='lat' dir='ltr'>vos</span> <span class='ocrx_word' id='word_1_169' title='bbox 1008 1646 1133 1681; x_wconf 80' lang='lat' dir='ltr'>precor</span> <span class='ocrx_word' id='word_1_170' title='bbox 1159 1645 1354 1682; x_wconf 82' lang='lat' dir='ltr'>quoesoque,</span> <span class='ocrx_word' id='word_1_171' title='bbox 1380 1633 1449 1674; x_wconf 81' lang='lat' dir='ltr'>uti,</span> 
     </span>
     <span class='ocr_line' id='line_1_27' title="bbox 339 1698 1449 1746; baseline 0 -15"><span class='ocrx_word' id='word_1_172' title='bbox 339 1709 416 1744; x_wconf 63' lang='lat' dir='ltr'>quse</span> <span class='ocrx_word' id='word_1_173' title='bbox 442 1699 478 1732; x_wconf 79' lang='lat' dir='ltr'>in</span> <span class='ocrx_word' id='word_1_174' title='bbox 503 1709 580 1732; x_wconf 41' lang='lat' dir='ltr'>&#39;meo</span> <span class='ocrx_word' id='word_1_175' title='bbox 600 1698 748 1744; x_wconf 75' lang='lat' dir='ltr'>imperio</span> <span class='ocrx_word' id='word_1_176' title='bbox 770 1702 871 1743; x_wconf 79' lang='lat' dir='ltr'>gesta</span> <span class='ocrx_word' id='word_1_177' title='bbox 895 1702 991 1739; x_wconf 78' lang='lat' dir='ltr'>sunt,</span> <span class='ocrx_word' id='word_1_178' title='bbox 1010 1703 1198 1745; x_wconf 77' lang='lat' dir='ltr'>geruntur,</span> <span class='ocrx_word' id='word_1_179' title='bbox 1215 1702 1364 1746; x_wconf 81' lang='lat' dir='ltr'>postque</span> <span class='ocrx_word' id='word_1_180' title='bbox 1385 1707 1449 1743; x_wconf 86' lang='lat' dir='ltr'>ge-</span> 
     </span>
     <span class='ocr_line' id='line_1_28' title="bbox 337 1760 1447 1808; baseline -0.001 -13"><span class='ocrx_word' id='word_1_181' title='bbox 337 1766 474 1802; x_wconf 75' lang='lat' dir='ltr'>rentur,</span> <span class='ocrx_word' id='word_1_182' title='bbox 495 1772 536 1795; x_wconf 75' lang='lat' dir='ltr'>est</span> <span class='ocrx_word' id='word_1_183' title='bbox 554 1760 656 1803; x_wconf 75' lang='lat' dir='ltr'>mihi,</span> <span class='ocrx_word' id='word_1_184' title='bbox 674 1761 810 1808; x_wconf 77' lang='lat' dir='ltr'>populo</span> <span class='ocrx_word' id='word_1_185' title='bbox 826 1761 990 1808; x_wconf 76' lang='lat' dir='ltr'>plebique</span> <span class='ocrx_word' id='word_1_186' title='bbox 1009 1761 1195 1804; x_wconf 79' lang='lat' dir='ltr'>Romame,</span> <span class='ocrx_word' id='word_1_187' title='bbox 1215 1761 1318 1796; x_wconf 76' lang='lat' dir='ltr'>sociis</span> <span class='ocrx_word' id='word_1_188' title='bbox 1333 1760 1447 1795; x_wconf 78' lang='lat' dir='ltr'>nomi-</span> 
     </span>
     <span class='ocr_line' id='line_1_29' title="bbox 337 1824 1446 1873; baseline -0.001 -13"><span class='ocrx_word' id='word_1_189' title='bbox 337 1826 441 1872; x_wconf 70' lang='lat' dir='ltr'>nique</span> <span class='ocrx_word' id='word_1_190' title='bbox 460 1825 609 1867; x_wconf 76' lang='lat' dir='ltr'>Latine,</span> <span class='ocrx_word' id='word_1_191' title='bbox 626 1826 688 1872; x_wconf 76' lang='lat' dir='ltr'>qui</span> <span class='ocrx_word' id='word_1_192' title='bbox 703 1825 831 1872; x_wconf 65' lang='lat' dir='ltr'>populi</span> <span class='ocrx_word' id='word_1_193' title='bbox 845 1824 1016 1868; x_wconf 80' lang='lat' dir='ltr'>Romani,</span> <span class='ocrx_word' id='word_1_194' title='bbox 1031 1827 1158 1873; x_wconf 83' lang='lat' dir='ltr'>quique</span> <span class='ocrx_word' id='word_1_195' title='bbox 1174 1837 1289 1861; x_wconf 81' lang='lat' dir='ltr'>meam</span> <span class='ocrx_word' id='word_1_196' title='bbox 1302 1828 1446 1865; x_wconf 82' lang='lat' dir='ltr'>sectam,</span> 
     </span>
     <span class='ocr_line' id='line_1_30' title="bbox 336 1888 1446 1936; baseline -0.001 -12"><span class='ocrx_word' id='word_1_197' title='bbox 336 1888 539 1935; x_wconf 79' lang='lat' dir='ltr'>imperium,</span> <span class='ocrx_word' id='word_1_198' title='bbox 561 1890 827 1935; x_wconf 69' lang='lat' dir='ltr'>auspiciumque</span> <span class='ocrx_word' id='word_1_199' title='bbox 861 1893 970 1930; x_wconf 81' lang='lat' dir='ltr'>terra,</span> <span class='ocrx_word' id='word_1_200' title='bbox 1001 1890 1108 1931; x_wconf 81' lang='lat' dir='ltr'>mari,</span> <span class='ocrx_word' id='word_1_201' title='bbox 1139 1888 1367 1936; x_wconf 74' lang='lat' dir='ltr'>amnibusque</span> <span class='ocrx_word' id='word_1_202' title='bbox 1392 1899 1446 1923; x_wconf 87' lang='lat' dir='ltr'>se-</span> 
     </span>
     <span class='ocr_line' id='line_1_31' title="bbox 336 1949 1444 2000; baseline -0.001 -13"><span class='ocrx_word' id='word_1_203' title='bbox 336 1957 507 2000; x_wconf 76' lang='lat' dir='ltr'>quuntur,</span> <span class='ocrx_word' id='word_1_204' title='bbox 532 1952 616 1987; x_wconf 85' lang='lat' dir='ltr'>bene</span> <span class='ocrx_word' id='word_1_205' title='bbox 640 1957 872 1988; x_wconf 74' lang='lat' dir='ltr'>verruncent:</span> <span class='ocrx_word' id='word_1_206' title='bbox 900 1964 1010 1999; x_wconf 85' lang='lat' dir='ltr'>eaque</span> <span class='ocrx_word' id='word_1_207' title='bbox 1027 1964 1087 1988; x_wconf 83' lang='lat' dir='ltr'>vos</span> <span class='ocrx_word' id='word_1_208' title='bbox 1105 1954 1226 1988; x_wconf 81' lang='lat' dir='ltr'>omnia</span> <span class='ocrx_word' id='word_1_209' title='bbox 1244 1952 1327 1987; x_wconf 81' lang='lat' dir='ltr'>bene</span> <span class='ocrx_word' id='word_1_210' title='bbox 1339 1949 1444 1998; x_wconf 84' lang='lat' dir='ltr'>juve-</span> 
     </span>
     <span class='ocr_line' id='line_1_32' title="bbox 336 2011 1447 2063; baseline -0.003 -11"><span class='ocrx_word' id='word_1_211' title='bbox 336 2018 401 2052; x_wconf 68' lang='lat' dir='ltr'>tis:</span> <span class='ocrx_word' id='word_1_212' title='bbox 431 2016 528 2051; x_wconf 81' lang='lat' dir='ltr'>bonis</span> <span class='ocrx_word' id='word_1_213' title='bbox 546 2016 705 2051; x_wconf 78' lang='lat' dir='ltr'>auctibus</span> <span class='ocrx_word' id='word_1_214' title='bbox 722 2011 852 2052; x_wconf 53' lang='lat' dir='ltr'>auritis</span> <span class='ocrx_word' id='word_1_215' title='bbox 867 2031 879 2052; x_wconf 90' lang='lat'>.·</span> <span class='ocrx_word' id='word_1_216' title='bbox 906 2016 1023 2051; x_wconf 77' lang='lat' dir='ltr'>salvos</span> <span class='ocrx_word' id='word_1_217' title='bbox 1050 2016 1322 2063; x_wconf 78' lang='lat' dir='ltr'>incolumesque,</span> <span class='ocrx_word' id='word_1_218' title='bbox 1345 2015 1447 2050; x_wconf 80' lang='lat' dir='ltr'>victis</span> 
     </span>
     <span class='ocr_line' id='line_1_33' title="bbox 330 2079 1445 2127; baseline -0.002 -12"><span class='ocrx_word' id='word_1_219' title='bbox 330 2080 570 2127; x_wconf 77' lang='lat' dir='ltr'>perduellibus</span> <span class='ocrx_word' id='word_1_220' title='bbox 593 2081 754 2122; x_wconf 80' lang='lat' dir='ltr'>victores,</span> <span class='ocrx_word' id='word_1_221' title='bbox 784 2080 906 2127; x_wconf 78' lang='lat' dir='ltr'>spoliis</span> <span class='ocrx_word' id='word_1_222' title='bbox 928 2079 1123 2121; x_wconf 73' lang='lat' dir='ltr'>decoratos,</span> <span class='ocrx_word' id='word_1_223' title='bbox 1148 2080 1274 2127; x_wconf 71' lang='lat' dir='ltr'>praecla</span> <span class='ocrx_word' id='word_1_224' title='bbox 1303 2082 1445 2114; x_wconf 79' lang='lat' dir='ltr'>onustos</span> 
     </span>
     <span class='ocr_line' id='line_1_34' title="bbox 334 2143 1442 2192; baseline -0.002 -12"><span class='ocrx_word' id='word_1_225' title='bbox 334 2143 671 2192; x_wconf 78' lang='lat' dir='ltr'>triumphantesque,</span> <span class='ocrx_word' id='word_1_226' title='bbox 695 2155 828 2179; x_wconf 85' lang='lat' dir='ltr'>mecum</span> <span class='ocrx_word' id='word_1_227' title='bbox 848 2143 969 2178; x_wconf 82' lang='lat' dir='ltr'>domos</span> <span class='ocrx_word' id='word_1_228' title='bbox 986 2144 1130 2179; x_wconf 79' lang='lat' dir='ltr'>reduces</span> <span class='ocrx_word' id='word_1_229' title='bbox 1147 2144 1302 2179; x_wconf 70' lang='lat' dir='ltr'>sistatis:</span> <span class='ocrx_word' id='word_1_230' title='bbox 1322 2143 1442 2178; x_wconf 77' lang='lat' dir='ltr'>inimi·</span> 
     </span>
     <span class='ocr_line' id='line_1_35' title="bbox 332 2207 1441 2256; baseline -0.002 -12"><span class='ocrx_word' id='word_1_231' title='bbox 332 2221 452 2244; x_wconf 83' lang='lat' dir='ltr'>corum</span> <span class='ocrx_word' id='word_1_232' title='bbox 472 2208 693 2256; x_wconf 78' lang='lat' dir='ltr'>hostiumque</span> <span class='ocrx_word' id='word_1_233' title='bbox 714 2208 989 2244; x_wconf 79' lang='lat' dir='ltr'>ulciscendorum</span> <span class='ocrx_word' id='word_1_234' title='bbox 1009 2209 1149 2255; x_wconf 83' lang='lat' dir='ltr'>copiam</span> <span class='ocrx_word' id='word_1_235' title='bbox 1158 2207 1316 2256; x_wconf 73' lang='lat' dir='ltr'>faxitis:</span> <span class='ocrx_word' id='word_1_236' title='bbox 1346 2218 1441 2254; x_wconf 72' lang='lat' dir='ltr'>quee-</span> 
     </span>
     <span class='ocr_line' id='line_1_36' title="bbox 329 2269 1437 2320; baseline -0.002 -12"><span class='ocrx_word' id='word_1_237' title='bbox 329 2285 396 2320; x_wconf 86' lang='lat' dir='ltr'>que</span> <span class='ocrx_word' id='word_1_238' title='bbox 415 2273 571 2320; x_wconf 79' lang='lat' dir='ltr'>populus</span> <span class='ocrx_word' id='word_1_239' title='bbox 594 2272 908 2319; x_wconf 75' lang='lat' dir='ltr'>Karthaginiensis</span> <span class='ocrx_word' id='word_1_240' title='bbox 927 2274 960 2307; x_wconf 79' lang='lat' dir='ltr'>in</span> <span class='ocrx_word' id='word_1_241' title='bbox 981 2273 1161 2307; x_wconf 66' lang='lat' dir='ltr'>civitatem</span> <span class='ocrx_word' id='word_1_242' title='bbox 1191 2276 1350 2307; x_wconf 82' lang='lat' dir='ltr'>nostram</span> <span class='ocrx_word' id='word_1_243' title='bbox 1366 2269 1437 2318; x_wconf 79' lang='lat' dir='ltr'>fa-</span> 
     </span>
     <span class='ocr_line' id='line_1_37' title="bbox 328 2335 1436 2385; baseline -0.002 -13"><span class='ocrx_word' id='word_1_244' title='bbox 328 2349 404 2372; x_wconf 75' lang='lat' dir='ltr'>cere</span> <span class='ocrx_word' id='word_1_245' title='bbox 423 2337 566 2373; x_wconf 81' lang='lat' dir='ltr'>molitus</span> <span class='ocrx_word' id='word_1_246' title='bbox 585 2341 648 2379; x_wconf 64' lang='lat' dir='ltr'>ast,</span> <span class='ocrx_word' id='word_1_247' title='bbox 670 2349 712 2374; x_wconf 87' lang='lat' dir='ltr'>ea</span> <span class='ocrx_word' id='word_1_248' title='bbox 734 2341 771 2372; x_wconf 79' lang='lat' dir='ltr'>ut</span> <span class='ocrx_word' id='word_1_249' title='bbox 791 2337 876 2373; x_wconf 75' lang='lat' dir='ltr'>mihi</span> <span class='ocrx_word' id='word_1_250' title='bbox 892 2337 1095 2385; x_wconf 81' lang='lat' dir='ltr'>populoque</span> <span class='ocrx_word' id='word_1_251' title='bbox 1115 2336 1279 2372; x_wconf 77' lang='lat' dir='ltr'>Romano</span> <span class='ocrx_word' id='word_1_252' title='bbox 1298 2336 1334 2371; x_wconf 82' lang='lat' dir='ltr'>in</span> <span class='ocrx_word' id='word_1_253' title='bbox 1350 2335 1436 2370; x_wconf 77' lang='lat' dir='ltr'>civi-</span> 
     </span>
    </p>
   </div>
  </div>
 </body>
</html>
