1507 2656
340 161 493 190 LIBER
517 159 639 188 xxx.
672 157 780 187 cAP.
804 159 947 187 xxvr.
1110 153 1190 199 245

82 248 281 285 Terentius
300 249 433 292 Varro,
455 249 498 284 C.
515 247 723 290 Mamilius,
744 248 801 284 M.
823 247 1020 283 Aurelius:
1054 247 1097 282 iis
1116 253 1190 282 tres
1204 256 1292 286 [χο.
1312 263 1384 287 ⁵49.

83 314 367 362 quinqueremes
402 312 510 348 datae.
567 312 701 347 Annus
737 311 896 359 insignis
924 311 1099 346 incendio
1132 311 1189 345 in-

83 378 202 424 genti,
247 390 321 425 quo
369 376 484 412 clivus
531 375 724 412 Publicius
770 376 817 411 ad
863 374 986 410 solum
1037 381 1190 410 exustus

83 447 153 483 est,
193 447 230 476 et
266 454 446 489 aquarum
482 440 765 489 magnitudine:
812 439 877 474 sed
909 451 1070 474 annonae
1107 438 1191 473 vili-

83 513 138 541 tas
169 505 254 547 fuit,
289 512 538 554 praeterquam
567 505 667 553 quod
698 517 791 554 pace
822 504 944 539 omnis
971 503 1085 539 Italia
1111 509 1192 538 erat

81 576 224 618 aperta,
246 570 359 605 etiam
379 569 479 617 quod
506 582 683 617 magnam
711 569 783 604 vim
812 568 1007 610 frumenti,
1029 580 1075 603 ex
1097 566 1191 602 His-

81 634 194 683 pania
212 634 378 676 missam,
407 633 463 671 M.
484 633 657 670 Valerius
678 633 789 670 Falto
811 640 848 669 et
873 632 929 668 M.
950 632 1089 668 Fabius
1111 632 1190 667 Bu-

80 703 142 733 teo
164 698 287 734 aediles
308 698 453 735 curules
474 699 665 747 quaternis
688 699 769 734 aeris
791 698 943 734 vicatim
962 696 1105 747 populo
1125 697 1189 732 de-

1201 302 1241 331 A.
1252 300 1287 331 C.
1306 305 1380 330 203.

82 762 322 811 scripserunt.
377 763 525 799 Eodem
544 775 646 798 anno
670 763 718 801 Q.
735 762 874 798 Fabius
895 761 1087 797 Maximus
1108 773 1189 796 mo-
1205 769 1245 798 Θ.
1264 769 1353 798 Fabii

82 825 190 868 ritur,
211 833 352 863 exactae
383 828 527 872 aetatis,
562 827 745 876 siquidem
768 839 895 863 verum
915 832 986 868 est,
1009 838 1189 874 augurem

1203 812 1341 841 Maximi

1203 866 1287 885 mors
1304 862 1336 883 Εἰ

81 889 172 925 duos
193 896 231 924 et
254 892 452 938 sexaginta
471 904 590 927 annos
613 891 743 934 fuisse,
765 891 867 939 quod
886 890 1038 939 quidam
1058 896 1190 925 aucto·
1202 898 1322 929 laudes.

79 964 136 988 res
157 959 256 989 sunt.
314 954 382 989 Vir
411 961 511 990 certe
545 955 617 990 fuit
644 956 778 1003 dignus
808 960 918 991 tanto
947 954 1190 1003 cognomine,

80 1015 138 1052 vel
167 1017 198 1052 si
232 1030 371 1053 novum
398 1018 444 1054 ab
465 1031 511 1054 eo
542 1018 736 1068 inciperet.
795 1020 993 1067 Superavit
1012 1025 1191 1067 paternos

79 1081 259 1126 honores,
279 1083 399 1119 avitos
428 1084 601 1132 aequavit.
658 1083 834 1119 Pluribus
859 1083 1026 1118 victoriis
1053 1089 1092 1118 et
1111 1095 1192 1118 ma-

74 1143 224 1195 joribus
262 1146 404 1196 proeliis
439 1159 528 1182 avus
562 1147 720 1195 insignis
752 1146 909 1191 Rullus,
960 1146 1025 1182 sed
1063 1147 1193 1182 omnia

81 1222 229 1258 aequare
259 1223 353 1246 unus
382 1211 503 1246 hostis
534 1210 732 1246 Hannibal
755 1216 894 1260 potest.
952 1210 1111 1246 Cautior
1132 1216 1190 1246 ta-

78 1285 180 1316 men,
209 1286 321 1322 quam
350 1275 550 1324 promtior,
585 1275 646 1310 hic
677 1274 829 1310 habitus
860 1274 955 1310 fuit:
1003 1279 1054 1318 et,
1093 1275 1192 1310 sicut

82 1337 245 1381 dubites,
267 1345 392 1375 utrum
415 1340 569 1388 ingenio
590 1345 788 1375 cunctator
807 1338 935 1381 fuerit,
956 1351 1003 1374 an
1024 1339 1113 1387 quia
1136 1339 1192 1374 ita
1217 1367 1219 1369 .

80 1401 182 1438 bello
201 1405 366 1453 proprie,
388 1404 490 1453 quod
509 1410 587 1440 tum
615 1403 830 1452 gerebatur,
852 1409 982 1453 aptum
1003 1409 1102 1448 erat3
1136 1403 1190 1439 sic

77 1465 175 1500 nihil
195 1467 331 1502 certius
352 1474 421 1510 est,
443 1480 556 1516 quam
576 1480 691 1503 uuum
717 1468 910 1503 hominem
937 1466 1047 1502 nobis
1075 1479 1189 1503 cunc-

80 1529 196 1564 tando
221 1542 301 1566 rem
329 1532 552 1574 restituisse,
574 1532 672 1567 sicut
698 1531 845 1567 Ennius
874 1532 937 1567 ait.
994 1531 1129 1579 Augur
1151 1533 1190 1566 in

78 1590 206 1628 locum
232 1592 310 1642 ejus
335 1595 581 1644 inauguratus
614 1595 662 1634 Q.
679 1594 819 1631 Fabius
839 1594 1047 1637 Maximus,
1070 1594 1188 1630 filius:

80 1656 120 1692 in
141 1655 307 1706 ejusdem
327 1658 452 1696 locum
470 1660 644 1709 pontifex
674 1663 779 1707 (nam
799 1660 874 1695 duo
894 1659 1103 1695 sacerdotia
1122 1661 1190 1695 ha-

79 1719 181 1765 buit)
222 1722 300 1757 Ser.
322 1722 508 1771 Sulpicius
544 1722 679 1759 Galba.
753 1723 853 1759 Ludi
890 1722 1057 1758 Romani
1092 1724 1190 1759 diem

82 1798 212 1829 unum,
226 1786 365 1836 plebeii
381 1794 437 1823 ter
453 1789 524 1823 toti
542 1789 743 1824 instaurati
757 1790 803 1825 ab
822 1789 1004 1832 aedilibus,
1025 1789 1081 1825 M.
1097 1790 1189 1825 Sex-

81 1849 137 1885 tio
159 1849 300 1886 Sabino
327 1858 364 1886 et
398 1852 468 1887 Cn.
489 1852 694 1888 Tremellio
714 1852 875 1889 Flacco:
909 1854 933 1888 ii
957 1853 1070 1889 ambo
1093 1866 1189 1904 proe-

80 1919 180 1948 tores
201 1913 306 1956 facti,
328 1921 365 1950 et
385 1928 469 1951 cum
490 1916 534 1951 iis
556 1916 600 1952 C.
619 1915 751 1952 Livius
772 1917 965 1952 Salinator
986 1926 1021 1952 et
1049 1917 1092 1953 C.
1109 1919 1190 1953 Au-

79 1976 191 2012 relius
213 1978 340 2014 Cotta.
398 1979 564 2014 Comitia
584 1979 663 2028 ejus
686 1980 774 2015 anni
797 1986 921 2015 utrum
946 1980 989 2016 C.
1011 1981 1189 2016 Servilius

79 2041 210 2076 consul
230 2042 417 2085 habuerit,
439 2057 487 2079 au
510 2044 616 2092 (quia
635 2056 720 2079 eum
741 2057 797 2080 res
818 2045 856 2079 in
879 2044 1034 2080 Etruria
1057 2052 1188 2081 tenue-

78 2106 168 2149 rint,
187 2109 412 2154 quaestioncs
435 2122 480 2145 ex
497 2110 830 2145 senatusconsulto
849 2111 892 2145 (le
914 2110 1189 2160 conjurationi-

78 2169 148 2205 bus
169 2171 378 2220 principum
404 2172 625 2218 habentem)
659 2174 823 2208 dictator
850 2174 896 2209 ab
921 2187 965 2209 co
993 2174 1113 2210 <lictus
1145 2176 1189 2213 P.

82 2233 281 2282 Sulpicius,
303 2236 487 2272 incertum
509 2243 548 2272 ut
569 2238 631 2280 sit,
654 2238 787 2273 diversi
810 2245 982 2273 auctores
1004 2239 1159 2275 faciunt.

135 2297 306 2336 XXVII.
336 2300 529 2352 Principio
550 2302 780 2348 insequentis
802 2303 905 2345 anni,
933 2302 987 2338 M.
1010 2303 1186 2340 Servilius

581 2364 627 2400 M
645 2366 668 2401 3
