1523 2666
293 154 377 207 478
752 162 799 192 τ.
827 162 960 193 mvn

99 259 142 290 U.
156 259 192 290 C.
207 266 281 296 557.
294 255 466 291 daemone
479 253 666 298 Eumene,
689 258 727 290 et
751 251 930 298 Rhodiis,
953 258 993 291 et
1017 252 1063 292 L.
1084 255 1268 294 Quinctio
1287 253 1405 292 fratre

96 303 138 334 A·
151 302 190 336 C·
209 311 341 355 ²9⁵·ad
361 319 532 355 classem.

349 383 461 421 XLI.
490 382 599 419 Laeta
614 381 744 418 civitas
762 381 1049 419 celeberrimum
1064 381 1250 418 festorum
1262 381 1407 418 dierum

291 463 335 487 ac
350 448 479 486 nobile
487 447 670 484 ludicrum
684 447 934 491 Nemeorum,
951 447 1011 483 die
1027 453 1126 483 stata
1141 452 1298 497 propter
1311 445 1402 483 belli

290 513 391 551 mala
408 511 716 563 praetermissum,
737 511 777 547 in
797 510 1002 548 adventum
1027 509 1197 548 Romani
1216 509 1403 547 exercitus

290 578 470 626 ducisque
488 575 721 618 indixerunt,
740 575 1063 625 praefeceruntque
1078 576 1174 612 ludis
1194 576 1318 625 ipsum
1333 574 1405 611 im-

290 649 518 693 peratorem.
557 639 684 676 Multa
705 645 827 683 erant,
849 653 932 689 quae
952 640 1129 689 gaudium
1147 639 1401 676 cumularent:

291 706 436 743 reducti
456 706 553 742 cives
575 704 621 741 ab
642 704 918 741 Lacedaemone
938 710 1059 748 erant,
1077 715 1171 754 quos
1191 715 1312 754 nuper
1328 702 1406 752 Py·

291 771 488 819 thagoras,
510 782 679 819 quosque
710 775 798 805 ante
828 769 966 813 Nabis,
991 768 1250 806 abduxerant:
1281 767 1404 804 redie-

292 841 393 878 rant,
415 834 479 883 qui
505 839 593 884 post
613 840 847 884 compertam
874 846 896 869 a
921 833 1142 882 Pythagora
1167 829 1403 882 conjuratio-

291 911 393 941 nem,
416 904 453 933 et
472 897 572 933 caede
591 896 675 946 jam
694 902 834 946 coepta,
855 897 1088 946 effugerant:
1120 896 1337 933 libertatem
1356 907 1404 932 ex

290 963 409 1011 longo
446 961 660 1004 intervallo,
697 961 956 1011 libertatisque
984 967 1157 998 auctores
1187 960 1401 1004 Romanos,

291 1026 426 1076 quibus
461 1037 594 1062 caussa
628 1024 794 1061 bellandi
824 1039 909 1062 cum
937 1032 1099 1074 tyranno
1125 1025 1197 1076 ipsi
1225 1024 1400 1067 fuissent,

291 1090 508 1127 cernebant.
578 1088 612 1124 T
615 1095 737 1124 estata
772 1101 922 1138 quoque
956 1090 1039 1139 ipso
1071 1089 1307 1126 Nemeorum
1339 1088 1400 1124 die

291 1167 383 1191 voce
402 1154 585 1205 praeconis
602 1153 756 1188 libertas
773 1161 830 1189 est
845 1154 1087 1203 Argivorum.
1116 1153 1266 1189 Achaeis
1280 1165 1401 1201 quan-

289 1225 371 1254 tum
403 1217 568 1253 restituti
599 1217 694 1264 Argi
718 1217 754 1251 in
789 1229 988 1253 commune
1013 1217 1169 1253 Achaiae
1196 1216 1400 1252 concilium

288 1282 430 1318 laetitiae
461 1280 704 1325 adferebant3
736 1286 886 1316 tautum
920 1293 1027 1317 serva
1055 1280 1308 1317 Lacedaemon
1341 1293 1401 1317 re-

288 1347 392 1389 licta,
408 1346 517 1382 lateri
534 1345 727 1381 adhaerens
744 1346 911 1394 tyranni,
928 1359 1005 1382 non
1022 1347 1209 1382 sincerum
1222 1345 1400 1394 gaudium

287 1410 494 1461 praebebat.
551 1409 674 1446 AEtoli
702 1422 789 1445 vero
810 1423 892 1446 eam
922 1423 1001 1446 rem
1026 1410 1201 1447 omnibus
1228 1409 1398 1446 conciliis

94 1482 244 1557 ngelae
288 1475 465 1512 lacerare.
525 1475 614 1510 Cum
652 1475 825 1523 Philippo
856 1487 927 1510 non
959 1480 1042 1512 ante
1074 1477 1226 1512 desitum
1258 1475 1398 1516 bellari,

94 1536 126 1557 m
175 1536 266 1557 ulne-

94 1570 174 1600 tmm
287 1552 393 1588 quom
413 1539 570 1575 omnibus
588 1540 767 1574 excederet
791 1539 937 1574 Graecioe
953 1539 1104 1575 urbibus.
1157 1540 1323 1587 Tyranno
1341 1550 1400 1575 re·

287 1605 411 1640 lictam
430 1604 719 1639 Lacedoemonem.
734 1619 746 1639 .·
774 1615 891 1650 regem
910 1608 1032 1639 (tutem
1053 1604 1263 1651 legitimum,
1281 1605 1341 1652 qui
1361 1605 1397 1639 in

286 1669 461 1704 Romanis
468 1667 602 1717 fuerat
621 1669 759 1709 castris,
782 1672 982 1716 ceterosque
1000 1669 1231 1704 nobilissimos
1250 1669 1342 1704 cives
1359 1669 1397 1703 in

283 1733 405 1769 exsilio
422 1734 587 1769 victuros.
645 1732 798 1768 Nabidis
814 1733 1031 1768 dominantis
1048 1732 1240 1768 satellitem
1245 1731 1396 1780 factum

278 1798 457 1846 populum
487 1797 704 1833 Romanum.
761 1797 964 1836 Quinctius
994 1795 1042 1832 ab
1067 1797 1180 1845 Argis
1209 1795 1391 1839 Elatiam,

282 1861 382 1897 unde
415 1861 460 1897 ad
490 1860 631 1896 helhum
665 1861 892 1910 Spartanum
923 1861 1114 1912 profectus
1142 1866 1235 1904 erat,
1264 1860 1392 1910 copias

280 1925 443 1961 reduxit.
500 1924 610 1968 Sunt,
646 1926 708 1973 qui
734 1937 812 1961 nou
845 1938 890 1962 ex
922 1925 1063 1976 oppido
1092 1924 1393 1975 proficiscentem

280 1987 422 2025 bellum
443 1988 603 2036 gessisse
623 1994 825 2037 tyrannum
841 1988 1009 2032 tradant,
1029 1988 1093 2025 sed
1107 1987 1238 2024 castris
1259 1987 1391 2025 adver·

278 2065 339 2088 sus
361 2051 538 2089 Romana
553 2058 676 2090 castra
696 2054 828 2103 positis
842 2068 849 2089 z
872 2053 1011 2102 diuque
1026 2058 1259 2096 cunctatum,
1273 2064 1389 2102 quum

277 2116 499 2154 AEtolorum
519 2117 661 2154 auxilia
686 2124 955 2168 exspectasset,
985 2124 1160 2155 coactum
1189 2117 1236 2154 ad
1263 2122 1387 2155 extre-

275 2193 378 2219 mum
398 2182 478 2218 acie
499 2181 716 2231 confligere,
738 2182 870 2232 inpetu
895 2183 934 2219 in
962 2181 1204 2233 pabulatores
1229 2193 1317 2218 suos
1338 2181 1387 2219 ab

252 2243 458 2285 ‚Romanis
486 2244 613 2282 factos
646 2259 691 2282 eo
714 2246 852 2297 proelio
874 2247 1031 2290 vietum,
1056 2247 1263 2296 castrisque
1291 2259 1384 2284 exu-

270 2314 353 2347 tum
389 2321 522 2361 pacem
558 2310 698 2363 petisse
710 2327 722 2359 3
765 2323 881 2363 quum
915 2311 1138 2351 cecidissent
1170 2311 1386 2362 quindecim
