1523 2666
142 258 186 289 ΙΙ.
201 260 237 290 C.
255 267 329 291 545.

141 303 183 334 A.
199 303 235 333 C.
253 309 328 338 207.

141 566 227 596 Nero
244 577 314 606 pro-

142 610 296 640 ficiscitur

142 654 181 681 ad
198 653 296 683 colle-

140 704 227 735 gam·

337 159 391 200 68
799 172 844 201 T.
867 173 1000 202 mvn

343 268 501 308 gereret,
524 259 736 297 audendum
765 258 907 310 aliquid
938 262 1169 312 inprovisum
1195 263 1450 313 inopinatum,

341 324 442 372 qnod
459 330 625 374 coeptum
641 336 717 360 non
738 325 922 361 minorem
943 326 1041 376 apud
1060 327 1172 369 cives,
1190 340 1301 376 quam
1321 328 1450 364 hostes

339 393 523 422 terrorem
541 387 696 429 faceret,
725 395 980 437 perpetratum
1011 391 1047 425 in
1075 401 1251 438 magnam
1280 390 1451 427 laetitiam

339 462 383 486 ex
414 464 553 499 magno
587 457 689 487 metu
718 459 904 499 verteret3
938 453 1055 489 literis
1087 453 1338 490 Hasdrubalis
1367 454 1450 490 Ro-

338 527 437 550 mam
458 515 503 550 ad
532 521 705 550 senatum
735 515 870 558 missis,
893 516 1003 552 simul
1032 522 1067 552 et
1098 517 1177 567 ipse
1197 517 1328 553 Patres
1359 531 1452 553 con-

338 578 514 628 scriptos,
535 578 623 626 quid
648 585 811 628 pararet,
841 579 988 621 edocet,
1015 587 1068 621 ut,
1089 592 1203 628 quum
1232 581 1269 616 in
1292 580 1454 616 Umbria

339 652 377 677 se
397 641 646 677 obem-surum
670 640 889 677 Hasdrubal
909 642 1017 678 fratri
1044 643 1198 686 scribat,
1219 643 1410 692 legionem
1430 657 1453 680 a

339 705 472 755 Capua
487 704 653 741 Romam
669 712 862 741 arcessant
875 721 885 751 3
909 706 1095 742 delectum
1110 706 1245 743 Romae
1260 707 1428 744 habeant
1437 723 1449 754 3

337 769 545 805 exercitum
575 769 761 805 urbanum
795 769 841 805 ad
876 768 1061 805 Narniam
1099 770 1205 805 hosti
1241 769 1452 820 obponant.

337 831 434 869 Haee
454 833 601 868 senatui
621 833 773 881 scripta.
820 831 1010 867 Praemissi
1030 833 1121 868 item
1140 845 1206 882 per
1225 845 1356 882 agrum
1375 833 1454 870 La-

336 897 513 939 rinatem,
558 896 835 939 Marrucinum,
875 896 1122 939 Frentanum,
1161 889 1452 942 Praetutianum‚

337 971 412 1009 qua
431 960 637 996 exercitum
658 960 837 996 ducturus
865 966 959 1003 erat,
981 966 1023 995 ut
1043 973 1173 996 omnes
1201 972 1248 996 ex
1268 960 1370 1009 agris
1389 974 1453 997 ur-

337 1023 526 1073 bibusque
546 1030 779 1060 commeatus
800 1032 952 1074 paratos
974 1024 1085 1060 militi
1105 1024 1151 1060 ad
1166 1024 1393 1061 vescendum
1411 1025 1453 1062 in

337 1091 436 1126 viam
458 1090 661 1133 deferrent,
684 1103 800 1139 equos
815 1089 1066 1140 jumentaque
1087 1090 1160 1127 alia
1186 1091 1454 1141 producerent,

337 1160 381 1190 ut
399 1154 658 1190 vehiculorum
678 1154 786 1190 fessis
808 1156 921 1205 copia
941 1161 1051 1192 esset.
1109 1155 1196 1205 Ipse
1220 1155 1265 1191 de
1285 1161 1369 1191 toto
1389 1168 1455 1192 ex-

338 1219 459 1254 ercitu
479 1219 616 1254 civium
643 1220 921 1268 sociorumque,
943 1219 1043 1268 quod
1069 1219 1217 1255 roboris
1238 1226 1332 1262 erat,
1353 1219 1455 1256 dele-

339 1282 409 1329 git,
437 1294 503 1318 sex
527 1282 646 1318 millia
671 1283 853 1331 peditum,
881 1282 985 1318 mille
1011 1284 1178 1332 equites:
1210 1284 1453 1333 pronunciat,

340 1357 526 1394 occupare
545 1357 584 1381 se
610 1346 650 1381 in
670 1345 836 1381 Lucanis
860 1346 1073 1394 proximam
1098 1346 1228 1382 urbem
1250 1346 1455 1384 Punicum-

339 1421 412 1458 que
433 1409 470 1444 in
498 1421 542 1444 ea
567 1409 782 1458 praesidium
802 1409 921 1454 velle3
954 1415 995 1444 ut
1015 1409 1060 1445 ad
1085 1410 1156 1445 iter
1181 1411 1304 1459 parati
1323 1422 1456 1447 omnes

339 1478 477 1509 essent.
524 1472 722 1509 Profectus
744 1480 856 1509 nocte
873 1474 977 1510 flexit
996 1475 1035 1509 in
1055 1474 1248 1510 Picenum.
1294 1475 1346 1510 Et
1362 1488 1457 1511 con-

339 1537 398 1572 sul
419 1537 583 1585 quidem,
607 1539 758 1585 quantis
786 1538 960 1573 maximis
988 1537 1186 1573 itineribus
1214 1544 1378 1587 poterat,
1409 1540 1456 1576 ad

341 1600 525 1649 collegam
554 1601 731 1644 ducebat,
758 1601 892 1637 relicto
916 1602 963 1641 Q.
979 1601 1091 1636 Catio
1118 1601 1261 1649 legato,
1283 1603 1347 1651 qui
1373 1616 1455 1639 cas-

338 1666 407 1701 ⁴tris
429 1674 619 1715 praeesset.

394 1730 541 1768 XLIV.
571 1731 707 1768 Romae
737 1733 838 1769 haud
868 1733 990 1769 minus
1022 1733 1176 1769 terroris
1198 1745 1241 1768 ac
1270 1732 1454 1770 tumultus

339 1799 433 1836 erat,
457 1808 566 1842 quam
587 1795 711 1831 fuerat
732 1796 887 1832 biennio
908 1804 1009 1838 ante,
1032 1809 1146 1845 quum
1167 1802 1290 1831 castra
1309 1796 1455 1832 Punica

339 1856 491 1906 objecta
508 1858 692 1894 Romanis
711 1860 899 1896 moenibus
917 1861 1110 1909 portisque
1126 1860 1300 1896 fuerant:
1333 1873 1456 1909 neque

337 1921 428 1956 satis
451 1922 652 1957 constabat
672 1923 821 1964 animis,
844 1930 921 1958 tam
949 1924 1069 1959 audax
1091 1924 1162 1959 iter
1182 1923 1346 1958 consulis
1374 1924 1455 1959 lau-

338 1985 471 2020 darent
505 1987 823 2035 vituperarentne,
882 1988 1102 2036 Adparebat
1135 1989 1228 2036 (quo
1257 1987 1352 2023 nihil
1383 1989 1455 2023 ini-

338 2049 447 2096 quius
469 2052 542 2096 est)
563 2063 609 2085 ex
625 2057 761 2085 eventu
778 2051 916 2086 famam
937 2051 1168 2087 habiturum.
1201 2051 1330 2086 Castra
1344 2064 1457 2099 prope

337 2113 580 2150 Hannibalem
601 2114 731 2150 hostem
760 2117 886 2151 relicta
906 2117 980 2150 sine
998 2117 1086 2151 duce
1111 2129 1190 2151 cum
1210 2118 1378 2156 exercitu,
1401 2117 1457 2151 cni

337 2179 535 2213 detractum
547 2179 652 2227 foret
668 2192 781 2220 omne,
800 2182 893 2227 quod
913 2180 1058 2221 roboris,
1087 2181 1294 2229 qzcodfloris
1310 2179 1456 2227 fuerit;

338 2247 373 2276 et
393 2244 569 2279 consulem
592 2247 628 2280 in
649 2246 817 2281 Lucanos
836 2247 1026 2282 ostendisse
1054 2249 1135 2287 iter,
1157 2259 1261 2293 quum
1286 2247 1457 2281 Picenum

338 2312 373 2341 et
398 2307 559 2344 Galliam
583 2315 734 2357 peteret,
758 2315 874 2346 castra
901 2312 1156 2359 relinquentem
1188 2311 1289 2346 nulla
1319 2311 1393 2345 alia
1420 2322 1457 2345 re
