1507 2656
305 204 458 232 LIBER
478 200 646 230 XXXII·
677 199 783 227 CAP.
807 199 962 228 XVIII.
1110 201 1191 245 351

75 292 244 341 gladios3
276 305 398 341 neque
430 289 608 338 congredi
640 288 810 338 propius,
840 301 961 337 neque
991 291 1195 339 praecidere

74 357 201 393 hastas
223 363 421 406 poterant:
454 360 505 396 et,
528 353 556 388 si
582 365 674 402 quas
697 352 932 394 incidissent,
954 360 1018 388 aut
1041 354 1195 402 praefre-

76 422 231 471 gissent,
252 419 404 456 hastilia
421 418 639 467 fragmento
667 418 748 467 ipso
770 423 898 460 acut0,
921 417 1020 453 inter
1051 419 1196 467 spicula

77 487 307 534 integrarum
336 483 544 524 hastarum,
567 481 668 517 velut
690 480 827 517 vallum
859 481 1077 531 explebant.
1135 484 1197 519 Ad

75 552 148 586 hoc
169 556 206 586 et
232 549 328 585 muri
354 560 439 598 pars
467 547 589 583 adhuc
618 547 769 595 integra
800 551 957 594 utraque
987 552 1070 582 tuta
1100 560 1196 597 prae—

75 616 199 652 stabat
225 615 365 652 latera:
401 628 469 651 nec
500 628 545 650 ex
575 613 692 662 longo
722 613 846 662 spatio
876 620 941 648 aut
971 613 1194 659 cedendum,

75 688 140 716 aut
160 681 308 731 inpetus
330 679 522 716 faciendus
547 685 628 714 erat
646 694 654 722 ;
689 690 771 726 quae
791 690 848 712 res
871 676 1025 713 turbare
1045 678 1193 714 ordines

76 744 182 781 solet.
239 745 412 780 Accessit
438 744 551 779 etiam
571 742 730 778 fortuita
750 754 807 777 res
829 742 873 777 ad
895 743 1042 778 animos
1064 756 1196 779 eorum

74 809 303 844 firmandos:
341 821 428 843 nam
458 820 571 856 quum
606 806 718 842 turris
752 818 816 854 per
849 818 1026 854 aggerem
1062 819 1195 855 parum

75 873 221 908 densati
243 872 310 908 soli
334 882 522 922 ageretur,
544 878 627 907 rota
655 884 728 906 una
759 871 797 905 in
829 870 1003 906 altiorem
1029 870 1194 907 orbitani

75 937 249 985 depressa
279 936 332 972 ita
367 937 499 972 turrim
535 934 745 977 inclinavit,
779 942 818 970 ut
855 934 1017 983 speeiem
1052 937 1195 970 ruentis

74 1000 262 1042 hostibus,
291 1000 662 1049 trepidationemque
689 1000 860 1034 insanam
892 998 1196 1048 superstantibus

74 1065 228 1100 armatis
249 1064 466 1114 praebuerit.

126 1128 281 1164 XVHI.
311 1128 438 1167 Quum
459 1140 592 1178 parum
617 1127 821 1175 quidquam
850 1126 1081 1169 succederet,
1104 1139 1196 1162 con-

74 1193 131 1228 sul
152 1194 305 1229 minime
322 1206 431 1242 aequo
451 1193 580 1229 animo
601 1192 926 1241 comparationem
948 1190 1108 1226 militum
1130 1203 1196 1240 ge-

73 1260 172 1293 neris
193 1271 458 1306 armorumque
478 1257 556 1293 fieri
576 1256 793 1306 patiebatur
811 1271 817 1291 ε
851 1255 963 1292 simul
982 1269 1051 1293 nec
1072 1262 1195 1292 matu—

75 1335 153 1358 ram
175 1322 416 1371 expugnandi
445 1335 564 1372 spem,
584 1335 654 1358 nec
680 1324 867 1359 rationem
892 1322 1024 1372 procul
1050 1336 1072 1358 a
1102 1323 1197 1358 mari

75 1394 110 1422 et
132 1387 169 1422 in
191 1387 367 1422 evastatis
388 1386 477 1422 belli
504 1386 673 1423 cladibus
704 1387 797 1424 locis
828 1387 1052 1423 hibernandi
1081 1386 1195 1423 ullam

74 1450 274 1487 cernebat:
316 1451 444 1499 itaque
477 1450 609 1487 relicta
637 1451 849 1493 obsidione,
879 1451 967 1499 quia
996 1450 1120 1486 nullus
1156 1452 1194 1487 in

73 1522 155 1550 tota
174 1515 400 1550 Acarnaniae
427 1522 540 1564 atque
570 1515 729 1552 AEtoliae
756 1529 821 1551 ora
852 1524 983 1565 portus
1015 1522 1108 1558 erat,
1130 1516 1194 1564 qui

73 1578 184 1615 simul
203 1586 241 1615 et
261 1591 390 1614 omnes
412 1580 618 1622 onerarias,
633 1593 715 1628 quae
736 1587 992 1616 commeatum
1013 1580 1195 1615 exercitui

73 1643 292 1693 portabant,
315 1651 480 1693 caperet,
502 1651 540 1680 et
565 1651 667 1680 tecta
693 1645 738 1681 ad
766 1644 1042 1680 hibernandum
1075 1643 1195 1690 legio-

72 1709 184 1744 nibus
206 1708 403 1758 praeberet,
422 1709 608 1758 Anticyra
629 1710 667 1745 in
687 1710 868 1751 Phocide,
892 1710 929 1744 in
951 1709 1195 1744 Corinthium

73 1785 179 1809 versa
208 1774 346 1815 sinum,
368 1774 414 1808 ad
444 1773 481 1808 id
511 1774 833 1822 opportunissime
864 1773 936 1808 sita
968 1772 1073 1807 visa:
1107 1773 1196 1820 quia

74 1851 144 1875 nec
165 1838 297 1888 procul
324 1838 522 1874 Thessalia
548 1839 791 1888 hostiumque
820 1838 913 1874 locis
943 1837 1124 1883 abibant3
1157 1845 1194 1874 et

75 1915 121 1938 ex
141 1903 297 1939 adverso
318 1903 625 1954 Peloponnesum
645 1904 785 1952 exiguo
815 1904 927 1939 maris
948 1903 1073 1952 spatio
1100 1903 1194 1938 divi-

75 1980 168 2010 sam,
191 1967 237 2003 ab
257 1975 366 2016 tergo
380 1968 566 2004 AEtoliam
583 1969 927 2016 Acarnaniamque,
946 1967 993 2002 ab
1015 1967 1194 2003 lateribus

74 2033 276 2069 Locridem
304 2047 347 2069 ac
378 2034 571 2070 Boeotiam
602 2034 808 2070 habebant.
866 2033 1043 2069 Phocidis
1072 2033 1195 2082 primo

74 2097 206 2146 inpetu
235 2098 470 2134 Phanoteam
498 2100 578 2135 sine
607 2099 813 2135 certamine
843 2099 953 2147 cepit.
1011 2098 1197 2146 Anticyra

76 2161 177 2197 haud
197 2162 356 2198 multum
379 2164 416 2198 in
444 2163 702 2213 obpugnando
726 2162 887 2213 praebuit
917 2175 1044 2197 morae.
1101 2162 1196 2197 Am-

75 2225 208 2274 brysus
242 2226 328 2262 inde
361 2227 662 2277 Hyampolisque
695 2233 868 2276 receptae.
926 2226 1076 2269 Daulis,
1109 2227 1198 2275 quia

75 2290 115 2326 in
144 2290 290 2328 tumulo
315 2291 465 2328 excelso
493 2293 523 2327 si
544 2306 565 2328 a
593 2301 663 2335 est,
685 2305 754 2328 nec
781 2292 906 2334 scalis,
928 2304 997 2327 nec
1018 2290 1195 2340 operibus

77 2357 159 2408 capi
184 2362 357 2408 poterat:
390 2356 611 2394 lacessendo
630 2357 836 2395 m1ssilibus
856 2370 936 2401 eos,
957 2356 1022 2406 qui
1040 2356 1080 2392 in
1099 2368 1196 2407 proe-

1210 295 1251 326 U.
1267 295 1303 325 C.
1321 303 1395 327 554.

1208 341 1249 370 A.
1264 340 1299 370 C.
1320 346 1394 372 198.

1209 1262 1255 1291 Re
1272 1261 1390 1293 infecta

1209 1305 1274 1336 abit
1285 1306 1410 1336 consul.

1208 1843 1355 1873 Phocidis

1210 1887 1301 1916 urbes
1317 1887 1358 1917 ab

1208 1940 1245 1960 eo
1262 1937 1373 1970 captae.
