1523 2666
481 394 839 443 EPITOME
886 394 1108 443 LIBRI
1144 395 1316 444 XXX.

713 521 1074 546 *-

403 615 443 651 N
472 614 603 663 Africa
636 613 759 661 Scipio
788 612 1105 660 Karthaginienses
1135 619 1171 651 et
1201 617 1363 653 eumdem
1392 616 1463 666 Sy·

420 679 572 727 phacem
602 678 846 713 Numidarum
873 688 992 724 regem
1019 678 1353 728 Hasdrubalemque
1381 682 1466 728 plu-

342 743 438 779 ribus
463 743 600 791 proeliis
629 742 728 783 vicit,
758 739 952 787 adjuvante
983 742 1189 785 Masinissa,
1213 743 1363 791 binaque
1386 744 1465 780 hos-

345 808 436 843 tium
456 811 575 842 castra
600 806 841 853 expugnavit:
868 806 906 840 in
932 804 1054 852 quibus
1079 807 1322 854 quadraginta
1349 808 1467 843 millia

345 869 528 907 hominum
536 868 644 918 ferro
665 869 806 915 ignique
826 873 1010 904 consumta
1027 873 1121 905 sunt.
1179 869 1381 918 Syphacem
1401 882 1468 918 per

348 934 389 970 C.
409 933 561 969 Laelium
586 937 620 968 et
639 931 871 968 Masinissam
901 933 1004 980 cepit.
1060 933 1252 969 Masinissa
1271 933 1467 981 Sophonis-

346 999 441 1042 bam,
475 1010 620 1034 uxorem
658 997 848 1046 Syphacis,
876 998 1002 1045 filiam
1035 998 1287 1042 Hasdrubalis,
1324 1005 1471 1047 captam

342 1065 469 1099 statim
507 1064 706 1103 adamavit,
738 1066 786 1105 et,
820 1063 956 1109 nuptiis
981 1061 1111 1110 factis,
1147 1075 1290 1099 uxorem
1322 1063 1471 1099 habuit:

344 1129 543 1174 castigatus
570 1139 594 1162 a
619 1126 788 1174 Scipione
816 1137 986 1161 venenum
1020 1127 1053 1161 ei
1082 1128 1203 1162 misit:
1245 1138 1313 1174 quo
1346 1127 1472 1163 hausto

344 1192 415 1227 ‘illa
435 1192 591 1227 decessit.
649 1191 900 1239 Effectuquce
928 1195 980 1225 est
1007 1192 1130 1226 'mullis
1159 1191 1338 1239 Scipionis
1357 1192 1470 1227 victo·

345 1257 422 1297 riis,
446 1259 486 1290 ut
507 1254 838 1301 KarthaginienseS,
862 1256 896 1289 in
915 1255 1194 1302 desperationem
1214 1256 1299 1296 acti,
1314 1256 1352 1290 in
1367 1256 1472 1290 auxi-

349 1319 435 1354 lium
454 1319 606 1366 pablicae
624 1319 751 1353 salutis
771 1318 1012 1353 Hannibalem
1039 1330 1080 1354 ex
1106 1319 1221 1354 Italia
1239 1324 1445 1355 revocarent
1459 1334 1472 1355 :

347 1384 459 1430 isque,
491 1393 586 1417 anno
617 1383 848 1417 decimosexto
879 1381 994 1416 Italia
1026 1383 1206 1424 decedens,
1237 1384 1276 1418 in
1308 1382 1474 1431 Africam.

350 1444 506 1492 trajecit,
539 1447 756 1493 tentavitque
780 1457 847 1493 per
881 1446 1105 1493 conloquium
1129 1457 1256 1493 pacem
1282 1458 1361 1481 cum
1394 1446 1474 1481 Sci-

344 1513 454 1560 pione
473 1523 706 1559 componere:
736 1516 784 1553 et,
807 1523 914 1558 quum
935 1512 977 1546 de
998 1512 1256 1547 conditionibus
1276 1512 1378 1558 pacis
1406 1522 1478 1546 non

350 1576 579 1617 convenisset,
617 1576 694 1610 acic
729 1576 843 1610 victus
879 1580 940 1610 est.
1000 1575 1081 1610 Pax
1117 1575 1478 1622 Karthaginiensibus

349 1640 439 1675 data
467 1644 517 1674 est
545 1640 753 1687 petentibus.
809 1639 996 1674 Hannibal
1021 1640 1223 1687 Gisgonem,
1250 1651 1377 1686 pacem
1403 1640 1476 1674 dis-

348 1705 572 1746 suadentem,
594 1717 703 1739 manu
730 1716 794 1740 sua
816 1704 998 1739 detraxit:
1027 1708 1194 1739 excusata
1213 1704 1338 1738 deinde
1368 1707 1476 1739 teme-

353 1770 464 1805 ritate
485 1767 600 1816 facti,
633 1770 706 1816 ipse
741 1779 866 1816 pacem
901 1769 1024 1803 suasit.
1084 1768 1210 1815 Mago,
1243 1768 1303 1815 qui
1323 1767 1411 1802 bello
1440 1768 1477 1802 in

351 1847 441 1882 agro
463 1833 667 1870 Inszibriztm
698 1846 777 1869 cum
807 1833 981 1869 Romanis
1010 1833 1228 1882 cory‘lixerat,
1258 1833 1475 1874 vulneratas,

351 1900 438 1935 dam
465 1900 502 1933 in
532 1896 699 1946 Africam
731 1909 799 1945 per
827 1898 962 1944 legatos
991 1902 1172 1933 revocatus
1202 1898 1407 1937 revertitur,
1436 1907 1478 1931 ea:

352 1963 498 1999 vulnere
535 1966 696 1997 mortuus
733 1966 796 1997 est.
853 1961 1053 1997 stIasinissae
1089 1973 1238 2008 regnum
1273 1961 1480 1995 restitutum.

352 2033 414 2063 est.
477 2026 653 2063 Reversus
681 2028 718 2061 in
738 2026 857 2061 urbem
878 2026 999 2074 Scipio
1020 2026 1277 2073 amplissimum
1304 2024 1479 2059 nobilissi-

353 2103 523 2140 mumque
553 2093 627 2138 egit
657 2090 893 2138 triumphum,
929 2101 1032 2138 quem
1068 2090 1110 2129 Q.
1141 2090 1325 2124 Terentius
1360 2088 1482 2123 Culleo

350 2160 496 2192 senator
522 2157 680 2204 pileatus
703 2159 842 2191 secutus
867 2159 929 2190 est.
988 2155 1109 2201 Scipio
1130 2153 1326 2201 Africanus
1348 2153 1481 2199 (incer-

359 2223 435 2254 tum
455 2219 606 2254 militari
624 2220 727 2266 prius
737 2218 885 2267 favore,
906 2230 954 2254 an
979 2218 1150 2267 populari
1169 2228 1262 2252 aura
1282 2218 1334 2251 ita
1353 2227 1480 2263 cogno-

356 2282 530 2328 minatus)
552 2284 690 2329 primus
710 2286 802 2318 certe
822 2282 878 2318 hic
898 2283 1093 2331 imperator
1113 2282 1212 2317 victae
1231 2292 1254 2316 a
1278 2290 1314 2315 se
1342 2280 1481 2315 nominc

355 2348 472 2394 gentis
491 2345 701 2383 nobilitatus
719 2352 780 2382 cst.
