<?xml version="1.0" encoding="UTF-8"?>
<!DOCTYPE html PUBLIC "-//W3C//DTD XHTML 1.0 Transitional//EN"
    "http://www.w3.org/TR/xhtml1/DTD/xhtml1-transitional.dtd">
<html xmlns="http://www.w3.org/1999/xhtml" xml:lang="en" lang="en">
 <head>
  <title>
</title>
<meta http-equiv="Content-Type" content="text/html;charset=utf-8" />
  <meta name='ocr-system' content='tesseract 3.04.00' />
  <meta name='ocr-capabilities' content='ocr_page ocr_carea ocr_par ocr_line ocrx_word'/>
</head>
<body>
  <div class='ocr_page' id='page_1' title='image "./historiarumquaes03livyuoft_0605.png"; bbox 0 0 1507 2656; ppageno 0'>
   <div class='ocr_carea' id='block_1_1' title="bbox 358 204 1235 250">
    <p class='ocr_par' dir='ltr' id='par_1_1' title="bbox 358 204 1235 250">
     <span class='ocr_line' id='line_1_1' title="bbox 358 204 1235 250; baseline -0.002 -14"><span class='ocrx_word' id='word_1_1' title='bbox 358 207 512 236; x_wconf 78' lang='lat' dir='ltr'>LIBER</span> <span class='ocrx_word' id='word_1_2' title='bbox 538 204 718 234; x_wconf 80' lang='lat' dir='ltr'>XXXVI·</span> <span class='ocrx_word' id='word_1_3' title='bbox 754 204 860 234; x_wconf 75' lang='lat' dir='ltr'>CAI’.</span> <span class='ocrx_word' id='word_1_4' title='bbox 885 206 1006 235; x_wconf 84' lang='lat' dir='ltr'>XXX.</span> <span class='ocrx_word' id='word_1_5' title='bbox 1153 207 1235 250; x_wconf 72' lang='lat'>593</span> 
     </span>
    </p>
   </div>
   <div class='ocr_carea' id='block_1_2' title="bbox 118 295 1243 2404">
    <p class='ocr_par' dir='ltr' id='par_1_2' title="bbox 126 295 1239 412">
     <span class='ocr_line' id='line_1_2' title="bbox 126 295 1239 349; baseline 0 -16"><span class='ocrx_word' id='word_1_6' title='bbox 126 305 268 342; x_wconf 80' lang='lat' dir='ltr'>rentur,</span> <span class='ocrx_word' id='word_1_7' title='bbox 291 298 484 349; x_wconf 78' lang='lat' dir='ltr'><strong>Hypatam</strong></span> <span class='ocrx_word' id='word_1_8' title='bbox 513 297 708 334; x_wconf 82' lang='lat' dir='ltr'>Nicander</span> <span class='ocrx_word' id='word_1_9' title='bbox 736 295 1041 332; x_wconf 82' lang='lat' dir='ltr'>consultantibus</span> <span class='ocrx_word' id='word_1_10' title='bbox 1072 296 1117 332; x_wconf 90' lang='lat' dir='ltr'>de</span> <span class='ocrx_word' id='word_1_11' title='bbox 1146 309 1239 348; x_wconf 89' lang='lat' dir='ltr'>pace</span> 
     </span>
     <span class='ocr_line' id='line_1_3' title="bbox 127 361 552 412; baseline 0.002 -14"><span class='ocrx_word' id='word_1_12' title='bbox 127 361 304 399; x_wconf 80' lang='lat' dir='ltr'>Romana</span> <span class='ocrx_word' id='word_1_13' title='bbox 322 364 552 412; x_wconf 85' lang='lat' dir='ltr'>supervenit.</span> 
     </span>
    </p>

    <p class='ocr_par' dir='ltr' id='par_1_3' title="bbox 119 426 1243 1754">
     <span class='ocr_line' id='line_1_4' title="bbox 180 426 1241 469; baseline 0 -6"><span class='ocrx_word' id='word_1_14' title='bbox 180 427 316 464; x_wconf 85' lang='lat' dir='ltr'>XXX.</span> <span class='ocrx_word' id='word_1_15' title='bbox 345 427 414 463; x_wconf 87' lang='grc' dir='ltr'>Μ’.</span> <span class='ocrx_word' id='word_1_16' title='bbox 435 426 594 469; x_wconf 86' lang='lat' dir='ltr'>Acilius,</span> <span class='ocrx_word' id='word_1_17' title='bbox 625 426 791 469; x_wconf 85' lang='lat' dir='ltr'>vendita,</span> <span class='ocrx_word' id='word_1_18' title='bbox 823 433 888 462; x_wconf 89' lang='lat' dir='ltr'>aut</span> <span class='ocrx_word' id='word_1_19' title='bbox 919 438 1099 462; x_wconf 86' lang='lat' dir='ltr'>concessa</span> <span class='ocrx_word' id='word_1_20' title='bbox 1127 426 1241 463; x_wconf 86' lang='lat' dir='ltr'>militi</span> 
     </span>
     <span class='ocr_line' id='line_1_5' title="bbox 125 489 1239 540; baseline 0 -14"><span class='ocrx_word' id='word_1_21' title='bbox 125 490 224 526; x_wconf 89' lang='lat' dir='ltr'>circa</span> <span class='ocrx_word' id='word_1_22' title='bbox 244 490 468 526; x_wconf 78' lang='lat' dir='ltr'>Heracleam</span> <span class='ocrx_word' id='word_1_23' title='bbox 489 491 628 540; x_wconf 74' lang='lat' dir='ltr'>praeda,</span> <span class='ocrx_word' id='word_1_24' title='bbox 654 496 855 540; x_wconf 78' lang='lat' dir='ltr'>postquam</span> <span class='ocrx_word' id='word_1_25' title='bbox 884 502 953 525; x_wconf 90' lang='lat' dir='ltr'>nec</span> <span class='ocrx_word' id='word_1_26' title='bbox 976 489 1142 540; x_wconf 84' lang='lat' dir='ltr'>Hypatae</span> <span class='ocrx_word' id='word_1_27' title='bbox 1172 503 1239 540; x_wconf 88' lang='lat' dir='ltr'>pa-</span> 
     </span>
     <span class='ocr_line' id='line_1_6' title="bbox 124 553 1236 604; baseline 0 -15"><span class='ocrx_word' id='word_1_28' title='bbox 124 560 209 589; x_wconf 84' lang='lat' dir='ltr'>cata</span> <span class='ocrx_word' id='word_1_29' title='bbox 218 566 297 590; x_wconf 89' lang='lat' dir='ltr'>essc</span> <span class='ocrx_word' id='word_1_30' title='bbox 313 555 486 597; x_wconf 86' lang='lat' dir='ltr'>consilia,</span> <span class='ocrx_word' id='word_1_31' title='bbox 501 561 538 590; x_wconf 86' lang='lat' dir='ltr'>et</span> <span class='ocrx_word' id='word_1_32' title='bbox 554 555 798 604; x_wconf 77' lang='lat' dir='ltr'>Naupactum</span> <span class='ocrx_word' id='word_1_33' title='bbox 814 554 1049 590; x_wconf 80' lang='lat' dir='ltr'>concurrisse</span> <span class='ocrx_word' id='word_1_34' title='bbox 1064 553 1236 597; x_wconf 81' lang='lat' dir='ltr'>AEtolos,</span> 
     </span>
     <span class='ocr_line' id='line_1_7' title="bbox 123 617 1234 669; baseline 0.002 -17"><span class='ocrx_word' id='word_1_35' title='bbox 123 624 166 653; x_wconf 88' lang='lat' dir='ltr'>ut</span> <span class='ocrx_word' id='word_1_36' title='bbox 198 618 285 654; x_wconf 90' lang='lat' dir='ltr'>inde</span> <span class='ocrx_word' id='word_1_37' title='bbox 315 625 439 654; x_wconf 87' lang='lat' dir='ltr'>totum</span> <span class='ocrx_word' id='word_1_38' title='bbox 468 619 639 669; x_wconf 85' lang='lat' dir='ltr'>inpetum</span> <span class='ocrx_word' id='word_1_39' title='bbox 667 617 757 655; x_wconf 91' lang='lat' dir='ltr'>belli</span> <span class='ocrx_word' id='word_1_40' title='bbox 786 619 1031 658; x_wconf 83' lang='lat' dir='ltr'>sustinerent,</span> <span class='ocrx_word' id='word_1_41' title='bbox 1063 618 1234 664; x_wconf 88' lang='lat' dir='ltr'>audivit;</span> 
     </span>
     <span class='ocr_line' id='line_1_8' title="bbox 123 681 1239 732; baseline 0.003 -16"><span class='ocrx_word' id='word_1_42' title='bbox 123 682 318 731; x_wconf 77' lang='lat' dir='ltr'>praemisso</span> <span class='ocrx_word' id='word_1_43' title='bbox 338 683 411 732; x_wconf 93' lang='lat' dir='ltr'>Ap.</span> <span class='ocrx_word' id='word_1_44' title='bbox 430 682 589 719; x_wconf 90' lang='lat' dir='ltr'>Claudio</span> <span class='ocrx_word' id='word_1_45' title='bbox 609 695 693 718; x_wconf 91' lang='lat' dir='ltr'>cum</span> <span class='ocrx_word' id='word_1_46' title='bbox 710 688 873 731; x_wconf 88' lang='lat' dir='ltr'>quatuor</span> <span class='ocrx_word' id='word_1_47' title='bbox 888 681 1053 717; x_wconf 89' lang='lat' dir='ltr'>millibus</span> <span class='ocrx_word' id='word_1_48' title='bbox 1074 681 1239 719; x_wconf 87' lang='lat' dir='ltr'>militum</span> 
     </span>
     <span class='ocr_line' id='line_1_9' title="bbox 124 744 1238 797; baseline 0.002 -16"><span class='ocrx_word' id='word_1_49' title='bbox 124 744 171 781; x_wconf 86' lang='lat' dir='ltr'>ad</span> <span class='ocrx_word' id='word_1_50' title='bbox 191 747 411 796; x_wconf 85' lang='lat' dir='ltr'>occupanda</span> <span class='ocrx_word' id='word_1_51' title='bbox 423 746 534 797; x_wconf 77' lang='lat' dir='ltr'>juga,</span> <span class='ocrx_word' id='word_1_52' title='bbox 557 760 631 796; x_wconf 86' lang='lat' dir='ltr'>qua</span> <span class='ocrx_word' id='word_1_53' title='bbox 650 746 817 783; x_wconf 87' lang='lat' dir='ltr'>difficiles</span> <span class='ocrx_word' id='word_1_54' title='bbox 847 747 1028 782; x_wconf 85' lang='lat' dir='ltr'><strong>transitus</strong></span> <span class='ocrx_word' id='word_1_55' title='bbox 1048 747 1238 783; x_wconf 88' lang='lat' dir='ltr'>montium</span> 
     </span>
     <span class='ocr_line' id='line_1_10' title="bbox 125 809 1239 860; baseline 0.003 -16"><span class='ocrx_word' id='word_1_56' title='bbox 125 816 246 853; x_wconf 83' lang='lat' dir='ltr'>erant,</span> <span class='ocrx_word' id='word_1_57' title='bbox 267 810 346 860; x_wconf 85' lang='lat' dir='ltr'>ipse</span> <span class='ocrx_word' id='word_1_58' title='bbox 367 811 504 848; x_wconf 89' lang='lat' dir='ltr'>OEtam</span> <span class='ocrx_word' id='word_1_59' title='bbox 525 811 733 854; x_wconf 83' lang='lat' dir='ltr'>adscendit,</span> <span class='ocrx_word' id='word_1_60' title='bbox 756 810 988 859; x_wconf 81' lang='lat' dir='ltr'>Herculique</span> <span class='ocrx_word' id='word_1_61' title='bbox 1013 809 1239 847; x_wconf 88' lang='lat' dir='ltr'>sacrificium</span> 
     </span>
     <span class='ocr_line' id='line_1_11' title="bbox 124 872 1237 924; baseline 0.001 -16"><span class='ocrx_word' id='word_1_62' title='bbox 124 872 215 909; x_wconf 79' lang='lat' dir='ltr'>fecit</span> <span class='ocrx_word' id='word_1_63' title='bbox 232 874 270 909; x_wconf 88' lang='lat' dir='ltr'>in</span> <span class='ocrx_word' id='word_1_64' title='bbox 291 887 335 910; x_wconf 90' lang='lat' dir='ltr'>eo</span> <span class='ocrx_word' id='word_1_65' title='bbox 355 874 458 919; x_wconf 85' lang='lat' dir='ltr'>loco,</span> <span class='ocrx_word' id='word_1_66' title='bbox 477 888 588 924; x_wconf 88' lang='lat' dir='ltr'>quem</span> <span class='ocrx_word' id='word_1_67' title='bbox 606 875 759 924; x_wconf 86' lang='lat' dir='ltr'>Pyram,</span> <span class='ocrx_word' id='word_1_68' title='bbox 781 874 882 924; x_wconf 88' lang='lat' dir='ltr'>quod</span> <span class='ocrx_word' id='word_1_69' title='bbox 901 873 954 910; x_wconf 91' lang='lat' dir='ltr'>ibi</span> <span class='ocrx_word' id='word_1_70' title='bbox 974 872 1134 910; x_wconf 85' lang='lat' dir='ltr'>mortale</span> <span class='ocrx_word' id='word_1_71' title='bbox 1153 886 1237 910; x_wconf 88' lang='lat' dir='ltr'>cor-</span> 
     </span>
     <span class='ocr_line' id='line_1_12' title="bbox 122 936 1238 990; baseline 0.002 -18"><span class='ocrx_word' id='word_1_72' title='bbox 122 949 192 986; x_wconf 90' lang='lat' dir='ltr'>pus</span> <span class='ocrx_word' id='word_1_73' title='bbox 214 936 293 987; x_wconf 87' lang='lat' dir='ltr'>ejus</span> <span class='ocrx_word' id='word_1_74' title='bbox 314 938 389 975; x_wconf 87' lang='lat' dir='ltr'>Dei</span> <span class='ocrx_word' id='word_1_75' title='bbox 410 940 458 976; x_wconf 91' lang='lat' dir='ltr'>sit</span> <span class='ocrx_word' id='word_1_76' title='bbox 478 945 700 982; x_wconf 84' lang='lat' dir='ltr'>crematum,</span> <span class='ocrx_word' id='word_1_77' title='bbox 722 938 913 990; x_wconf 82' lang='lat' dir='ltr'>adpellant</span> <span class='ocrx_word' id='word_1_78' title='bbox 930 953 938 974; x_wconf 78' lang='lat'>2</span> <span class='ocrx_word' id='word_1_79' title='bbox 961 938 1048 974; x_wconf 90' lang='lat' dir='ltr'>inde</span> <span class='ocrx_word' id='word_1_80' title='bbox 1067 944 1152 974; x_wconf 86' lang='lat' dir='ltr'>toto</span> <span class='ocrx_word' id='word_1_81' title='bbox 1172 952 1238 974; x_wconf 82' lang='lat' dir='ltr'>ex-</span> 
     </span>
     <span class='ocr_line' id='line_1_13' title="bbox 122 1002 1240 1053; baseline 0.002 -18"><span class='ocrx_word' id='word_1_82' title='bbox 122 1002 242 1037; x_wconf 87' lang='lat' dir='ltr'>ercitu</span> <span class='ocrx_word' id='word_1_83' title='bbox 258 1002 451 1051; x_wconf 87' lang='lat' dir='ltr'>profectus</span> <span class='ocrx_word' id='word_1_84' title='bbox 472 1003 659 1053; x_wconf 86' lang='lat' dir='ltr'>reliquum</span> <span class='ocrx_word' id='word_1_85' title='bbox 678 1004 751 1039; x_wconf 87' lang='lat' dir='ltr'>iter</span> <span class='ocrx_word' id='word_1_86' title='bbox 770 1003 859 1040; x_wconf 88' lang='lat' dir='ltr'>satis</span> <span class='ocrx_word' id='word_1_87' title='bbox 880 1003 1057 1053; x_wconf 84' lang='lat' dir='ltr'>expedito</span> <span class='ocrx_word' id='word_1_88' title='bbox 1087 1003 1240 1051; x_wconf 85' lang='lat' dir='ltr'>agmine</span> 
     </span>
     <span class='ocr_line' id='line_1_14' title="bbox 121 1063 1241 1117; baseline 0.003 -18"><span class='ocrx_word' id='word_1_89' title='bbox 121 1063 226 1100; x_wconf 87' lang='lat' dir='ltr'>fecit.</span> <span class='ocrx_word' id='word_1_90' title='bbox 265 1066 320 1102; x_wconf 91' lang='lat' dir='ltr'>Ut</span> <span class='ocrx_word' id='word_1_91' title='bbox 339 1067 385 1102; x_wconf 86' lang='lat' dir='ltr'>ad</span> <span class='ocrx_word' id='word_1_92' title='bbox 407 1068 588 1102; x_wconf 75' lang='lat' dir='ltr'>Coracem</span> <span class='ocrx_word' id='word_1_93' title='bbox 611 1075 667 1104; x_wconf 72' lang='lat' dir='ltr'>est</span> <span class='ocrx_word' id='word_1_94' title='bbox 684 1074 853 1113; x_wconf 83' lang='lat' dir='ltr'>ventum,</span> <span class='ocrx_word' id='word_1_95' title='bbox 878 1069 1003 1117; x_wconf 87' lang='lat' dir='ltr'>(mons</span> <span class='ocrx_word' id='word_1_96' title='bbox 1025 1074 1082 1104; x_wconf 90' lang='lat' dir='ltr'>est</span> <span class='ocrx_word' id='word_1_97' title='bbox 1101 1066 1241 1104; x_wconf 88' lang='lat' dir='ltr'>altissi-</span> 
     </span>
     <span class='ocr_line' id='line_1_15' title="bbox 123 1126 1243 1179; baseline 0.001 -16"><span class='ocrx_word' id='word_1_98' title='bbox 123 1138 205 1164; x_wconf 88' lang='lat' dir='ltr'>mus</span> <span class='ocrx_word' id='word_1_99' title='bbox 226 1128 325 1164; x_wconf 87' lang='lat' dir='ltr'>inter</span> <span class='ocrx_word' id='word_1_100' title='bbox 346 1128 551 1179; x_wconf 88' lang='lat' dir='ltr'>Callipolin</span> <span class='ocrx_word' id='word_1_101' title='bbox 571 1134 608 1164; x_wconf 90' lang='lat' dir='ltr'>et</span> <span class='ocrx_word' id='word_1_102' title='bbox 633 1126 895 1177; x_wconf 82' lang='lat' dir='ltr'>Naupactum)</span> <span class='ocrx_word' id='word_1_103' title='bbox 922 1127 974 1162; x_wconf 84' lang='lat' dir='ltr'>ibi</span> <span class='ocrx_word' id='word_1_104' title='bbox 1004 1137 1042 1161; x_wconf 86' lang='lat' dir='ltr'>et</span> <span class='ocrx_word' id='word_1_105' title='bbox 1063 1131 1243 1175; x_wconf 77' lang='lat' dir='ltr'>jumenta</span> 
     </span>
     <span class='ocr_line' id='line_1_16' title="bbox 123 1190 1240 1243; baseline 0 -16"><span class='ocrx_word' id='word_1_106' title='bbox 123 1191 243 1228; x_wconf 87' lang='lat' dir='ltr'>multa</span> <span class='ocrx_word' id='word_1_107' title='bbox 277 1204 324 1229; x_wconf 85' lang='lat' dir='ltr'>ex</span> <span class='ocrx_word' id='word_1_108' title='bbox 356 1193 508 1241; x_wconf 83' lang='lat' dir='ltr'>agmine</span> <span class='ocrx_word' id='word_1_109' title='bbox 537 1192 776 1243; x_wconf 88' lang='lat' dir='ltr'>praecipitata</span> <span class='ocrx_word' id='word_1_110' title='bbox 812 1204 898 1227; x_wconf 89' lang='lat' dir='ltr'>cum</span> <span class='ocrx_word' id='word_1_111' title='bbox 935 1190 1026 1240; x_wconf 83' lang='lat' dir='ltr'>ipsis</span> <span class='ocrx_word' id='word_1_112' title='bbox 1060 1190 1240 1227; x_wconf 84' lang='lat' dir='ltr'>oneribus</span> 
     </span>
     <span class='ocr_line' id='line_1_17' title="bbox 124 1254 1241 1305; baseline 0.002 -14"><span class='ocrx_word' id='word_1_113' title='bbox 124 1262 227 1300; x_wconf 78' lang='lat' dir='ltr'>sunt,</span> <span class='ocrx_word' id='word_1_114' title='bbox 244 1262 281 1292; x_wconf 86' lang='lat' dir='ltr'>et</span> <span class='ocrx_word' id='word_1_115' title='bbox 300 1256 472 1293; x_wconf 88' lang='lat' dir='ltr'>homines</span> <span class='ocrx_word' id='word_1_116' title='bbox 494 1257 632 1293; x_wconf 82' lang='lat' dir='ltr'>vexati.</span> <span class='ocrx_word' id='word_1_117' title='bbox 687 1255 740 1292; x_wconf 91' lang='lat' dir='ltr'>Et</span> <span class='ocrx_word' id='word_1_118' title='bbox 759 1255 870 1292; x_wconf 89' lang='lat' dir='ltr'>facile</span> <span class='ocrx_word' id='word_1_119' title='bbox 890 1254 1110 1305; x_wconf 86' lang='lat' dir='ltr'>adparebat,</span> <span class='ocrx_word' id='word_1_120' title='bbox 1127 1268 1241 1304; x_wconf 86' lang='lat' dir='ltr'>quam</span> 
     </span>
     <span class='ocr_line' id='line_1_18' title="bbox 126 1320 1242 1370; baseline 0 -15"><span class='ocrx_word' id='word_1_121' title='bbox 126 1332 211 1356; x_wconf 90' lang='lat' dir='ltr'>cum</span> <span class='ocrx_word' id='word_1_122' title='bbox 231 1321 342 1357; x_wconf 89' lang='lat' dir='ltr'>inerti</span> <span class='ocrx_word' id='word_1_123' title='bbox 359 1321 469 1357; x_wconf 83' lang='lat' dir='ltr'>hoste</span> <span class='ocrx_word' id='word_1_124' title='bbox 488 1333 544 1357; x_wconf 86' lang='lat' dir='ltr'>res</span> <span class='ocrx_word' id='word_1_125' title='bbox 565 1327 678 1365; x_wconf 82' lang='lat' dir='ltr'>esset,</span> <span class='ocrx_word' id='word_1_126' title='bbox 695 1322 759 1370; x_wconf 90' lang='lat' dir='ltr'>qui</span> <span class='ocrx_word' id='word_1_127' title='bbox 778 1327 856 1357; x_wconf 84' lang='lat' dir='ltr'>tam</span> <span class='ocrx_word' id='word_1_128' title='bbox 876 1320 1085 1370; x_wconf 86' lang='lat' dir='ltr'>inpeditum</span> <span class='ocrx_word' id='word_1_129' title='bbox 1103 1320 1242 1356; x_wconf 86' lang='lat' dir='ltr'>saltum</span> 
     </span>
     <span class='ocr_line' id='line_1_19' title="bbox 126 1383 1241 1435; baseline 0.002 -16"><span class='ocrx_word' id='word_1_130' title='bbox 126 1383 233 1420; x_wconf 83' lang='lat' dir='ltr'>nullo</span> <span class='ocrx_word' id='word_1_131' title='bbox 270 1385 460 1435; x_wconf 66' lang='lat' dir='ltr'>praesidio,</span> <span class='ocrx_word' id='word_1_132' title='bbox 493 1392 534 1421; x_wconf 90' lang='lat' dir='ltr'>ut</span> <span class='ocrx_word' id='word_1_133' title='bbox 565 1384 756 1421; x_wconf 85' lang='lat' dir='ltr'>clauderet</span> <span class='ocrx_word' id='word_1_134' title='bbox 784 1385 1000 1428; x_wconf 87' lang='lat' dir='ltr'>transitum,</span> <span class='ocrx_word' id='word_1_135' title='bbox 1032 1384 1241 1421; x_wconf 80' lang='lat' dir='ltr'>insedisset.</span> 
     </span>
     <span class='ocr_line' id='line_1_20' title="bbox 127 1448 1239 1500; baseline 0.002 -17"><span class='ocrx_word' id='word_1_136' title='bbox 127 1448 160 1484; x_wconf 85' lang='lat' dir='ltr'><strong>T</strong></span> <span class='ocrx_word' id='word_1_137' title='bbox 165 1461 226 1484; x_wconf 88' lang='lat' dir='ltr'>um</span> <span class='ocrx_word' id='word_1_138' title='bbox 256 1462 406 1498; x_wconf 80' lang='lat' dir='ltr'>quoque</span> <span class='ocrx_word' id='word_1_139' title='bbox 435 1454 583 1485; x_wconf 63' lang='lat' dir='ltr'>vexato„</span> <span class='ocrx_word' id='word_1_140' title='bbox 606 1450 788 1493; x_wconf 84' lang='lat' dir='ltr'>exercitu,</span> <span class='ocrx_word' id='word_1_141' title='bbox 819 1449 866 1486; x_wconf 85' lang='lat' dir='ltr'>ad</span> <span class='ocrx_word' id='word_1_142' title='bbox 899 1449 1143 1500; x_wconf 86' lang='lat' dir='ltr'>Naupactum</span> <span class='ocrx_word' id='word_1_143' title='bbox 1176 1449 1239 1485; x_wconf 91' lang='lat' dir='ltr'>de-</span> 
     </span>
     <span class='ocr_line' id='line_1_21' title="bbox 119 1512 1239 1564; baseline 0.004 -18"><span class='ocrx_word' id='word_1_144' title='bbox 119 1512 270 1547; x_wconf 70' lang='lat' dir='ltr'>scendit</span> <span class='ocrx_word' id='word_1_145' title='bbox 291 1528 297 1548; x_wconf 88' lang='lat'><strong>:</strong></span> <span class='ocrx_word' id='word_1_146' title='bbox 332 1519 383 1556; x_wconf 86' lang='lat' dir='ltr'>ct,</span> <span class='ocrx_word' id='word_1_147' title='bbox 405 1526 481 1549; x_wconf 90' lang='lat' dir='ltr'>uno</span> <span class='ocrx_word' id='word_1_148' title='bbox 503 1513 657 1549; x_wconf 87' lang='lat' dir='ltr'>castello</span> <span class='ocrx_word' id='word_1_149' title='bbox 677 1513 852 1550; x_wconf 85' lang='lat' dir='ltr'>adversus</span> <span class='ocrx_word' id='word_1_150' title='bbox 873 1525 997 1549; x_wconf 86' lang='lat' dir='ltr'>arcem</span> <span class='ocrx_word' id='word_1_151' title='bbox 1017 1514 1158 1564; x_wconf 86' lang='lat' dir='ltr'>posito,</span> <span class='ocrx_word' id='word_1_152' title='bbox 1179 1526 1239 1550; x_wconf 89' lang='lat' dir='ltr'>ce-</span> 
     </span>
     <span class='ocr_line' id='line_1_22' title="bbox 126 1577 1239 1629; baseline 0.004 -19"><span class='ocrx_word' id='word_1_153' title='bbox 126 1581 225 1611; x_wconf 83' lang='lat' dir='ltr'>teras</span> <span class='ocrx_word' id='word_1_154' title='bbox 245 1583 370 1626; x_wconf 88' lang='lat' dir='ltr'>partes</span> <span class='ocrx_word' id='word_1_155' title='bbox 393 1577 510 1621; x_wconf 83' lang='lat' dir='ltr'>urbis,</span> <span class='ocrx_word' id='word_1_156' title='bbox 535 1578 660 1614; x_wconf 86' lang='lat' dir='ltr'>divisis</span> <span class='ocrx_word' id='word_1_157' title='bbox 691 1579 808 1629; x_wconf 80' lang='lat' dir='ltr'>copiis</span> <span class='ocrx_word' id='word_1_158' title='bbox 838 1591 908 1628; x_wconf 87' lang='lat' dir='ltr'>pro</span> <span class='ocrx_word' id='word_1_159' title='bbox 937 1579 1012 1613; x_wconf 88' lang='lat' dir='ltr'>situ</span> <span class='ocrx_word' id='word_1_160' title='bbox 1042 1579 1239 1622; x_wconf 85' lang='lat' dir='ltr'>moenium,</span> 
     </span>
     <span class='ocr_line' id='line_1_23' title="bbox 127 1640 1241 1694; baseline 0.004 -19"><span class='ocrx_word' id='word_1_161' title='bbox 127 1640 366 1677; x_wconf 85' lang='lat' dir='ltr'>circumsedit</span> <span class='ocrx_word' id='word_1_162' title='bbox 383 1657 389 1678; x_wconf 90' lang='lat'><strong>:</strong></span> <span class='ocrx_word' id='word_1_163' title='bbox 417 1655 487 1679; x_wconf 84' lang='lat' dir='ltr'>nec</span> <span class='ocrx_word' id='word_1_164' title='bbox 506 1644 629 1679; x_wconf 84' lang='lat' dir='ltr'>minus</span> <span class='ocrx_word' id='word_1_165' title='bbox 651 1644 773 1694; x_wconf 84' lang='lat' dir='ltr'>operis</span> <span class='ocrx_word' id='word_1_166' title='bbox 794 1642 1010 1692; x_wconf 86' lang='lat' dir='ltr'>laborisque</span> <span class='ocrx_word' id='word_1_167' title='bbox 1030 1655 1073 1679; x_wconf 89' lang='lat' dir='ltr'>ea</span> <span class='ocrx_word' id='word_1_168' title='bbox 1091 1643 1241 1694; x_wconf 84' lang='lat' dir='ltr'>obpug-</span> 
     </span>
     <span class='ocr_line' id='line_1_24' title="bbox 128 1705 782 1754; baseline 0.008 -15"><span class='ocrx_word' id='word_1_169' title='bbox 128 1705 248 1747; x_wconf 79' lang='lat' dir='ltr'>natio,</span> <span class='ocrx_word' id='word_1_170' title='bbox 271 1719 383 1754; x_wconf 84' lang='lat' dir='ltr'>quam</span> <span class='ocrx_word' id='word_1_171' title='bbox 404 1707 615 1751; x_wconf 78' lang='lat' dir='ltr'>Heracleae,</span> <span class='ocrx_word' id='word_1_172' title='bbox 636 1708 782 1744; x_wconf 87' lang='lat' dir='ltr'>habuit.</span> 
     </span>
    </p>

    <p class='ocr_par' dir='ltr' id='par_1_4' title="bbox 118 1768 1243 2404">
     <span class='ocr_line' id='line_1_25' title="bbox 183 1768 1243 1821; baseline 0.003 -17"><span class='ocrx_word' id='word_1_173' title='bbox 183 1768 341 1806; x_wconf 84' lang='lat' dir='ltr'>XXXI.</span> <span class='ocrx_word' id='word_1_174' title='bbox 371 1770 518 1807; x_wconf 86' lang='lat' dir='ltr'>Eodem</span> <span class='ocrx_word' id='word_1_175' title='bbox 537 1777 708 1821; x_wconf 83' lang='lat' dir='ltr'>tempore</span> <span class='ocrx_word' id='word_1_176' title='bbox 728 1778 766 1807; x_wconf 87' lang='lat' dir='ltr'>ct</span> <span class='ocrx_word' id='word_1_177' title='bbox 794 1771 971 1808; x_wconf 83' lang='lat' dir='ltr'>Messene</span> <span class='ocrx_word' id='word_1_178' title='bbox 992 1772 1029 1807; x_wconf 91' lang='lat' dir='ltr'>in</span> <span class='ocrx_word' id='word_1_179' title='bbox 1049 1771 1243 1821; x_wconf 86' lang='lat' dir='ltr'>Pelopon-</span> 
     </span>
     <span class='ocr_line' id='line_1_26' title="bbox 126 1836 1241 1886; baseline 0.004 -16"><span class='ocrx_word' id='word_1_180' title='bbox 126 1847 218 1870; x_wconf 83' lang='lat' dir='ltr'>neso</span> <span class='ocrx_word' id='word_1_181' title='bbox 239 1836 285 1871; x_wconf 85' lang='lat' dir='ltr'>ab</span> <span class='ocrx_word' id='word_1_182' title='bbox 306 1837 470 1881; x_wconf 81' lang='lat' dir='ltr'>Aehaeis,</span> <span class='ocrx_word' id='word_1_183' title='bbox 493 1839 593 1886; x_wconf 91' lang='lat' dir='ltr'>quod</span> <span class='ocrx_word' id='word_1_184' title='bbox 613 1839 764 1875; x_wconf 87' lang='lat' dir='ltr'>concilii</span> <span class='ocrx_word' id='word_1_185' title='bbox 785 1852 914 1874; x_wconf 88' lang='lat' dir='ltr'>eorum</span> <span class='ocrx_word' id='word_1_186' title='bbox 936 1846 1126 1874; x_wconf 84' lang='lat' dir='ltr'>recusaret</span> <span class='ocrx_word' id='word_1_187' title='bbox 1145 1851 1241 1882; x_wconf 87' lang='lat' dir='ltr'>esse,</span> 
     </span>
     <span class='ocr_line' id='line_1_27' title="bbox 127 1898 1241 1951; baseline 0.004 -18"><span class='ocrx_word' id='word_1_188' title='bbox 127 1898 339 1948; x_wconf 79' lang='lat' dir='ltr'>obpugnari</span> <span class='ocrx_word' id='word_1_189' title='bbox 357 1908 483 1951; x_wconf 84' lang='lat' dir='ltr'>coepta</span> <span class='ocrx_word' id='word_1_190' title='bbox 500 1908 567 1939; x_wconf 73' lang='lat' dir='ltr'>est,</span> <span class='ocrx_word' id='word_1_191' title='bbox 597 1902 751 1938; x_wconf 85' lang='lat' dir='ltr'>Etenim</span> <span class='ocrx_word' id='word_1_192' title='bbox 765 1903 845 1938; x_wconf 84' lang='lat' dir='ltr'>duae</span> <span class='ocrx_word' id='word_1_193' title='bbox 865 1903 1049 1945; x_wconf 85' lang='lat' dir='ltr'>civitates,</span> <span class='ocrx_word' id='word_1_194' title='bbox 1063 1901 1241 1938; x_wconf 62' lang='lat' dir='ltr'>BIessene</span> 
     </span>
     <span class='ocr_line' id='line_1_28' title="bbox 126 1963 1240 2006; baseline 0.004 -10"><span class='ocrx_word' id='word_1_195' title='bbox 126 1970 163 1997; x_wconf 87' lang='lat' dir='ltr'>ct</span> <span class='ocrx_word' id='word_1_196' title='bbox 182 1963 278 2006; x_wconf 66' lang='lat' dir='ltr'>Elis,</span> <span class='ocrx_word' id='word_1_197' title='bbox 300 1971 406 2000; x_wconf 81' lang='lat' dir='ltr'>extra</span> <span class='ocrx_word' id='word_1_198' title='bbox 426 1965 629 2001; x_wconf 87' lang='lat' dir='ltr'>concilium</span> <span class='ocrx_word' id='word_1_199' title='bbox 648 1966 859 2001; x_wconf 83' lang='lat' dir='ltr'>Achaicum</span> <span class='ocrx_word' id='word_1_200' title='bbox 885 1972 993 2002; x_wconf 84' lang='lat' dir='ltr'>erant</span> <span class='ocrx_word' id='word_1_201' title='bbox 1013 1980 1019 2000; x_wconf 92' lang='lat'>:</span> <span class='ocrx_word' id='word_1_202' title='bbox 1053 1978 1138 2001; x_wconf 86' lang='lat' dir='ltr'>cum</span> <span class='ocrx_word' id='word_1_203' title='bbox 1168 1965 1240 2001; x_wconf 87' lang='lat' dir='ltr'>AE-</span> 
     </span>
     <span class='ocr_line' id='line_1_29' title="bbox 124 2027 1239 2080; baseline 0.004 -18"><span class='ocrx_word' id='word_1_204' title='bbox 124 2027 213 2063; x_wconf 59' lang='lat' dir='ltr'>(olis</span> <span class='ocrx_word' id='word_1_205' title='bbox 234 2030 461 2066; x_wconf 75' lang='lat' dir='ltr'>sentiebant.</span> <span class='ocrx_word' id='word_1_206' title='bbox 501 2031 584 2067; x_wconf 88' lang='lat' dir='ltr'>Elei</span> <span class='ocrx_word' id='word_1_207' title='bbox 606 2037 747 2074; x_wconf 85' lang='lat' dir='ltr'>tamen,</span> <span class='ocrx_word' id='word_1_208' title='bbox 769 2038 855 2080; x_wconf 78' lang='lat' dir='ltr'>post</span> <span class='ocrx_word' id='word_1_209' title='bbox 873 2030 1045 2079; x_wconf 85' lang='lat' dir='ltr'>fugatum</span> <span class='ocrx_word' id='word_1_210' title='bbox 1065 2043 1111 2066; x_wconf 87' lang='lat' dir='ltr'>ex</span> <span class='ocrx_word' id='word_1_211' title='bbox 1132 2030 1239 2066; x_wconf 75' lang='lat' dir='ltr'>Grae—</span> 
     </span>
     <span class='ocr_line' id='line_1_30' title="bbox 126 2092 1240 2144; baseline 0.003 -17"><span class='ocrx_word' id='word_1_212' title='bbox 126 2092 184 2127; x_wconf 80' lang='lat' dir='ltr'>cia</span> <span class='ocrx_word' id='word_1_213' title='bbox 203 2092 452 2137; x_wconf 82' lang='lat' dir='ltr'>Antiochum,</span> <span class='ocrx_word' id='word_1_214' title='bbox 474 2093 607 2142; x_wconf 86' lang='lat' dir='ltr'>legatis</span> <span class='ocrx_word' id='word_1_215' title='bbox 628 2095 855 2130; x_wconf 65' lang='lat' dir='ltr'>Achaeorum</span> <span class='ocrx_word' id='word_1_216' title='bbox 885 2094 1005 2130; x_wconf 88' lang='lat' dir='ltr'>lenius</span> <span class='ocrx_word' id='word_1_217' title='bbox 1036 2096 1240 2144; x_wconf 80' lang='lat' dir='ltr'>responde-</span> 
     </span>
     <span class='ocr_line' id='line_1_31' title="bbox 125 2158 1242 2207; baseline 0.004 -17"><span class='ocrx_word' id='word_1_218' title='bbox 125 2162 209 2191; x_wconf 81' lang='lat' dir='ltr'>rant</span> <span class='ocrx_word' id='word_1_219' title='bbox 228 2173 237 2200; x_wconf 77' lang='lat'>3</span> <span class='ocrx_word' id='word_1_220' title='bbox 271 2158 413 2192; x_wconf 63' lang='lat' dir='ltr'>dimisso</span> <span class='ocrx_word' id='word_1_221' title='bbox 439 2160 606 2206; x_wconf 56' lang='lat' dir='ltr'>praesidio</span> <span class='ocrx_word' id='word_1_222' title='bbox 625 2161 736 2206; x_wconf 68' lang='lat' dir='ltr'>regio,</span> <span class='ocrx_word' id='word_1_223' title='bbox 759 2162 976 2207; x_wconf 76' lang='lat' dir='ltr'>cogitaturos</span> <span class='ocrx_word' id='word_1_224' title='bbox 993 2172 1041 2201; x_wconf 80' lang='lat' dir='ltr'>se,</span> <span class='ocrx_word' id='word_1_225' title='bbox 1063 2161 1149 2207; x_wconf 77' lang='lat' dir='ltr'>quid</span> <span class='ocrx_word' id='word_1_226' title='bbox 1176 2161 1242 2195; x_wconf 56' lang='lat' dir='ltr'>silui</span> 
     </span>
     <span class='ocr_line' id='line_1_32' title="bbox 118 2218 1242 2272; baseline 0.004 -19"><span class='ocrx_word' id='word_1_227' title='bbox 118 2218 333 2267; x_wconf 74' lang='lat' dir='ltr'>faciendum</span> <span class='ocrx_word' id='word_1_228' title='bbox 356 2227 454 2257; x_wconf 72' lang='lat' dir='ltr'>esset.</span> <span class='ocrx_word' id='word_1_229' title='bbox 493 2222 689 2265; x_wconf 80' lang='lat' dir='ltr'>Messenii,</span> <span class='ocrx_word' id='word_1_230' title='bbox 708 2223 787 2258; x_wconf 86' lang='lat' dir='ltr'>sine</span> <span class='ocrx_word' id='word_1_231' title='bbox 807 2235 988 2272; x_wconf 88' lang='lat' dir='ltr'>responso</span> <span class='ocrx_word' id='word_1_232' title='bbox 1007 2223 1167 2258; x_wconf 82' lang='lat' dir='ltr'>dimissis</span> <span class='ocrx_word' id='word_1_233' title='bbox 1188 2223 1242 2258; x_wconf 82' lang='lat' dir='ltr'>le-</span> 
     </span>
     <span class='ocr_line' id='line_1_33' title="bbox 129 2284 1242 2337; baseline 0.004 -20"><span class='ocrx_word' id='word_1_234' title='bbox 129 2284 241 2330; x_wconf 71' lang='lat' dir='ltr'>gatis,</span> <span class='ocrx_word' id='word_1_235' title='bbox 263 2292 461 2321; x_wconf 78' lang='lat' dir='ltr'>moverant</span> <span class='ocrx_word' id='word_1_236' title='bbox 486 2286 650 2331; x_wconf 76' lang='lat' dir='ltr'>bellum3</span> <span class='ocrx_word' id='word_1_237' title='bbox 683 2287 893 2337; x_wconf 82' lang='lat' dir='ltr'>trepidique</span> <span class='ocrx_word' id='word_1_238' title='bbox 923 2300 1046 2323; x_wconf 86' lang='lat' dir='ltr'>rerum</span> <span class='ocrx_word' id='word_1_239' title='bbox 1075 2300 1242 2330; x_wconf 80' lang='lat' dir='ltr'>suarum,</span> 
     </span>
     <span class='ocr_line' id='line_1_34' title="bbox 130 2347 1243 2404; baseline 0.005 -22"><span class='ocrx_word' id='word_1_240' title='bbox 130 2359 243 2396; x_wconf 78' lang='lat' dir='ltr'>quum</span> <span class='ocrx_word' id='word_1_241' title='bbox 257 2347 342 2398; x_wconf 81' lang='lat' dir='ltr'>jam</span> <span class='ocrx_word' id='word_1_242' title='bbox 362 2361 451 2399; x_wconf 79' lang='lat' dir='ltr'>ager</span> <span class='ocrx_word' id='word_1_243' title='bbox 471 2350 588 2387; x_wconf 79' lang='lat' dir='ltr'>effuso</span> <span class='ocrx_word' id='word_1_244' title='bbox 610 2352 778 2388; x_wconf 67' lang='lat' dir='ltr'>exercitu</span> <span class='ocrx_word' id='word_1_245' title='bbox 797 2352 936 2404; x_wconf 75' lang='lat' dir='ltr'>passim</span> <span class='ocrx_word' id='word_1_246' title='bbox 957 2357 1139 2395; x_wconf 72' lang='lat' dir='ltr'>ureretur,</span> <span class='ocrx_word' id='word_1_247' title='bbox 1161 2364 1243 2389; x_wconf 71' lang='lat' dir='ltr'>cas-</span> 
     </span>
    </p>
   </div>
   <div class='ocr_carea' id='block_1_3' title="bbox 1253 302 1439 379">
    <p class='ocr_par' dir='ltr' id='par_1_5' title="bbox 1253 302 1439 379">
     <span class='ocr_line' id='line_1_35' title="bbox 1256 302 1439 335; baseline 0.005 -2"><span class='ocrx_word' id='word_1_248' title='bbox 1256 302 1296 333; x_wconf 89' lang='lat' dir='ltr'>U.</span> <span class='ocrx_word' id='word_1_249' title='bbox 1310 302 1346 332; x_wconf 87' lang='lat' dir='ltr'>C.</span> <span class='ocrx_word' id='word_1_250' title='bbox 1362 309 1439 335; x_wconf 79' lang='lat'>561.</span> 
     </span>
     <span class='ocr_line' id='line_1_36' title="bbox 1253 346 1435 379; baseline 0.011 -4"><span class='ocrx_word' id='word_1_251' title='bbox 1253 346 1292 375; x_wconf 87' lang='grc' dir='ltr'>Λ.</span> <span class='ocrx_word' id='word_1_252' title='bbox 1307 346 1344 377; x_wconf 94' lang='lat' dir='ltr'>C.</span> <span class='ocrx_word' id='word_1_253' title='bbox 1365 354 1435 379; x_wconf 72' lang='lat'>191,</span> 
     </span>
    </p>
   </div>
   <div class='ocr_carea' id='block_1_4' title="bbox 1253 1461 1423 1622">
    <p class='ocr_par' dir='ltr' id='par_1_6' title="bbox 1253 1461 1423 1622">
     <span class='ocr_line' id='line_1_37' title="bbox 1254 1461 1376 1493; baseline 0.016 -2"><span class='ocrx_word' id='word_1_254' title='bbox 1254 1461 1376 1493; x_wconf 83' lang='lat' dir='ltr'>Consul</span> 
     </span>
     <span class='ocr_line' id='line_1_38' title="bbox 1253 1505 1408 1544; baseline 0.013 -11"><span class='ocrx_word' id='word_1_255' title='bbox 1253 1505 1408 1544; x_wconf 82' lang='lat' dir='ltr'>Naupac-</span> 
     </span>
     <span class='ocr_line' id='line_1_39' title="bbox 1254 1548 1423 1579; baseline 0.018 -2"><span class='ocrx_word' id='word_1_256' title='bbox 1254 1555 1326 1578; x_wconf 88' lang='lat' dir='ltr'>tum</span> <span class='ocrx_word' id='word_1_257' title='bbox 1338 1548 1423 1579; x_wconf 80' lang='lat' dir='ltr'>obsi=</span> 
     </span>
     <span class='ocr_line' id='line_1_40' title="bbox 1254 1593 1317 1622; baseline 0.016 -1"><span class='ocrx_word' id='word_1_258' title='bbox 1254 1593 1317 1622; x_wconf 88' lang='lat' dir='ltr'>det.</span> 
     </span>
    </p>
   </div>
  </div>
 </body>
</html>
