1507 2656
278 215 435 267 LIBE'R
459 231 650 263 XXVIII.
683 232 790 261 CAP.
814 231 983 261 xxx11.
1107 231 1184 276 129

67 328 120 365 aa
138 328 266 365 caedem
286 328 483 374 Ilergetum
511 327 574 362 ire.
631 325 714 360 Non
733 325 827 360 enim
855 334 923 366 eOS,
943 334 1055 371 neque
1080 327 1185 359 natos
1200 326 1238 357 U.
1252 326 1288 356 C.
1305 331 1378 357 546.

69 395 109 429 in
128 393 252 430 eadem
271 396 381 433 terra,
401 402 466 426 nec
493 390 573 425 ulla
590 400 708 425 secum
736 389 905 424 societate
923 385 1070 433 junctos
1088 399 1159 423 esse
1171 372 1233 424 :A'
1250 370 1285 402 C·
1304 375 1378 403 ²⁰⁶·

65 470 163 501 eam,
193 469 270 506 qztae
296 457 373 492 sota
390 454 525 504 fucrit,
544 454 637 503 fidei
669 457 776 500 atque
803 453 972 487 amicitiae
1000 453 1094 500 ipsos
1114 465 1183 501 per

65 523 180 557 scelus
206 521 354 568 rupisse.
413 519 456 554 In
482 519 637 553 exercitu
665 529 728 553 suo
746 527 795 559 se,
824 520 1064 563 praeterquam
1090 518 1184 564 quod

66 596 184 621 omnes
202 586 304 626 cives,
325 588 390 619 aut
407 584 519 618 socios
538 582 734 630 Latinique
752 581 907 617 nominis
923 581 1057 624 videat,
1074 582 1185 617 etiam

63 661 106 686 eo
130 650 274 691 moveri,
307 649 401 696 quod
428 659 530 683 nemo
549 645 638 694 fere
664 647 711 682 sit
738 646 853 688 miles,
881 646 942 692 qui
966 657 1037 681 non
1067 649 1131 681 aut
1160 658 1184 681 a

59 718 196 762 patruo
224 725 286 749 suo
307 713 371 748 Cn.
392 712 571 760 Scipione,
600 712 661 758 qui
685 712 826 758 primus
845 709 1004 746 Romani
1029 712 1185 747 nominis

64 779 104 813 in
124 790 201 813 earn
219 778 440 825 provinciam
461 777 610 818 venerit,
631 779 696 811 aut
725 788 746 811 a
773 779 882 822 patre
900 776 1054 817 consule,
1076 780 1140 811 aut
1158 788 1183 811 a

61 853 100 877 se
117 843 165 877 sit
184 853 224 877 ex
245 842 357 877 Italia
376 842 554 877 advectus.
611 839 819 888 Scipionum
840 840 976 874 nomini
994 841 1183 887 auspiciis-

64 917 131 954 que
149 918 267 941 omnes
285 907 460 947 adsuetos,
483 917 568 952 quos
581 916 697 940 secum
717 905 754 939 in
770 905 932 952 patriam
951 904 1001 939 ad
1015 906 1183 941 meritum

60 969 285 1017 ,triumphum
311 970 483 1004 deducere
513 969 629 1004 vetit:
658 979 744 1016 quos
776 968 999 1004 consulatum
1027 970 1180 1016 petenti,

61 1033 158 1068 velut
186 1034 216 1068 si
249 1034 405 1069 omnium
439 1033 634 1068 communis
665 1036 798 1078 agatur
836 1031 957 1074 honos,
989 1031 1182 1080 adfuturos

59 1102 185 1144 speret.
245 1098 350 1138 Quod
379 1098 428 1132 ad
457 1098 714 1145 expeditionem
743 1097 921 1139 adtincat,
954 1109 1030 1144 qua?
1058 1099 1179 1140 instet,

62 1162 287 1197 inmemorem
309 1173 379 1198 esse
397 1173 513 1197 rerum
534 1173 682 1196 suarum
698 1165 895 1207 gestarum,
914 1162 973 1208 qai
992 1162 1029 1196 id
1049 1161 1182 1197 betium

60 1226 184 1262 ducat.
241 1227 422 1274 Magonis,
452 1226 623 1267 Hercule,
652 1225 731 1267 sibi,
760 1226 820 1273 qui
849 1229 952 1260 extra
971 1225 1087 1261 orbern
1107 1230 1179 1263 ter-

59 1303 183 1327 rarum
202 1294 240 1326 in
259 1290 516 1339 circumfusam
537 1302 666 1326 oceano
687 1291 836 1325 insulam
855 1303 932 1326 cum
952 1292 1079 1338 paucis
1094 1303 1178 1339 per-

49 1355 195 1404 fugerit
226 1356 385 1397 navibus,
419 1354 595 1401 majorem
628 1366 752 1390 curam
788 1366 870 1397 esse,
906 1367 1013 1403 quam
1043 1356 1177 1404 Ilerge-

59 1424 137 1455 tum
150 1436 162 1456 .·
191 1422 320 1468 quippe
340 1421 415 1455 illic
435 1424 469 1454 et
489 1420 611 1454 (lucem
632 1418 984 1465 Karthaginiensem,
1005 1424 1039 1455 et
1062 1432 1175 1468 quan-

59 1488 287 1532 tumcumque
307 1484 486 1519 Punicum
502 1484 713 1530 prcesidiuin
733 1494 826 1526 esse;
856 1483 912 1519 liic
932 1485 1098 1526 latrones,
1120 1486 1176 1520 Za-

59 1555 266 1598 tronumque
285 1551 388 1586 duces
401 1566 412 1585 .·
441 1550 564 1597 quibus
580 1554 619 1585 ut
634 1550 683 1585 ad
698 1549 1176 1597 populandosfinitimorum

58 1626 176 1661 agros,
199 1619 360 1662 tectaque
377 1614 528 1655 urenda,
549 1618 586 1649 et
613 1614 788 1662 rapienda
812 1625 946 1660 pecora
971 1613 1096 1660 aliqua
1123 1615 1175 1649 cis

56 1680 116 1720 sit,
137 1680 190 1714 ita
218 1680 256 1714 in
277 1680 361 1714 vacie
386 1690 430 1713 ac
456 1679 566 1725 signis
593 1678 744 1713 conlatis
769 1679 910 1713 nuttam
937 1689 1029 1713 esse:
1058 1679 1174 1725 vzagis

57 1743 243 1777 velocitate
268 1743 317 1778 ad
335 1741 485 1789 fugam,
516 1754 624 1789 quam
653 1743 762 1776 armis
781 1741 917 1789 fretos,
951 1746 1174 1788 pugnaturos

57 1817 138 1841 esse.
196 1806 323 1853 Itaque
353 1817 436 1847 non,
473 1806 567 1852 quod
596 1806 710 1840 ullum
744 1806 827 1840 inde
860 1806 1073 1852 periculum,
1109 1810 1173 1841 aut

56 1881 171 1906 semen
192 1868 337 1915 majoris
355 1869 437 1905 hetti
456 1870 590 1912 videat,
613 1870 690 1905 ideo
708 1881 757 1912 se,
784 1871 995 1918 priusquam
1020 1871 1171 1917 provin-

55 1935 112 1969 cia
145 1935 308 1977 decedat,
342 1934 588 1982 obprimendos
618 1934 786 1982 Ilergetes
812 1935 951 1970 duxisse
966 1950 977 1971 .·
1004 1936 1065 1970 sed
1090 1937 1170 1983 pri-

55 2010 166 2041 mum,
187 2011 230 2035 ne
251 2000 415 2047 inpunita
437 2004 511 2034 tam
529 1999 703 2035 scelerata
719 1998 873 2047 desectio
888 2003 998 2034 esset:
1028 2000 1168 2042 deinde,

53 2074 97 2098 ne
116 2064 193 2110 quis
219 2064 258 2098 in
282 2065 480 2111 provincia,
510 2063 618 2098 simul
645 2065 780 2099 virtute
807 2067 909 2098 tanta
928 2067 962 2098 et
980 2062 1171 2111 felicitate

50 2127 270 2174 perdomita,
297 2127 442 2162 relictus
470 2126 578 2162 hostis
604 2127 676 2162 dici
702 2131 831 2174 posset.
890 2126 1048 2162 Proinde
1076 2127 1169 2163 Deis

55 2190 136 2226 bene
145 2189 356 2236 juvantibus
372 2196 613 2240 sequerentur,
635 2203 703 2226 non
725 2196 800 2227 tam
818 2192 866 2226 ad
885 2190 1014 2226 bellum
1039 2203 1167 2238 geren-

55 2254 152 2296 dum,
177 2255 303 2302 (neque
322 2257 414 2291 enim
433 2268 511 2292 cum
529 2257 612 2302 pari
636 2255 734 2291 hoste
753 2259 932 2291 certamen
951 2254 1036 2301 esse)
1059 2267 1167 2304 quam.

53 2317 101 2352 ad
119 2319 330 2364 expetendas
347 2319 390 2355 ab
410 2319 487 2354 hom
495 2318 607 2354 inibus
625 2319 777 2354 scelestis
792 2330 926 2366 peenas.

106 2379 308 2420 XXXIII.
338 2381 399 2420 Ab
431 2382 502 2420 hac
532 2383 706 2419 oratione
735 2382 906 2421 dimissos
938 2381 985 2419 ad
1017 2382 1088 2420 iter
1124 2394 1169 2422 so

563 2446 598 2481 G
618 2446 640 2483 5
