1507 2656
321 216 475 246 LIBER
498 212 655 243 XXXV·
687 212 792 241 CAP.
816 211 1007 240 XXXIII.
1129 207 1210 253 537

111 304 331 342 societatem
351 318 435 342 cum
455 303 619 341 AEtolis:
652 302 698 339 ab
726 303 768 338 iis
793 301 992 341 Quinctius
1023 299 1146 350 petiit,
1168 304 1208 335 ut
1223 304 1312 335 U.C.
1332 309 1403 336 560.

107 366 252 416 legatos
273 370 319 405 ad
338 367 608 405 Panaetolicum
625 365 824 402 concilium
842 366 1046 400 mitterent.
1078 363 1205 399 Thoas
1218 348 1257 378 A·
1269 348 1303 378 C·
1325 355 1396 380 ¹⁹²·

1122 426 1208 463 Ble,
1220 415 1408 446 Concilium

929 493 938 500 ‚
1221 458 1390 489 Panaetoli-

104 496 239 546 nippus
256 503 345 547 post
357 509 441 533 eum
457 497 708 538 intromissus,
725 496 900 543 optimum
904 495 1023 542 juisse
1037 494 1207 535 omnibus,
1221 512 1311 534 cum.

104 561 165 607 qui
202 561 377 597 Graeciam
401 562 596 609 Asiamque
623 560 827 601 incolerent,
848 558 915 600 ait,
941 559 1088 604 integris
1111 557 1211 592 rebus

103 623 270 673 Philippi
285 626 440 672 potuisse
458 626 668 660 intervenire
687 623 904 659 Antiochum
917 638 929 658 .·
955 633 1021 658 sua
1039 633 1212 670 quemque

103 688 305 725 habiturum
314 688 447 738 fuisse}
468 701 580 738 neque
606 690 726 725 omnia
746 688 809 724 sub
827 692 954 723 nutum
973 688 1211 733 ditionemque

103 752 306 790 Romanam
329 759 553 802 perventura.
609 754 716 789 Nunc
731 765 878 801 quoque,
899 752 1034 800 inquit,
1055 753 1084 787 si
1102 751 1209 787 modo

101 829 174 860 vos,
205 831 281 866 quae
312 819 515 862 inchoastis,
540 819 688 854 consilia
716 823 918 854 constanter
940 817 1136 865 perducitis
1160 815 1209 850 ad

100 883 246 925 exitum,
271 885 417 931 poterit,
439 885 526 920 Diis
543 882 765 930 juvantibus,
785 887 820 918 et
837 882 975 917 AEtolis
992 881 1108 923 sociis,
1128 881 1208 915 An-

100 946 237 982 tiochus
251 949 410 994 quamvis
428 948 618 984 inclinatas
639 948 784 983 Graeciae
798 958 853 982 res
866 947 1049 981 restituere
1065 947 1100 980 in
1111 946 1207 992 pris·

102 1010 216 1045 tinam
235 1011 456 1058 dignitatem.
515 1012 573 1047 Εα
598 1017 717 1047 autem
746 1013 780 1047 in
810 1011 973 1047 libertate
997 1011 1116 1058 posita
1141 1013 1205 1050 est,

97 1085 175 1121 quae
200 1076 272 1110 suis
302 1079 375 1110 stat
405 1076 549 1118 viribus,
580 1088 649 1112 non
677 1088 720 1111 ex
747 1077 862 1111 alieno
891 1075 1039 1111 arbitrio
1064 1075 1206 1122 pendet.

99 1136 366 1181 Athenienses,
382 1138 517 1187 quibus
533 1139 677 1189 primis,
695 1145 781 1188 post
797 1139 939 1186 regiam
959 1137 1204 1186 legationem,

107 432 246 481 primus
268 432 304 468 in
326 445 371 467 eo
392 430 553 467 concilio
573 430 808 465 renunciavit
826 428 1067 477 legationem.

98 1201 260 1245 dicendi,
287 1215 369 1251 quae
402 1202 554 1245 vellent,
586 1208 753 1252 potestas
788 1202 890 1238 facta
915 1208 985 1244 est,
1013 1202 1207 1237 mentione

99 1266 203 1301 omni
223 1266 320 1314 regis
337 1266 601 1316 praetermissa,
621 1265 804 1302 Romanae
825 1266 1016 1302 societatis
1034 1264 1203 1307 AEtolos,

99 1329 394 1378 meritorumque
426 1330 464 1365 in
499 1330 709 1365 universam
735 1329 921 1365 Graeciam
946 1329 991 1365 T.
1013 1329 1202 1371 Quinctii,

98 1393 388 1436 admonuerunt,
410 1406 453 1429 ne
473 1398 600 1429 temere
619 1406 697 1429 eam
713 1395 892 1429 celeritate
910 1394 1020 1428 nimia
1040 1393 1202 1429 consilio-

95 1471 174 1494 rum
191 1463 394 1495 everterent.
432 1458 589 1494 Consilia
605 1459 724 1494 calida
739 1464 773 1494 et
792 1459 944 1493 audacia
956 1460 1077 1505 prima
1087 1459 1202 1504 specie

96 1524 192 1565 laeta,
215 1528 374 1559 tractatu
393 1524 497 1566 (lura,
518 1526 642 1558 eventu
663 1524 779 1558 tristia
799 1534 893 1558 esse:
912 1523 1046 1569 legatos
1064 1522 1201 1557 Roma-

92 1600 167 1630 nos,
188 1593 223 1624 et
249 1590 287 1624 in
311 1590 354 1624 iis
385 1589 424 1624 T.
448 1589 666 1630 Quinctium,
695 1588 791 1623 haud
815 1587 943 1635 procul
968 1587 1050 1622 inde
1074 1587 1200 1622 abesse.

93 1652 195 1687 Dum
210 1654 351 1699 integra
370 1653 487 1687 omnia
504 1657 627 1693 essent,
646 1652 754 1687 verbis
767 1653 885 1699 potius
900 1651 943 1686 cle
958 1652 1012 1693 iis,
1028 1662 1105 1698 quae
1120 1663 1198 1685 am—

92 1717 304 1764 bigerentur,
325 1718 576 1764 disceptarent,
604 1729 709 1764 quum
728 1717 852 1752 Asiam
879 1715 1131 1763 Europamque
1150 1716 1200 1751 ad

80 1779 272 1828 funestum
290 1785 473 1816 armarent
491 1781 632 1816 bellum.

146 1843 347 1881 XXXIII.
377 1844 585 1880 Multitudo
605 1843 713 1880 avida
738 1844 899 1879 novandi
921 1856 991 1887 τες,
1014 1844 1196 1879 Antiochi

93 1912 176 1941 tota
205 1913 303 1951 erat5
337 1913 373 1942 et
403 1919 450 1942 ne
480 1906 732 1942 admittendos
752 1906 899 1955 quidem
927 1906 964 1941 in
992 1905 1194 1941 concilium

92 1969 288 2006 Romanos
319 1971 542 2006 censebant:
588 1970 799 2020 principum
833 1971 994 2006 maxime
1027 1971 1193 2006 seniores

92 2037 317 2071 auctoritate
337 2035 549 2078 obtinuere,
571 2043 612 2071 nt
633 2036 782 2071 daretur
800 2036 844 2070 iis
863 2034 1076 2072 concilium.
1107 2034 1195 2070 Hoc

90 2099 281 2135 decretum
300 2099 550 2135 Athenienses
577 2112 691 2147 quum
718 2098 944 2139 retulissent,
967 2098 1129 2134 eundum
1156 2100 1194 2134 in

92 2162 278 2199 AEtoliam
306 2162 489 2201 Quinctio
508 2163 626 2197 visum
648 2171 716 2198 est.
773 2163 850 2197 Aut
878 2163 976 2197 enim
1004 2163 1388 2213 motui-umLega-tihsso-

91 2225 246 2275 aliquid,
266 2232 332 2261 aut
351 2237 480 2261 omnes
500 2226 672 2261 homines
696 2232 808 2260 testes
830 2225 924 2268 fore,
945 2237 1058 2275 penes
1079 2224 1192 2261 AEto-
1207 2216 1360 2281 “idtssiuissn

91 2290 147 2325 los
166 2289 255 2326 belli
276 2289 424 2340 culpam
443 2302 541 2325 esse:
576 2289 768 2325 Romanos
790 2288 895 2338 justa
921 2302 963 2325 ac
991 2302 1107 2339 prope
1126 2302 1190 2325 ne·
1205 2301 1291 2322 eunt.

91 2355 252 2391 cessaria
271 2360 458 2391 sumturos
479 2367 592 2392 arma.
652 2353 858 2404 Postquam
883 2361 1033 2390 ventum
1055 2361 1110 2390 est
1130 2367 1189 2399 eo,

584 2419 617 2455 A
638 2432 659 2454 a
678 2420 699 2455 5
