1507 2656
318 207 471 238 LIBER
494 205 645 236 XXIX.
679 204 784 234 CAP.
806 205 962 235 XXXV·
1119 208 1197 253 205

0 313 1 377 1
87 299 282 351 equitabat
299 299 432 350 portiS,
453 304 518 335 aut
537 298 717 340 cedendo,
739 311 852 347 quum
871 298 1020 334 timoris
1041 299 1195 336 simula-
1214 315 1254 345 U,
1271 315 1306 345 c,
1322 324 1394 348 549„

87 366 142 401 tio
163 364 356 401 audaciam
383 364 484 399 hosti
512 361 668 405 faceret,
689 363 736 398 ad
764 363 1035 411 insequendum
1056 370 1197 400 temere
1213 360 1252 389 A·
1269 358 1306 388 C·
1322 367 1395 391 204„

85 427 270 464 eliciebat.
326 426 505 462 Nondum
537 438 666 461 omnes
698 427 837 474 egressi
872 433 993 468 erant,
1025 428 1201 475 varieque

2 534 3 540 ¹
85 491 160 527 dux
186 489 434 539 fatigabatur,
463 489 556 525 alios
587 489 675 524 vino
707 496 744 524 et
774 501 908 524 somno
936 502 1066 537 graves
1097 503 1202 526 arina

2 541 4 619 i
86 566 231 603 capere,
254 559 292 589 et
320 553 467 588 frenare
487 565 603 600 equos
625 553 809 601 cogendo,
831 552 927 596 aliis,
949 566 996 588 ne
1025 554 1144 603 sparsi
1165 560 1203 589 et

0 636 4 654 μ
84 616 269 652 inconditi
289 616 369 652 sine
388 616 533 658 ordine,
555 616 636 651 sine
662 616 778 664 signis
800 616 975 652 omnibus
996 617 1115 666 portis
1137 630 1201 653 ex-

85 684 290 723 currerent,
312 678 545 715 obsistendo.
601 678 731 714 Primo
753 680 903 715 incaute
933 692 971 715 sc
1002 681 1201 717 evehentes

83 742 289 780 Masinissa
326 742 538 793 excipiebat
557 757 563 777 :
600 756 690 779 mox
728 743 852 793 plures
891 744 999 779 simul
1040 744 1202 780 conferti

84 814 196 859 porta
229 807 334 844 effusi
367 813 606 856 aequaverant
638 812 852 844 certamen:
886 814 1093 857 postremo,
1117 807 1201 857 jam

87 873 208 908 omnis
230 874 418 922 equitatus
439 872 576 922 proelio
596 886 710 921 quum
731 873 892 915 adesset,
910 874 1085 908 sustineri
1102 873 1201 909 ultra

85 936 274 985 nequiere.
330 935 423 971 Non
457 942 584 972 tamen
616 936 733 972 effusa
762 937 854 984 fuga
885 936 1103 979 Masinissa,
1137 936 1202 972 sed

86 999 253 1035 cedendo
283 999 435 1041 sensim,
471 999 620 1049 inpetus
652 1013 781 1035 eorum
813 1000 1050 1050 excipiebat:
1085 1000 1203 1036 donec

87 1063 135 1100 ad
153 1063 317 1099 tumulos
338 1069 509 1112 tegentes
528 1062 747 1099 Romanum
769 1072 980 1112 equitatum
1006 1064 1204 1113 pertraxit.

86 1127 180 1164 Inde
201 1128 323 1164 exorti
343 1128 501 1176 equites,
521 1134 557 1163 et
578 1129 648 1177 ipsi
668 1129 829 1177 integris
844 1127 999 1170 viribus,
1017 1134 1055 1163 et
1074 1140 1204 1163 recen-

3 1185 9 1244 Ῐ
33 1238 38 1240 .
86 1191 187 1227 tibus
208 1192 327 1240 cquis,
349 1192 535 1228 Hannoni
554 1192 733 1241 Afrisque
756 1192 961 1242 pugnando
981 1205 1025 1228 ac
1045 1204 1205 1240 sequen-

87 1255 135 1292 do
163 1255 269 1292 fessis
298 1268 337 1292 se
365 1256 662 1292 circumfudere:
696 1263 733 1293 et
757 1256 976 1299 Masinissa,
1006 1255 1112 1292 flexis
1143 1268 1205 1291 su,-

86 1319 169 1356 bito
206 1320 324 1368 equis,
362 1321 400 1356 in
440 1334 606 1371 pugnam
642 1321 766 1357 rediit.
820 1320 931 1356 Mille
971 1320 1103 1363 ferme,
1143 1320 1206 1368 qui

87 1383 198 1433 primi
218 1384 375 1432 agminis
395 1384 561 1427 fuerant,
583 1391 624 1420 ut
643 1384 778 1433 quibus
807 1384 908 1420 haud
928 1383 1048 1420 facilis
1076 1396 1206 1432 recep-

90 1453 150 1482 tus
179 1446 265 1490 fuit,
297 1460 381 1483 cum
411 1449 494 1498 ipso
522 1449 616 1485 duce
645 1448 839 1485 Hannone
870 1447 1062 1484 interclusi
1093 1454 1206 1496 atque

88 1510 279 1546 interfecti
316 1518 427 1547 sunt:
478 1518 638 1555 ceteros,
678 1513 782 1548 ducis
826 1512 1013 1562 praecipue
1051 1512 1203 1546 territos

88 1574 202 1617 caede,
223 1574 337 1611 effuse
361 1575 550 1624 fugientes
571 1588 637 1626 per
656 1577 730 1612 tria
748 1575 867 1611 millia
886 1587 1064 1625 passuum
1084 1575 1204 1611 victo-

89 1649 147 1674 res
168 1639 300 1681 secuti,
321 1639 366 1674 ad
387 1639 460 1674 duo
481 1645 663 1689 praeterea
682 1639 800 1675 millia
819 1640 987 1688 equitum
1009 1645 1074 1675 aut
1094 1650 1204 1687 cepe-

89 1708 191 1745 runt,
212 1708 277 1738 aut
296 1703 538 1738 occiderunt:
571 1704 671 1738 inter
691 1716 754 1739 eos
778 1705 868 1738 satis
890 1702 1104 1745 constabat,
1125 1714 1202 1737 non

88 1766 211 1801 minus
232 1766 413 1802 ducentos
440 1767 819 1816 Karthaginiensium
844 1767 987 1816 equites
1016 1766 1145 1809 fuisse,
1167 1772 1205 1801 et

91 1829 228 1865 divitiis
249 1831 431 1879 quosdam
451 1837 489 1867 et
508 1844 645 1880 genere
666 1831 855 1868 inlustres,

141 1893 314 1929 XXXV.
342 1894 489 1930 Eodem
518 1894 630 1938 forte,
659 1908 734 1944 quo
767 1895 848 1930 haec
877 1900 982 1943 gesta
1012 1899 1113 1936 sunt,
1145 1893 1205 1929 die

85 1969 211 2000 naveS‚
233 1971 314 2006 quae
334 1959 497 2008 praedam
528 1960 566 1995 in
587 1959 753 1994 Siciliam
775 1964 970 2001 vexerant,
993 1971 1076 1993 cum
1099 1970 1203 1993 com-

88 2027 214 2058 meatu
234 2022 398 2068 rediere3
433 2023 533 2058 velut
562 2024 754 2066 ominatae,
777 2024 821 2059 ad
853 2023 1017 2072 praedam
1047 2021 1204 2058 alteram

89 2086 330 2134 repetendam
350 2100 430 2123 sese
450 2089 606 2124 venisse.
645 2088 753 2123 Duos
775 2088 907 2123 eodem
928 2087 1082 2122 nomine
1102 2086 1204 2121 Kar-

91 2149 384 2197 thaginiensium
403 2152 514 2188 duces
536 2152 681 2188 duobus
707 2152 942 2201 equestribus
972 2150 1115 2200 proeliis
1146 2150 1202 2184 in·

92 2212 284 2255 terfectQ
313 2227 391 2250 non
420 2229 549 2252 omnes
581 2224 753 2252 auctores
785 2222 895 2251 sunt:
929 2215 1052 2256 veriti,
1078 2213 1203 2255 credo,

93 2289 140 2312 ne
159 2276 303 2313 falleret
323 2278 378 2314 bis
400 2279 517 2315 relata
538 2281 667 2316 eadem
697 2294 766 2317 res,
825 2279 968 2316 Coelius
999 2278 1145 2327 quidem
1168 2282 1206 2311 et

97 2339 264 2379 Valerius
285 2349 435 2393 captum
455 2344 570 2381 etiam
599 2344 832 2381 Hannonem
853 2344 1019 2380 tradunt.
1078 2341 1206 2391 Scipio
