1507 2656
269 163 422 191 LIBER
447 160 641 190 XXXIII·
674 156 780 189 cAP.
803 160 947 190 XLIX.
1074 160 1158 205 431.

53 251 170 288 ceteri
202 252 316 301 sopiti
347 264 460 301 quum
495 257 647 300 postero
677 249 737 286 die
765 250 917 285 tandem
946 261 993 286 ex
1024 261 1160 287 somno
1174 259 1216 292 U.
1229 262 1356 299 05⁵7.

53 314 156 364 pleni
185 315 346 365 crapula:
374 315 636 357 surrexissent,
658 314 694 349 id
715 314 815 362 quod
834 326 958 350 serum
978 321 1072 358 erat,
1093 304 1213 351 ali-A·
1229 305 1264 337 C·
1285 313 1357 340 ¹⁹⁵·

0 405 2 408 -
55 388 148 429 quot
167 381 279 417 horas
299 382 409 417 remis
436 381 475 416 in
504 392 617 416 naves
649 378 892 415 conlocandis
923 385 961 415 et
990 380 1164 430 aptandis

56 445 296 480 armamentis
325 444 600 480 absumserunt.
658 443 899 492 Karthagine
926 449 964 480 et
992 444 1166 481 multitu·

15 559 16 562 Ἴ
54 507 165 551 dinis,
186 510 348 545 adsuetae
369 509 522 545 domum
545 508 773 545 Hannibalis
792 508 1050 557 frequentare,
1072 521 1166 544 con-

13 578 15 590 *
54 583 183 608 cursus
205 573 251 609 ad
271 574 498 610 vestibulum
519 574 654 610 aedium
684 580 742 610 est
769 573 892 609 faetus
912 589 919 608 :
953 580 1005 616 et,
1026 580 1068 609 ut
1088 585 1168 609 non

15 644 16 647 ’
54 647 272 686 comparere
291 650 377 673 eum
396 637 590 686 vulgatum
620 643 690 680 est,
711 638 750 672 in
778 637 904 673 forum
933 636 1046 673 turba
1074 649 1168 673 con-

14 689 16 722 Ῐ
55 700 160 735 venit
179 701 387 750 principem
411 702 573 738 civitatis
594 702 856 750 quaerentium,
878 706 916 736 et
945 700 1007 736 alii
1038 701 1169 750 fugam

14 765 15 806 J
58 765 262 808 conscisse,
291 766 346 813 (id
374 765 475 814 quod
505 766 618 812 e1·at,)
651 765 714 802 alii
743 764 875 801 fraude
903 764 1169 800 Romanorum

14 830 16 854 ³
55 828 311 871 interfectum,
343 829 454 878 idque
483 830 616 878 magiS,
636 829 834 865 ferebant:
867 829 1066 876 variosque
1085 827 1168 864 vul-

14 905 15 917 2
57 898 120 928 tus
140 905 324 936 cerneres,
348 895 446 931 utin
467 894 620 930 civitate
646 893 805 929 aliorum
834 892 925 928 alias
955 898 1080 942 partes
1108 891 1170 928 fo-

57 956 226 992 ventium
245 957 489 994 factionibus.
546 958 680 993 Visum
706 956 840 992 deinde
871 957 1039 992 Cercinae
1069 968 1169 999 eum,

56 1020 211 1056 tandem
231 1021 397 1057 adlatum
418 1028 487 1058 est.

111 1083 264 1122 XLIX.
293 1085 461 1122 Romani
492 1085 607 1134 legati
627 1098 742 1134 quum
762 1085 802 1120 in
821 1090 955 1120 senatu
974 1084 1170 1134 exposuis-

59 1155 158 1193 sent,
189 1150 419 1198 C'ompertum
448 1151 619 1186 Patribus
648 1150 821 1186 Romanis
849 1161 931 1191 esse,
962 1154 997 1184 et
1026 1149 1172 1197 Philip-

15 1207 16 1253 ]
58 1226 148 1262 pum
165 1226 281 1262 regem
302 1220 384 1251 ante
403 1215 446 1250 ab
467 1215 673 1250 Hannibale
702 1215 855 1249 maxime
883 1225 1079 1255 accensum,
1100 1213 1172 1248 bel-

15 1279 16 1283 ’
63 1278 135 1313 lum
153 1280 288 1326 populo
308 1279 472 1315 Romano
481 1278 627 1328 fecisse,
647 1283 682 1314 et
698 1291 792 1314 nunc
813 1279 936 1313 literas
959 1279 1174 1324 nunciosque

15 1374 16 1377 ,
63 1343 108 1377 ab
126 1355 164 1378 eo
184 1344 232 1378 ad
251 1344 466 1379 Antiochum
485 1355 600 1390 regem
616 1342 797 1391 profectos
813 1358 825 1377 .·
857 1342 953 1377 haud
972 1343 1174 1389 quieturam

63 1412 161 1450 ante,
181 1421 289 1455 quam
309 1409 438 1445 bellam
468 1414 540 1444 toto
569 1408 650 1444 orbe
677 1412 856 1444 terrarum
884 1408 1060 1442 concisset.
1118 1407 1175 1441 Ne

15 1502 16 1511 ,
63 1471 118 1507 his
146 1473 267 1508 debere
295 1475 426 1521 inpune
454 1485 535 1516 esse,
566 1475 597 1508 si
623 1471 830 1520 satisfitcere
858 1471 1176 1517 Karthaginienses

15 1523 16 1558 ἶ
59 1538 196 1584 populo
215 1536 379 1573 Romano
398 1538 541 1579 vellent,
562 1537 654 1572 nihil
672 1548 793 1572 eorum
811 1548 876 1572 sua
894 1536 1090 1577 voluntate,
1112 1547 1175 1569 nec

60 1601 204 1648 publico
238 1603 382 1637 consilio
407 1601 556 1650 facium
588 1613 669 1636 esse.
733 1599 1073 1647 Karthaginienses
1115 1611 1174 1634 re-

64 1663 311 1712 sponderunt,
340 1664 517 1712 quiequid
548 1676 695 1712 aequum
724 1664 959 1699 censuissent
992 1662 1173 1705 Romani,

65 1727 232 1763 facturos
270 1740 362 1764 esse.
426 1727 625 1764 Hannibal
663 1739 845 1776 prospero
883 1739 994 1762 cursu
1030 1726 1176 1775 Tyrum

66 1792 262 1840 pervenit:
296 1798 550 1840 exceptusque
577 1805 600 1827 a
625 1790 885 1827 conditoribus
908 1790 1175 1838 KarthaginiS,

66 1860 109 1889 ut
127 1854 200 1890 alia
220 1856 355 1904 patria,
374 1857 430 1891 vir
450 1863 526 1890 tani
547 1856 667 1891 clarus
689 1856 792 1890 omni
813 1867 950 1902 genere
969 1855 1174 1897 honorum,

15 1933 17 1940 ⁴
64 1930 204 1968 paucos
225 1925 392 1955 moratus
413 1920 506 1962 dies,
526 1920 773 1955 Antiochiam
793 1920 970 1965 navigat:
1004 1918 1057 1954 ibi
1085 1930 1176 1968 pro-

65 1982 207 2019 fectum
229 1981 312 2032 jam
341 1996 467 2031 regern
488 1997 603 2032 quum
633 1983 812 2026 audisset,
843 1982 959 2018 filium
990 1982 1068 2031 ejus
1100 1981 1176 2017 sol-

66 2044 190 2082 lemne
209 2046 381 2082 ludorum
402 2047 448 2083 ad
476 2046 665 2096 Daphnen
695 2046 948 2081 celebrantem
978 2045 1177 2080 convenis-

69 2116 148 2145 set:
182 2111 339 2146 comiter
368 2111 414 2146 ab
436 2123 481 2146 eo
511 2118 704 2159 exceptus,
726 2109 867 2145 nullam
897 2122 1042 2145 moram
1071 2109 1177 2144 navi-

69 2173 182 2222 gandi
218 2173 320 2210 fecit.
377 2174 519 2223 Ephesi
557 2186 684 2222 regem
721 2180 777 2209 est
815 2181 1054 2215 consecutus,
1086 2172 1332 2219 fiuc-pefwffit

70 2243 241 2274 mantem
278 2238 399 2274 adhuc
436 2239 577 2281 animo,
617 2240 875 2286 incertumque
913 2237 957 2273 dc
998 2236 1175 2273 Romano
1189 2232 1227 2260 ad
1243 2233 1355 2262 Am'ffi·

70 2301 195 2348 bello3
238 2303 301 2340 sed
333 2303 433 2340 haud
465 2316 621 2354 parvum
659 2309 894 2339 momentum
931 2302 1059 2338 animo
1097 2275 1308 2352 ejusmum'
