1507 2656
300 218 456 248 mun
479 214 624 245 xxxx.
659 213 766 243 cn.
790 213 982 245 xnvm.
1112 214 1194 260 327

88 320 146 346 res
177 314 271 345 natu
299 305 491 356 negabant
517 303 765 354 triumphum,
785 308 820 340 et
843 305 938 352 quod
963 305 1079 342 alieno
1098 318 1196 342 exer-
1209 313 1252 344 U.
1265 313 1301 345 C.
1316 320 1390 346 552.

88 375 161 410 citu
179 385 251 409 rem
267 374 439 420 gessisset,
461 375 495 406 et
514 371 607 417 quod
625 370 847 417 provinciam
866 370 1061 416 reliquisset
1080 372 1196 407 avidi·
1209 359 1248 388 Λ·
1262 358 1300 387 C‘
1315 364 1390 390 9⁰⁰·

89 442 165 474 tate
191 438 354 485 rapiendi
383 448 449 484 per
475 436 692 471 occasionem
724 434 917 482 triumphi5
946 435 986 470 id
1011 447 1092 471 vero
1118 448 1198 472 eum
1210 418 1395 448 Vanaesen-

1211 469 1317 491 tenilae
1333 470 1367 492 111

87 503 188 539 nullo
212 502 368 549 exemplo
378 500 521 549 fecisse.
580 499 807 535 Consulares
831 500 1033 550 praecipue,
1057 512 1197 548 exspec-
1210 511 1335 536 senatu.

89 568 239 603 tandum
254 565 372 614 fuisse
397 566 587 607 consulem,
609 564 808 600 dicebant:
839 566 993 612 potuisse
1010 567 1104 601 enim
1123 578 1199 601 cas-

78 632 166 673 .tris,
191 643 306 679 prope
330 631 448 666 vrbem
474 631 610 678 positis,
640 631 793 665 tutanda
819 631 973 672 colonia,
995 630 1047 665 ita
1066 635 1107 665 ut
1125 632 1202 667 acie

87 707 158 731 non
188 697 401 737 decerneret,
422 698 458 731 z'n
488 696 682 730 adventum
709 693 781 740 ejus
810 707 884 730 rem
916 695 1124 732 extrahere:
1153 700 1200 738 et,

90 762 183 810 quod
198 766 333 809 proetor
351 773 421 796 non
429 760 592 809 fecisset,
612 761 754 796 senatui
762 758 980 808 faciendum
995 773 1075 796 esse.
1109 761 1201 796 Con-

88 827 200 861 sulem
216 830 482 873 exspectarent:
511 825 569 860 ubi
590 837 709 860 coram
725 826 960 872 disceptantes
976 827 1152 862 consulem
1168 830 1203 862 et

88 895 275 937 praetorem
298 891 490 930 audissent,
511 890 626 924 verius
642 890 686 925 de
702 901 825 925 caussa
844 891 1106 926 existimaturos
1121 902 1202 927 esse.

88 952 235 1001 Magna
262 965 346 1001 pars
374 959 526 988 senatus
557 952 653 988 nihil
682 959 817 1001 praetei·
847 965 904 988 res
935 960 1074 1001 gestas,
1097 960 1135 990 et
1154 967 1203 990 an

90 1017 129 1052 in
151 1017 374 1065 magistratu
402 1018 553 1065 suisque
577 1017 753 1066 auspiciis
783 1017 974 1064 gessisset,
997 1018 1203 1054 censebant

92 1087 263 1130 spectare
290 1087 463 1117 senatum
490 1081 638 1117 debere.
696 1082 756 1116 Ex
784 1082 919 1117 duabus
947 1072 1105 1124 coloniis,
1128 1095 1205 1130 qua:

89 1147 188 1182 velut
202 1147 361 1182 claustra
379 1148 429 1182 ad
444 1147 653 1182 cohibendos
673 1147 831 1183 Gallicos
851 1148 1026 1183 tumultus
1040 1148 1205 1195 obposita?

81 1209 254 1259 fuissent,
276 1223 381 1259 quum
410 1224 483 1247 una
514 1213 656 1259 direpta
684 1216 719 1247 et
747 1214 889 1248 incensa
911 1217 1010 1255 esset,
1033 1210 1204 1258 trajectu-

91 1287 241 1322 rumque
269 1277 305 1310 icl
326 1277 541 1318 incendium,
562 1278 660 1312 velut
687 1288 728 1311 ex
751 1276 1007 1312 continentibus
1033 1278 1146 1318 tectis,
1169 1278 1207 1312 in.

94 1339 246 1374 alterurn
269 1345 341 1375 tam
368 1342 606 1388 propinquam
626 1342 809 1382 ,coloniam
837 1346 936 1383 esset,
958 1342 1042 1389 quid
1061 1343 1207 1377 tandem,

90 1405 239 1450 proetori
257 1402 472 1451 faciendum
490 1403 644 1452 fuisse?
676 1405 787 1446 Nam,
813 1407 843 1440 si
871 1406 946 1440 sine
969 1406 1109 1440 consule
1128 1406 1208 1452 geri.

95 1467 186 1502 nihil
212 1470 422 1515 oportuerit,
451 1474 514 1504 avt
542 1474 705 1505 senatum
727 1481 900 1516 peccasse,
933 1471 994 1517 qui
1015 1471 1208 1505 exercitum

93 1533 240 1578 prcetori
269 1534 419 1574 dederit,
444 1535 613 1580 (potuisse
641 1535 746 1575 enim,
766 1536 796 1569 si
823 1546 892 1569 non
922 1546 1001 1569 cum
1027 1535 1207 1581 praetoris,

93 1598 153 1631 sed
173 1598 337 1639 consulis,
356 1599 511 1633 exercitu
530 1610 602 1633 rem
627 1600 706 1645 geri
724 1599 890 1640 voluerit,
912 1600 965 1634 ita
971 1599 1085 1646 finire
1104 1611 1207 1635 sena-

98 1663 366 1704 tusconsultum,
386 1675 430 1698 ne
454 1675 519 1710 per
542 1668 745 1710 prcetorem,
765 1664 827 1698 sed
849 1675 914 1710 per
933 1663 1123 1705 consulem,
1145 1675 1208 1711 ge-

96 1726 268 1770 reretur,)
292 1730 356 1762 aut
384 1727 574 1767 consulem,
610 1728 670 1773 qui
700 1739 785 1768 non,
813 1739 923 1773 quum
950 1728 1143 1762 exercitum
1169 1738 1211 1762 ex

98 1790 252 1826 Etruria
272 1792 424 1826 transire
446 1792 482 1826 in
507 1791 667 1825 Galliam
680 1788 853 1835 jussisset,
877 1792 950 1837 ipse
974 1791 1131 1826 Arimini
1150 1791 1210 1826 ob-

99 1857 262 1896 currerit,
284 1860 323 1891 ‘nt
343 1856 433 1891 bello
453 1858 643 1897 interesset,
665 1857 759 1902 quod
784 1856 859 1890 sine
882 1867 921 1890 eo
947 1857 1025 1902 geri
1042 1854 1111 1902 sas
1139 1867 1212 1891 non.

98 1924 195 1955 esset.
253 1920 334 1955 Non
355 1925 556 1968 exspectare
576 1920 658 1954 belli
678 1924 839 1967 tempora
863 1931 983 1954 moras
1008 1924 1042 1954 et
1063 1909 1211 1955 dilatio-

96 1997 159 2022 nes
187 1987 441 2034 imperatorum
453 2002 464 2022 .·
493 1991 527 2021 et
552 1986 789 2034 pugnandum
818 1997 888 2020 esse
916 1986 1111 2027 interdum,
1140 1997 1212 2021 non

101 2051 187 2098 quia
221 2051 320 2092 velis,
358 2051 419 2085 secl
455 2051 538 2097 quia
576 2049 683 2085 hostis
716 2053 831 2096 cogat.
894 2049 1062 2096 Pugnnm
1098 2050 1214 2096 ipsam

100 2119 330 2162 eventumque
359 2127 487 2162 pugnae
514 2116 667 2162 spectari
696 2119 879 2161 oportere:
901 2112 1010 2161 fusos
1042 2125 1213 2161 caesosque

99 2177 238 2214 hostes:
267 2183 385 2213 castra
414 2183 521 2226 capta
550 2191 592 2214 ac
621 2179 784 2226 direpta:
819 2178 994 2212 coloniam
1025 2176 1213 2212 liberatam

101 2242 304 2278 obsidione:
332 2243 481 2278 alterius
502 2243 647 2278 coloniae
672 2244 832 2290 captivos
856 2245 1083 2288 recuperatos
1107 2241 1211 2276 resti-

102 2312 263 2356 tutosque
285 2309 382 2345 suis:
410 2307 625 2344 debellatum
655 2320 725 2344 uno
756 2309 882 2356 prcelio
903 2319 984 2343 esse.
1043 2308 1126 2343 Non
1145 2307 1209 2344 lio-

96 2373 210 2409 mines
229 2377 371 2410 tantum
395 2385 438 2410 ea
458 2374 610 2410 victoria
635 2373 786 2419 laetatos,
805 2373 865 2410 sed
890 2373 983 2410 Diis.
996 2384 1134 2422 quoque
1153 2373 1209 2409 in-
