1507 2656
287 215 438 244 LIBER
462 211 642 243 xxxvi.
675 212 781 242 cAp.
804 214 956 244 xL111.
1091 207 1172 261 605

21 303 23 332 4
73 301 241 338 omnium
277 314 401 338 rerum
437 313 581 343 caussa,
620 302 744 350 pergit
780 303 951 350 protinus
995 305 1173 353 navigare
1188 318 1275 349 ηρ,
1294 324 1367 352 561.

21 390 22 393 =
71 365 388 416 Peloponnesum.
430 365 565 401 Samen
594 365 922 414 Zacynthumque,
941 367 1028 415 quia
1055 361 1275 417 partisA·C·
1295 368 1366 394 191.

21 447 22 469 ἢ
70 428 290 466 AEtolorum
325 429 535 466 maluerant
567 442 660 473 esse,
698 430 869 478 protinus
908 430 1173 480 depopulatus,

20 495 22 539 J
70 491 236 529 RIaleam
256 493 370 543 petit:
394 498 445 534 et,
465 505 645 542 prospera
663 492 905 540 navigatione
926 504 1027 536 usuS,
1043 497 1172 543 paucis

68 556 198 591 diebus
222 556 407 592 Piraeeum
433 557 480 593 ad
499 563 661 592 veterem
692 555 847 592 classem
874 557 1055 605 pervenit.
1112 559 1174 595 Ad

68 617 266 668 Scyllaeum
282 620 470 656 Eumenes
488 632 554 656 rex
569 633 654 656 cum
669 619 790 655 tribus
807 619 962 654 navibus
981 619 1169 668 obcurrit3

19 683 21 721 Ϋ
66 694 182 731 quum
202 683 355 732 AEginae
375 684 440 720 diu
459 684 625 719 incertus
646 683 793 719 consilii
813 683 960 726 fuisset,
982 689 1106 720 utrum
1127 686 1174 721 ad

19 735 20 772 ἕ
66 746 248 783 tuendum
265 747 402 783 rediret
418 757 589 796 regnum,
611 746 805 795 (audiebat
822 747 920 782 enim
938 747 1174 785 Antiochum

66 808 211 860 Ephesi
230 811 380 847 navales
400 817 669 860 terrestresque
695 823 828 861 parare
848 811 992 860 copias)
1016 823 1064 847 an
1083 824 1174 848 nus-

68 886 180 923 quam
209 874 427 911 abscederet
452 874 499 911 ab
530 874 730 917 Romanis,
759 887 805 910 ex
831 887 991 923 quorum
1019 875 1175 912 fortuna

18 963 19 967 ,
67 949 135 973 sua
154 939 346 988 penderet.
401 940 438 975 A
455 939 601 974 Piraeeo
620 940 667 975 A.
684 938 838 981 Atilius,
858 939 1005 974 traditis
1026 952 1174 976 succes-

66 1002 142 1036 sori
169 1002 334 1052 quinque
361 1008 398 1038 et
424 1003 558 1050 viginti
584 1002 742 1039 navibus
768 1002 893 1045 tectis,
921 1001 1084 1038 Romam
1116 1010 1173 1039 est

17 1111 18 1116 Ἰ
65 1065 271 1114 profectus.
327 1066 458 1102 Livius
489 1079 562 1102 una
589 1073 626 1102 et
652 1066 850 1114 octoginta
875 1067 1046 1101 rostratis
1067 1067 1174 1102 navi-

65 1125 150 1170 bus,
167 1127 294 1163 multis
311 1135 493 1178 praeterea
509 1128 732 1170 minoribus,
750 1141 831 1176 quae
853 1134 918 1163 aut
937 1134 1075 1176 apertae
1091 1141 1173 1164 ros-

66 1196 189 1234 tratae,
221 1198 287 1227 aut
315 1193 396 1228 sine
427 1192 558 1227 rostris
589 1191 850 1242 speculatoriae
882 1198 1003 1234 erant,
1033 1191 1174 1228 Delum

16 1256 17 1259 ’
63 1253 226 1304 trajecit.

118 1318 273 1356 XLIII.
303 1319 362 1355 Eo
388 1319 466 1356 fere
484 1326 655 1369 tempore
675 1320 807 1356 consul
825 1320 969 1356 Acilius
991 1320 1171 1371 Naupac-

62 1388 147 1419 tum
173 1382 433 1432 obpugnabat.
489 1383 640 1420 Livium
660 1384 748 1419 Deli
768 1396 834 1433 per
853 1383 997 1432 aliquot
1016 1385 1093 1420 dies
1117 1389 1174 1432 (et

15 1462 16 1476 1
65 1451 123 1482 est
151 1448 415 1483 ventosissima
444 1448 549 1496 regio
582 1448 682 1482 inter
711 1447 909 1495 CycladaS‚
943 1447 1049 1484 fretis
1080 1449 1171 1485 alias

15 1545 16 1548 ,
65 1509 286 1559 majoribus,
309 1511 399 1547 alias
420 1506 628 1547 minoribus
652 1511 806 1557 divisas)
829 1511 973 1546 adversi
992 1513 1095 1547 venti
1116 1520 1173 1549 te·-

66 1581 242 1611 miei-unt.
299 1575 565 1624 Polyxenidas,
597 1575 734 1610 certior
759 1587 825 1624 per
854 1575 1053 1624 dispositas
1089 1588 1173 1626 spe-

14 1666 15 1691 }
68 1636 269 1674 culatorias
295 1651 408 1675 naves
437 1639 573 1681 factus,
600 1638 688 1674 Deli
717 1645 816 1674 stare
841 1638 1056 1674 Romanam
1078 1640 1173 1675 clas-

13 1696 18 1747 s
69 1714 162 1745 sem,
181 1703 340 1738 nuncios
361 1703 407 1739 ad
433 1716 559 1751 regem
585 1703 710 1738 misit:
744 1703 821 1751 qui,
842 1703 1004 1745 omissis,
1025 1715 1107 1751 quae
1133 1704 1173 1739 in

12 1796 14 1801 ,
68 1764 323 1816 Hellesponto
344 1766 494 1814 agebat,
512 1779 596 1802 cum
612 1767 783 1802 rostratis
800 1766 972 1809 navibus,
989 1774 1173 1814 quantum

67 1828 277 1864 adcelerare
296 1830 435 1878 potuit,
456 1829 650 1878 Ephesum
670 1830 801 1865 rediit:
834 1836 872 1864 et
891 1829 1090 1865 consilium
1107 1842 1172 1865 ex-

64 1892 208 1941 templo
235 1892 382 1935 habuit,
402 1892 667 1928 faciendumne
692 1892 900 1942 periculum
925 1892 1068 1928 navalis
1092 1905 1172 1928 cer-

64 1956 217 1990 taminis
237 1955 347 1992 foret.
404 1956 656 2005 Polyxenidas
676 1955 841 2004 negabat
860 1956 1105 1991 cessandum:
1138 1962 1173 1992 et
1183 1968 1364 2001 Antiochus

65 2021 188 2066 utique
220 2022 323 2067 prius
354 2021 624 2069 corffligendum,
659 2032 764 2067 quam
792 2021 913 2054 classis
940 2020 1110 2055 Eumenis
1138 2026 1171 2056 et
1183 2019 1261 2041 cum
1276 2021 1314 2041 ΕΒ

1183 2063 1331 2092 pugnan-

64 2082 214 2118 Rhodiae
245 2095 351 2118 naves
381 2082 676 2130 conjungerentur
707 2084 877 2118 Romanis
889 2098 901 2118 .·
944 2084 997 2117 ita
1028 2095 1172 2120 numero
1183 2097 1263 2126 dum
1276 2097 1386 2128 decet.

63 2145 259 2194 nonferme
275 2147 415 2193 inpares
423 2146 573 2194 futuros
586 2158 634 2188 se,
653 2148 776 2181 ceteris
790 2145 947 2180 omnibus
959 2149 1169 2194 superiores,
1183 2139 1241 2170 nit·

63 2214 98 2245 et
125 2210 308 2245 celeritate
338 2212 494 2252 navium,
524 2215 558 2245 et
586 2212 761 2246 varietate
788 2210 1015 2246 auxiliorum.
1073 2211 1171 2247 Nam

64 2273 248 2309 Romanas
275 2286 393 2316 naves,
424 2287 533 2322 quum
564 2276 657 2322 ipsas
688 2276 813 2309 inscite
833 2273 963 2321 factas
992 2274 1172 2310 inmobiles

63 2349 147 2384 esse,
178 2344 254 2376 tum
281 2341 405 2385 etiam,
426 2345 468 2376 ut
495 2352 571 2389 quae
597 2341 636 2376 in
666 2345 800 2376 terram
828 2340 982 2376 hostium
1010 2338 1167 2381 veniant,
