1523 2666
146 352 242 384 ΠΟ.
258 359 330 389 5⁵7·

147 398 185 427 Α.
201 397 240 429 C.
259 405 331 432 195.

338 255 424 297 442
801 256 848 285 τ.
871 255 1005 286 mvn

342 353 383 385 ut
389 349 519 398 finiret
546 347 726 385 libidinem
745 348 967 391 muliebrem,
988 347 1182 385 verendum
1196 345 1317 396 foret,
1337 360 1383 385 ne
1401 348 1463 385 ab·

341 419 473 462 rogata
498 415 688 451 incitaret:
718 426 782 450 cur
805 416 853 450 sit
880 419 1000 450 autem
1030 414 1121 456 lata,
1147 415 1264 462 ipsum
1291 414 1466 451 indicavit

345 485 492 528 tempus.
550 479 737 516 Hannibal
768 481 806 515 in
832 480 947 516 Italia
978 484 1057 516 erat
1085 480 1198 515 victor
1223 480 1272 515 ad
1298 478 1468 516 Cannas:

334 542 417 591 jam
443 545 652 587 Tarentum,
668 543 749 590 jam
775 545 907 592 Arpos,
929 543 1012 590 jam
1034 544 1197 593 Capuam
1221 543 1389 580 habebat:
1418 543 1467 580 ad

342 608 463 645 ‘urbem
490 608 646 644 Romam
666 609 879 644 admoturus
907 609 1100 644 exercitum
1124 608 1338 645 videbatur:
1366 607 1466 657 dese-

343 677 466 708 cerant
484 674 596 709 socii:
625 684 697 708 non
727 673 859 708 milites
884 674 921 708 in
947 672 1246 720 supplementum,
1266 684 1337 708 non
1355 673 1466 708 socios

341 738 489 774 navales
515 738 564 773 ad
593 737 736 773 classem
768 737 950 778 tuendam,
976 748 1047 771 non
1069 737 1258 784 pecuniam
1279 736 1317 771 in
1335 737 1466 772 aerario

343 800 556 838 habebamus
568 817 579 837 .·
598 802 703 843 servi,
721 800 844 848 quibus
859 812 964 836 arma
983 801 1170 845 darentur,
1184 801 1238 836 ita
1253 804 1294 835 ut
1305 800 1466 848 pretium

338 879 409 914 pro
428 868 471 901 iis
490 867 580 902 bello
597 865 758 915 perfecto
778 866 931 901 dominis
949 865 1159 908 solveretur,
1180 864 1385 900 emebantur
1397 880 1409 900 .·
1429 865 1467 900 in

343 933 505 967 eamdem
525 932 618 967 diem
634 932 811 979 pecuniae,
827 929 1062 979 frumentum
1081 935 1117 966 et
1135 934 1266 972 cetera,
1287 940 1364 978 quae
1383 928 1466 965 belli

341 1008 426 1032 ‘usus
455 996 702 1044 postulabant,
731 995 924 1043 prcebenda
945 995 1132 1043 publicani
1163 1006 1200 1030 se
1231 994 1466 1030 conducturos

339 1060 494 1108 professi
513 1066 641 1097 erant:
665 1073 780 1096 seri-os
798 1062 845 1096 ad
863 1073 1014 1102 remum,
1036 1072 1184 1096 numero
1202 1071 1244 1095 ea:
1262 1071 1366 1095 censu-
1381 1070 1464 1094 con·

342 1127 484 1167 stituto,
505 1138 585 1161 cum
614 1126 790 1173 stipendio
819 1129 941 1161 nostro
968 1124 1164 1160 dabamus:
1193 1136 1322 1159 aurum
1348 1127 1382 1158 et
1402 1135 1463 1158 ar-

339 1196 491 1238 gentum
521 1202 635 1232 omne,
671 1190 714 1225 ab
742 1189 961 1226 senatoribus
993 1188 1066 1236 ejus
1094 1190 1147 1225 rei
1177 1189 1279 1224 initio
1307 1193 1400 1230 orto,
1426 1189 1464 1223 in

338 1254 521 1302 publicum
544 1253 813 1302 coifferebszrrzzcs
825 1270 837 1289 .·
856 1254 973 1289 viduce
992 1258 1026 1288 et
1042 1253 1178 1300 pupilli
1195 1253 1364 1300 pecunias
1381 1263 1465 1287 suas

343 1320 381 1354 in
400 1321 565 1354 cerarium
587 1317 817 1367 deferebant:
847 1322 992 1353 cautum
1014 1321 1106 1358 erat,
1128 1328 1196 1364 quo
1215 1327 1259 1351 ne
1280 1317 1366 1364 plus
1383 1317 1466 1351 auri

344 1388 380 1418 et
405 1384 547 1430 argenti
561 1382 677 1431 facti,
710 1395 778 1431 quo
808 1393 851 1417 ue
883 1382 968 1430 plus
993 1382 1128 1428 signati
1153 1381 1295 1427 argenti
1320 1385 1355 1416 et
1385 1381 1466 1417 oerz's

343 1447 441 1483 domi
460 1447 678 1483 haberemus.
741 1447 824 1482 Tali
852 1451 1009 1494 tempore
1034 1447 1070 1481 in
1099 1446 1243 1481 luxuria
1271 1449 1307 1481 et
1332 1449 1464 1480 ornatu

341 1517 517 1548 matronae
546 1516 729 1560 occupatae
760 1516 878 1554 erant,
908 1515 949 1546 ut
973 1511 1020 1546 ad
1052 1521 1130 1545 eam
1150 1510 1381 1545 coercendam
1408 1510 1464 1544 lex

345 1578 465 1624 Oppia
491 1578 694 1613 desiderata
715 1578 761 1612 sit
775 1578 796 1611 .9
824 1588 945 1623 quum,
967 1576 1052 1623 quia
1074 1575 1211 1610 Cereris
1231 1574 1460 1623 sacrificium,

345 1642 543 1689 lugentibus
563 1642 722 1677 omnibus
745 1642 929 1682 matronis,
951 1641 1187 1675 intermissum
1208 1643 1299 1681 erat,
1319 1643 1464 1675 senatus

329 1707 439 1757 finiri
460 1708 596 1743 luctum
623 1708 774 1755 triginta
801 1706 919 1742 diebus
937 1703 1059 1750 jussit.
1120 1704 1187 1739 Cui
1205 1716 1274 1740 mm
1294 1705 1461 1752 adparet,

341 1774 504 1821 inopiam
523 1777 556 1808 et
577 1774 755 1808 miseriam
776 1771 944 1813 civitatis,
967 1775 1000 1806 et
1020 1771 1106 1818 quia
1126 1771 1283 1806 omnium
1298 1771 1462 1818 privato-

341 1852 423 1875 rum
441 1841 601 1888 pecunia²
624 1841 659 1875 in
688 1852 788 1875 usum
812 1839 997 1887 publicum
1022 1837 1200 1873 vertenda?
1218 1840 1334 1878 erant,
1355 1836 1463 1870 istam

343 1905 455 1952 legem
481 1906 672 1952 scripsisse,
710 1905 849 1940 tamdiu
878 1915 1101 1944 mansuram,
1135 1902 1307 1950 quamdiu
1337 1911 1461 1936 caussa

338 1969 530 2005 scribendae
551 1970 637 2016 legis
655 1970 872 2004 mansisset?
906 1969 1004 2003 Nam
1027 1970 1069 2009 si,
1092 1979 1169 2014 quae
1189 1971 1273 2001 tunc
1293 1966 1461 2012 temporis

339 2046 464 2070 caussa
483 2039 549 2070 aut
569 2035 724 2070 decrevit
742 2038 898 2075 senatus,
920 2037 985 2068 aut
1006 2033 1160 2079 populus
1176 2029 1299 2076 jussit,
1321 2031 1356 2065 in
1375 2041 1459 2077 per-

333 2104 484 2148 petuum
499 2100 636 2134 servari
652 2103 804 2147 oportet,
822 2111 883 2134 cur
895 2099 1067 2146 pecunias
1082 2097 1263 2133 reddimus
1273 2095 1429 2143 privatis
1439 2095 1460 2130 ,9

339 2177 403 2201 eur
427 2164 569 2212 publica
598 2166 765 2212 praesenti
791 2165 942 2212 pecunia
967 2164 1159 2199 [oramus.9
1187 2174 1250 2197 cur
1272 2162 1376 2201 servi,
1396 2161 1458 2208 qui

338 2229 508 2269 militent,
526 2241 593 2264 non
611 2229 809 2264 emuntur?
828 2240 892 2264 cur
906 2229 1046 2276 privati
1065 2239 1133 2263 nou
1152 2227 1277 2262 damus
1295 2226 1456 2273 remiges,

336 2294 429 2329 sicut
450 2298 534 2329 tunc
553 2294 714 2329 dedimus
727 2294 747 2329 ζ)

390 2357 444 2393 VI
451 2357 468 2393 Ι
475 2387 481 2394 .
513 2359 641 2393 Omnes
659 2358 725 2393 alii
745 2358 899 2400 ordines,
918 2368 1035 2392 omnes
1052 2355 1209 2392 homines
1224 2355 1456 2390 *mutationem

333 2422 372 2459 in
400 2422 584 2459 meliorem
609 2427 744 2461 statum
778 2422 979 2472 reipublicae²
1007 2422 1184 2458 sentient:
1216 2421 1264 2457 ad
1293 2416 1456 2466 conjuges
