1523 2666
173 904 217 935 U.
234 906 270 936 C.
286 914 359 939 559.

171 948 214 978 Λ.
230 950 265 978 C.
287 956 358 982 193.

174 1003 328 1052 Res-His-

174 1056 288 1085 pamae.

539 427 604 479 T.
644 427 856 478 LIVII
906 427 1322 481 PATAVINI

727 592 922 629 LIBER
958 592 1132 631 XXXV.

446 901 696 939 RINCIPIO
724 901 827 943 anni,
853 914 927 949 quo
953 901 1034 937 haec
1054 908 1160 951 gesta
1179 910 1280 948 sunt,
1303 906 1388 943 Sex.
1408 906 1479 943 Di·

464 970 576 1019 gitius
607 973 746 1018 praetor
770 968 808 1002 in
836 968 1024 1017 Hispania
1047 969 1220 1005 citeriore
1241 983 1325 1008 cum
1345 972 1477 1009 civita·
1516 1002 1517 1010 1

369 1035 469 1070 tibus
501 1035 559 1076 iis,
591 1046 672 1081 quae
703 1037 789 1081 post
818 1031 1093 1081 profectionem
1120 1033 1177 1070 M.
1206 1034 1362 1071 Catonis
1392 1049 1476 1086 per-

367 1099 495 1134 multae
532 1096 819 1138 rebellaverant,
858 1095 989 1132 crebra
1032 1097 1165 1146 magis,
1205 1111 1316 1147 quam
1361 1101 1477 1149 digna

366 1163 482 1204 dictu,
503 1161 635 1211 proelia
656 1160 759 1202 fecit,
781 1166 818 1195 et
844 1159 938 1195 adeo
967 1159 1143 1209 pleraque
1163 1161 1330 1205 adversa,
1352 1169 1393 1199 ut
1412 1164 1475 1201 vix

366 1226 560 1262 dimidium
581 1224 755 1265 militum,
777 1236 888 1271 quam
909 1223 1009 1272 quod
1035 1232 1244 1275 acceperat,
1266 1228 1472 1264 successori

363 1290 571 1326 tradiderit.
627 1288 711 1323 Nec
735 1287 890 1323 dubium
920 1294 990 1331 est,
1011 1289 1101 1337 quin
1131 1291 1252 1326 omnis
1283 1291 1469 1342 Hispania

364 1354 558 1390 sublatura
574 1353 719 1388 animos
739 1351 866 1394 fuerit,
882 1353 922 1387 ni
942 1352 1037 1389 alter
1055 1360 1194 1403 praetor
1214 1355 1255 1391 P.
1270 1356 1467 1393 Cornelius

364 1419 434 1455 Cn.
457 1419 500 1455 F.
525 1419 652 1467 Scipio
681 1425 783 1452 trans
814 1416 968 1454 Iberum
996 1419 1116 1455 multa
1145 1420 1308 1456 secunda
1335 1419 1470 1470 proelia

362 1484 536 1520 fecisset:
570 1495 644 1531 quo
674 1488 816 1517 terrore
844 1494 922 1517 non
951 1482 1074 1518 minus
1095 1484 1371 1532 quinquaginta
1399 1497 1468 1534 op-

361 1548 449 1598 pida
469 1546 515 1583 ad
535 1559 620 1582 eum
638 1545 867 1581 defecerunt.
922 1545 1069 1582 Praetor
1087 1547 1167 1582 haec
1193 1554 1361 1595 gesserat
1387 1548 1467 1584 Sci-

360 1612 436 1662 pio.
494 1610 598 1646 Idem
628 1623 696 1659 pro
725 1615 899 1660 praetore,
925 1609 1145 1653 Lusitanos,
1166 1610 1379 1661 pervastata
1409 1611 1465 1648 ul-

359 1676 489 1712 teriori
521 1675 729 1725 provincia,
761 1687 845 1709 cum
881 1674 1025 1722 ingenti
1061 1675 1187 1724 praeda
1220 1676 1372 1712 domum
1404 1689 1462 1713 re·
1502 1697 1504 1708 ›

359 1740 529 1781 deuntes,
561 1739 599 1773 in
632 1738 715 1786 ipso
747 1737 880 1772 itinere
910 1738 1121 1786 adgressuS,
1152 1738 1198 1775 ab
1228 1739 1322 1776 hora
1350 1741 1462 1777 tertia
1502 1762 1503 1778 1

357 1804 430 1840 diei
461 1803 506 1839 ad
537 1809 709 1838 octavam
739 1802 884 1837 incerto
914 1809 1050 1838 eventu
1078 1804 1274 1853 pugnavit,
1304 1817 1460 1841 numero

355 1867 517 1903 militum
536 1866 658 1915 inpar,
680 1866 849 1914 superior
869 1865 949 1901 aliis
969 1881 976 1901 :
1008 1879 1096 1902 nam
1117 1873 1154 1902 et
1173 1868 1252 1904 acie
1271 1867 1459 1917 frequenti

354 1931 506 1968 armatis
529 1930 702 1966 adversus
724 1929 879 1978 longum
903 1936 940 1964 et
966 1930 1174 1979 inpeditum
1203 1931 1316 1968 turba
1343 1945 1456 1982 peco—

353 2008 435 2031 rum
455 2007 604 2042 agmen,
627 2000 664 2029 et
683 1995 824 2029 recenti
844 1993 963 2029 milite
990 1994 1163 2031 adversus
1193 1995 1311 2032 fessos
1341 1996 1456 2046 longo

351 2060 485 2095 itinere
506 2066 757 2094 concurrerat.
809 2058 939 2093 Tertia
958 2071 1120 2108 namque
1139 2059 1268 2108 vigilia
1287 2062 1455 2099 exierant

349 2124 478 2160 hostes
498 2138 505 2158 ;
537 2123 625 2158 huic
644 2129 832 2158 nocturno
852 2123 977 2159 itineri
997 2130 1071 2159 tres
1098 2124 1239 2161 diurnae
1269 2126 1370 2162 horae
1391 2140 1452 2164 ac-

350 2194 561 2226 cesserant:
595 2201 664 2224 nec
694 2187 767 2224 ulla
787 2189 912 2237 quiete
941 2189 1042 2232 data,
1068 2190 1234 2228 laborem
1254 2192 1321 2229 viae
1350 2206 1451 2243 proe-

346 2253 439 2290 lium
471 2260 681 2303 exceperat.
747 2253 880 2302 Itaque
918 2255 1103 2305 principio
1139 2269 1274 2306 pugnae
1310 2258 1448 2307 vigoris

347 2317 488 2368 aliquid
507 2318 546 2355 in
565 2317 785 2368 corporibus
806 2319 1014 2369 animisque
1042 2319 1127 2363 fuit,
1149 2327 1186 2357 et
1204 2321 1445 2360 turbaverant
