1523 2666
73 280 166 313 U.C.
182 288 253 314 561.

71 325 112 356 A.
126 325 164 357 C.
184 334 256 360 191.

70 1511 198 1554 Zacyn-

70 1558 169 1588 thum
186 1566 234 1589 re·

73 1608 189 1640 petunt
202 1601 242 1632 ab

71 1644 202 1675 Achaeis

71 1685 226 1720 Romani.

267 183 354 230 594
730 188 775 216 T.
800 188 933 217 L1V11

267 282 401 326 traque
412 288 531 327 prope
547 274 678 314 urbem
694 278 786 327 poni
800 277 984 321 viderent,
998 276 1144 327 legatos
1164 276 1384 314 Chalcidem

266 342 314 378 ad
337 341 382 378 T.
403 342 642 385 Quinctium,
664 350 857 378 auctorem
878 341 1080 385 libertatis,
1101 343 1298 386 miserunt,
1320 341 1386 391 qui

265 406 506 450 nunciarent,
522 406 735 443 Blessenios
749 406 951 450 Romanis,
967 420 1045 443 non
1062 407 1228 449 Achaeis,
1244 414 1282 443 et
1296 418 1386 456 ape-

264 470 339 507 rire
358 477 502 522 portas,
520 478 558 507 et
574 472 709 507 dedere
729 471 860 508 urbem
875 478 1027 522 paratos
1045 484 1136 509 esse.
1166 471 1318 507 Auditis
1332 469 1386 505 le-

266 536 381 585 gatiS,
402 537 594 587 extemplo
623 537 816 586 profectus
847 537 1065 581 Quinctius,
1097 551 1120 574 a
1146 534 1387 586 Megalopoli

268 600 316 636 ad
334 600 579 652 Diophanem
598 608 802 652 praetorem
829 601 1059 637 Achaeorum
1088 601 1205 644 misit,
1227 601 1290 649 qui
1321 612 1386 636 ex-

267 664 413 715 templo
439 666 619 703 reducere
642 679 728 702 eum
758 679 780 701 a
807 665 986 702 Messene
1017 665 1239 707 exercitum,
1261 670 1299 699 et
1323 675 1388 699 ve-

266 730 350 766 nire
369 730 416 767 ad
437 742 475 767 se
488 729 657 780 juberet.
686 730 805 768 Dicto
825 730 952 781 paruit
970 729 1195 780 Diophanes
1212 743 1219 764 :
1252 735 1304 772 et,
1326 739 1388 763 so-

265 792 349 831 luta
373 795 588 839 obsidione,
621 796 819 846 expeditus
853 796 947 846 ipse,
979 806 1208 845 praegressus
1237 804 1390 841 agmen,

265 859 369 896 circa
387 861 618 905 Andaniam,
639 874 797 912 parvum
818 861 1014 912 oppidum,
1034 860 1134 896 inter
1159 857 1391 908 Megalopo-

266 922 335 961 lim
365 924 648 976 Messenenque
676 927 860 978 positum,
891 925 1076 965 Quinctio
1104 923 1274 960 obcurrit
1290 938 1301 969 3
1335 928 1388 966 et,

266 1000 385 1038 quum
406 1003 556 1029 caussas
581 991 880 1043 obpugnationis
910 995 1132 1042 exponeret,
1162 988 1393 1036 castigatum

264 1052 418 1101 leniter,
439 1058 542 1107 quod
561 1064 710 1094 tantam
729 1070 810 1094 rem
829 1057 910 1093 sine
930 1055 1160 1092 auctoritate
1184 1066 1251 1089 sua
1271 1064 1388 1088 cona-

264 1124 327 1152 tus
350 1128 463 1160 csset,
480 1122 673 1153 dlmittere
692 1117 898 1154 exercitum
912 1115 1044 1168 jussit,
1064 1130 1135 1154 nec
1154 1130 1286 1168 pacem
1307 1128 1393 1153 om-

265 1180 374 1218 nium
401 1179 508 1218 bono
532 1187 683 1232 partam
713 1181 879 1219 turbare.
936 1182 1139 1218 Messeniis
1173 1181 1392 1232 imperavit,

265 1251 311 1282 ut
327 1244 473 1282 exsules
495 1245 733 1291 reducerent,
756 1253 794 1283 et
812 1246 1044 1283 Achaeorum
1064 1246 1217 1283 concilii
1236 1252 1363 1282 essent
1379 1259 1390 1283 z

267 1309 300 1347 si
319 1322 394 1360 qua
412 1309 612 1354 haberent,
635 1311 680 1347 de
704 1311 840 1361 quibus
861 1318 927 1348 aut
945 1324 1134 1356 recusare,
1155 1318 1221 1348 aut
1240 1312 1279 1348 in
1299 1323 1391 1362 pos-

268 1381 392 1412 terum
413 1376 537 1413 caveri
557 1376 630 1413 sibi
650 1377 804 1422 vellent,
828 1377 1058 1414 Corinthum
1079 1377 1126 1414 ad
1145 1389 1184 1413 se
1203 1377 1390 1413 venirent.

267 1439 516 1492 Diophanem
531 1441 737 1478 concilium
752 1442 982 1479 Achaeorum
1000 1442 1191 1493 extemplo
1208 1441 1280 1478 sibi
1292 1453 1390 1492 prae-

266 1504 358 1543 bere
370 1506 499 1558 jussit.
557 1507 632 1552 Ibi,
653 1508 699 1545 de
723 1509 926 1558 Zacyntho
954 1509 1166 1559 intercepta
1194 1521 1261 1560 per
1288 1507 1391 1544 frau-

269 1571 352 1609 dem
374 1573 498 1610 insula
518 1579 686 1623 questuS,
708 1574 931 1624 postulavit,
954 1580 995 1610 ut
1023 1574 1287 1610 restitueretur
1304 1571 1388 1609 Ro-

268 1638 405 1676 manis.
461 1638 629 1690 Philippi
648 1638 908 1676 Macedonum
927 1639 1025 1689 regis
1056 1639 1276 1688 Zacynthus
1306 1637 1389 1674 fue-

268 1708 328 1739 rat
347 1719 354 1739 :
398 1715 482 1740 eam
514 1704 726 1740 mercedem
759 1704 1006 1753 Amynandro
1041 1703 1207 1746 dederat,
1245 1708 1288 1738 ut
1323 1713 1391 1751 per

267 1767 542 1804 Athamaniam
562 1769 698 1805 ducere
714 1770 921 1805 exercitum
939 1769 975 1804 in
994 1768 1225 1818 superiorem
1242 1773 1390 1817 partem

268 1831 429 1869 AEtoliae
450 1832 581 1869 liceret
600 1849 607 1869 :
641 1847 715 1883 qna
735 1833 977 1883 expeditione
995 1833 1125 1869 fractis
1148 1832 1300 1874 animis,
1317 1830 1390 1867 AE-
1421 1831 1423 1833 ’

266 1896 372 1932 tolos
407 1898 591 1948 compulit
625 1899 671 1934 ad
701 1898 905 1949 petendam
942 1910 1085 1947 pacem.
1143 1895 1390 1946 Amynander

267 1959 489 2011 Philippum
501 1961 875 2013 Megalopolitanum
891 1962 1023 1998 insulae
1040 1961 1209 2011 praefecit
1226 1975 1233 1995 z
1256 1965 1391 2010 postea

265 2037 334 2075 per
352 2025 508 2069 bellum,
526 2040 601 2076 quo
622 2040 661 2063 se
676 2028 872 2064 Antiocho
893 2028 1067 2063 adversus
1084 2026 1282 2061 Romanos
1299 2037 1391 2060 con-

259 2088 407 2138 junxit,
429 2091 608 2141 Philippo
629 2091 676 2128 ad
695 2092 825 2127 munia
843 2090 932 2128 belli
953 2096 1147 2133 revocato,
1169 2087 1392 2125 Hieroclem

265 2153 565 2202 Agrigentinum
586 2168 843 2192 successorem
862 2155 978 2191 misit.

322 2219 504 2257 XXXII.
536 2221 589 2264 Is,
616 2228 704 2271 post
727 2221 858 2270 fugam
885 2220 931 2256 ab
957 2218 1225 2269 Thermopylis
1246 2217 1387 2254 Antio-

274 2283 351 2326 chi,
383 2285 744 2335 Amynandrumque
785 2300 808 2323 a
836 2285 1016 2336 Philippo
1044 2285 1277 2322 Athamania
1304 2283 1387 2333 pul-

266 2358 366 2393 sum,
387 2349 510 2387 missis
537 2350 638 2388 ultro
659 2351 706 2388 ad
726 2351 971 2404 Diophanem
993 2357 1194 2403 praetorem
1221 2348 1392 2386 Achaeo-

1520 1434 1523 1441 .
1516 1404 1519 1405 =
1513 722 1523 1390 ..-—.*--‹—-h.——-n——--.n——-—m—-
1520 691 1523 710 „-
