1523 2666
113 283 205 317 U.C.
223 290 297 316 548.

111 331 153 360 Α.
168 329 206 360 C.
222 335 296 360 204.

113 410 219 449 Scipio
236 420 295 447 res,

114 453 296 490 nonverba,

113 496 153 525 ad
160 505 298 535 purgan-

113 538 194 567 dum
210 548 244 568 se

112 587 211 619 parat.

119 1618 296 1648 Pleminius

119 1662 153 1691 in
169 1662 325 1692 vinculis-

124 1705 269 1736 moritur.

311 178 390 219 188
765 190 809 218 T.
836 190 970 219 mvn

308 275 547 327 imperatoris
577 276 776 326 solutaque
804 278 950 314 militiae
979 277 1191 328 disciplina,
1223 285 1418 329 comperta

308 341 427 377 oculis
447 341 657 390 perferrent
676 341 854 378 Romam.

361 405 500 442 XXII.
530 405 780 442 Venientibus
797 406 849 441 eis
868 406 1084 455 Syracusas,
1104 405 1232 456 Scipio
1250 418 1323 450 res,
1340 418 1418 442 non

309 470 436 514 verba,
457 470 504 506 ad
530 470 767 520 purgandum
794 482 875 506 sese
900 471 1069 520 paravit:
1103 471 1309 506 exercitum
1336 482 1419 506 om-

308 547 395 571 nem
415 547 460 570 eo
480 535 696 577 convenire,
718 534 877 570 classem
896 535 1062 584 expediri
1075 534 1205 584 jussit,
1226 541 1425 583 tamquam

309 597 564 634 dimicandum
581 610 627 633 eo
642 598 702 633 die
718 603 817 633 terra
832 598 999 646 marique
1016 610 1101 633 cum
1116 597 1420 646 Karthaginien-

309 662 412 698 sibus
433 668 544 699 esset.
591 662 680 701 Quo
700 661 760 697 die
779 668 977 705 venerunt,
993 662 1162 711 hospitio
1182 662 1342 697 comiter
1358 673 1421 697 ac-

309 727 428 776 ceptis
447 732 602 775 postero
623 727 683 763 die
709 733 925 763 terrestrem
950 727 1197 776 navalemque
1219 727 1421 769 exercitus,

309 802 389 827 non
416 791 621 827 instructos
648 792 776 834 modo,
799 792 863 827 sed
892 792 962 827 hos
990 792 1243 834 decurrentes,
1265 790 1424 826 classem

307 854 348 890 in
368 862 496 905 portu,
517 855 759 892 simulacrum
779 863 818 892 et
835 857 957 906 ipsam
977 856 1151 892 edentem
1167 854 1309 892 navalis
1327 868 1423 905 pug-

308 930 382 961 nae,
414 919 604 954 ostendit:
641 926 723 955 tum
754 921 855 955 circa
891 920 1183 955 armamentaria
1216 925 1254 954 et
1285 919 1424 954 horrea

307 980 498 1030 aliumque
514 982 604 1018 belli
619 983 843 1032 adparatum
857 983 1055 1019 visendum
1074 989 1215 1032 praetor
1229 982 1422 1030 legatique

309 1045 424 1082 ducti.
492 1046 693 1095 Tantaque
726 1048 928 1083 admiratio
958 1047 1193 1095 singularum
1228 1047 1421 1082 universa-

307 1121 465 1157 rumque
491 1122 616 1146 rerum
646 1112 810 1155 incussa,
833 1120 873 1147 ut
901 1112 991 1147 satis
1020 1111 1230 1153 crederent,
1262 1116 1328 1146 aut
1356 1109 1428 1146 illo.

310 1173 402 1209 duce
436 1180 549 1222 atque
581 1176 749 1211 exercitu
778 1177 879 1212 vinci
913 1175 1278 1224 Karthaginiensem
1301 1187 1423 1224 popu-

309 1236 401 1279 lum,
433 1246 498 1273 aut
528 1239 633 1274 nullo
667 1240 742 1275 alio
774 1253 908 1289 posse:
936 1239 1208 1289 juberentque,
1235 1239 1337 1288 quod
1358 1238 1427 1274 Dii

309 1299 407 1336 bene
428 1309 630 1345 verterent,
652 1303 840 1353 trajicere,
869 1310 906 1339 et
932 1306 1011 1353 spei
1043 1310 1250 1354 conceptae,
1272 1316 1347 1352 quo
1368 1303 1428 1339 die

312 1363 419 1400 illum
446 1378 576 1401 omnes
608 1369 789 1403 centuriae
819 1369 984 1417 priorem
1012 1367 1207 1403 consulem
1228 1368 1426 1410 dixissent,

312 1428 437 1477 primo
458 1441 608 1477 quoque
635 1436 806 1480 tempore
831 1438 1046 1481 compotem
1073 1431 1255 1480 populum
1281 1430 1427 1467 Roma-

313 1503 404 1527 num
423 1492 548 1529 facere
564 1508 571 1530 :
595 1495 762 1544 adeoque
778 1496 873 1531 laetis
892 1497 977 1531 inde
993 1497 1126 1532 animis
1144 1495 1305 1544 profecti
1323 1501 1424 1538 sunt,

315 1559 507 1603 tamquam
532 1558 744 1600 victoriam,
772 1572 851 1594 non
878 1558 966 1594 belli
998 1558 1241 1607 magnificum
1268 1559 1427 1608 adpara-

314 1624 410 1661 tum,
432 1622 647 1657 nunciaturi
669 1622 832 1659 Romam
853 1630 990 1661 essent.
1048 1623 1269 1666 Pleminius,
1291 1624 1430 1672 quique

317 1696 355 1718 m
376 1683 505 1720 eadem
528 1697 659 1721 caussa
687 1694 808 1730 erant,
830 1694 1031 1736 postquam
1063 1687 1227 1722 Romam
1253 1694 1310 1722 est
1336 1699 1426 1722 ven-

316 1753 412 1790 tum,
430 1748 622 1798 extemplo
652 1750 689 1785 in
720 1763 907 1786 carcerem
930 1751 1096 1787 conditi:
1129 1763 1172 1786 ac
1198 1751 1320 1800 primo
1339 1763 1430 1800 pro-

317 1811 419 1847 ducti
452 1813 498 1848 ad
531 1814 712 1863 populum
744 1814 790 1850 ab
813 1815 992 1857 tribunis,
1018 1815 1118 1865 apud
1143 1820 1435 1864 praeoccupatos-

316 1875 568 1912 Locrensium
594 1878 699 1914 clade
721 1879 882 1922 animos,
904 1879 1049 1915 nullum
1080 1879 1346 1915 misericordiae
1373 1878 1437 1914 lo*

317 1952 405 1976 cum
434 1940 673 1977 habuerunt:
706 1949 853 1991 postea,
875 1956 991 1992 quum
1021 1944 1156 1992 saepius
1179 1943 1432 1992 produceren-

318 2008 393 2045 tur,
420 2002 503 2053 jam
534 2012 754 2041 senescente
788 2006 942 2049 invidia,
975 2006 1244 2042 molliebantur
1278 2006 1361 2041 irae:
1395 2012 1435 2041 et

320 2067 402 2115 ipsa
421 2067 641 2105 deformitas
670 2069 845 2105 Pleminii
873 2071 1130 2119 memoriaque
1163 2070 1329 2106 absentis
1352 2070 1433 2106 Sci-

319 2130 445 2179 pionis
466 2130 633 2168 favorem
654 2133 701 2169 ad
721 2133 873 2181 vulgum
892 2133 1133 2170 conciliabat.
1176 2133 1355 2169 Mortuus
1375 2139 1433 2170 ta-

321 2206 407 2231 men
428 2195 529 2244 prius
556 2196 595 2232 in
617 2197 780 2234 vinculis
803 2204 873 2241 est,
894 2211 1007 2247 quam
1027 2197 1215 2247 judicium
1234 2197 1279 2233 de
1298 2209 1343 2233 eo
1363 2210 1432 2248 po-

321 2257 402 2306 puli
429 2259 683 2308 perficeretur.
743 2261 858 2299 Hunc
890 2261 1116 2299 Pleminium
1147 2262 1301 2298 Clodius
1331 2261 1435 2298 Lici-
