1507 2656
280 183 435 212 LIBER
460 181 634 211 xxvn.
668 180 776 210 CAP.
800 178 1004 209 xxxvll.
1145 178 1200 221 59

88 272 268 318 LIaricae3
300 273 392 307 item
421 270 558 307 Atellae
588 283 736 307 murum
765 276 803 306 et
839 275 989 319 portam
1019 268 1063 305 de
1099 268 1198 305 coelo
1210 276 1300 308 U,C.
1320 283 1395 308 545.

86 343 202 375 tacta.
247 336 546 378 Minturnenses,
563 334 767 371 terribilius
789 334 890 383 quod
909 340 1022 377 esset,
1043 332 1197 383 adjicie-
1208 323 1248 353 A·
1265 321 1301 352 C·
1320 326 1399 357 2⁰⁷·

87 402 196 446 bant,
216 402 410 450 sanguinis
433 401 555 437 rivum
578 401 616 437 in
645 407 757 451 porta
778 400 954 437 fluxisse:
988 406 1026 436 et
1057 400 1197 450 Capuae

86 466 211 518 lupus,
238 472 351 502 noete
381 470 532 516 portam
561 465 767 513 ingressus,
794 464 946 513 vigilem
978 463 1198 501 laniaverat.

85 529 182 567 Haec
207 534 410 580 procurata
437 529 573 564 hostiis
601 528 810 579 majoribus
837 528 1023 578 prodigia,
1044 533 1082 564 et
1108 540 1198 578 sup-

83 593 239 644 plicatio
260 593 358 628 diem
377 605 495 628 unum
509 591 582 628 fuit
602 605 648 628 ex
664 592 815 628 decreto
831 591 1076 642 pontificum:
1107 592 1197 628 inde

83 658 219 694 iterum
240 656 475 693 novemdiale
494 657 762 699 instauratum,
784 657 884 705 quod
907 657 946 693 in
965 656 1197 693 Armilustro

82 719 267 770 lapidibus
287 721 408 756 visum
428 720 570 769 pluere.
628 719 827 756 Liber-atas
848 719 1031 768 religione
1050 726 1196 757 mentes

82 784 249 820 turbavit
267 796 392 820 rursus
419 784 656 825 nunciatum,
677 782 890 819 Frusinone
916 783 1101 819 infantem
1126 797 1196 820 na-

81 854 162 884 tum
182 860 262 884 esse
278 847 474 896 quadrimo
493 859 622 896 parem
637 863 645 882 :
669 859 738 883 nec
754 847 1015 895 magnitudine
1029 854 1106 884 tam
1124 848 1197 883 mia

81 914 253 956 randum,
275 926 386 962 quam
408 913 511 961 quod
530 913 560 948 is
583 925 747 962 quoque,
770 919 811 948 ut
831 913 1017 949 Sinuessae
1036 913 1193 950 biennio

81 986 184 1021 ante,
204 979 384 1019 incertus,
405 989 484 1012 mas
506 989 553 1011 an
573 976 715 1012 femina
734 984 846 1019 esset,
867 984 978 1013 natus
999 983 1090 1014 erat.
1147 978 1194 1015 Id

80 1055 171 1078 vero
197 1041 401 1091 aruspices,
426 1052 473 1076 ex
501 1039 658 1076 Etruria
687 1040 815 1083 adciti,
835 1039 979 1077 foedum
1010 1054 1053 1077 ae
1082 1047 1193 1092 turpe

79 1106 293 1156 prodigium
320 1105 466 1141 dicere:
500 1111 690 1140 extorrem
717 1117 809 1153 agro
836 1104 1030 1149 Romano,
1058 1105 1193 1156 procul

78 1176 187 1206 terrae
209 1173 402 1211 contactu,
425 1168 503 1204 alto
526 1168 785 1217 mergendum.
841 1168 980 1205 Vivum
1006 1169 1045 1205 in
1065 1182 1192 1206 arcam

81 1234 293 1276 condidere,
313 1239 609 1283 provectumque
628 1234 667 1269 in
688 1246 790 1269 mare
808 1232 1063 1284 projecerunt.
1108 1233 1190 1271 De-

79 1311 228 1334 crevere
253 1299 343 1334 item
370 1297 583 1348 pontifices,
606 1303 647 1333 ut
666 1298 828 1346 virgines
854 1304 912 1333 ter
929 1310 1102 1342 novenae,
1122 1312 1191 1350 per

80 1363 212 1399 urbem
232 1368 378 1405 euntes,
399 1375 550 1398 carmen
570 1368 760 1399 canerent.
818 1362 863 1398 Id
881 1375 997 1410 quum
1016 1364 1056 1399 in
1080 1364 1187 1400 Jovis

80 1427 241 1463 Statoris
274 1427 351 1462 aede
377 1427 576 1468 discerent,
609 1426 804 1462 conditum
836 1426 882 1463 ab
912 1426 1024 1463 Livio
1057 1434 1186 1477 poeta,

75 1504 241 1534 carmen,
273 1498 375 1527 tacta
403 1491 448 1526 de
478 1490 575 1526 coelo
606 1490 702 1526 aedes
731 1491 770 1526 in
799 1491 992 1527 Aventino
1021 1492 1208 1529 Junonis'

73 1556 256 1603 Reginae:
288 1555 577 1605 prodigiumque
612 1555 649 1591 id
679 1555 725 1591 ad
755 1561 948 1592 matronas
982 1558 1184 1606 pertinere,

73 1619 260 1668 aruspices
281 1632 394 1667 quum
421 1618 718 1667 respondissent,
741 1618 917 1667 donoque
937 1618 1077 1656 Divam
1103 1620 1186 1671 pla-

73 1682 231 1718 candam
262 1694 365 1727 esse5
399 1682 560 1718 aedilium
588 1681 773 1717 curulium
805 1682 930 1718 edicto
959 1683 998 1719 in
1027 1683 1185 1734 Capito·-

73 1746 165 1782 lium
192 1752 423 1788 convocatae,
446 1745 580 1794 quibus
607 1745 646 1780 in
673 1745 766 1781 urbe
792 1744 984 1789 Romana,
1013 1747 1186 1797 intraque

73 1810 257 1846 decimum
293 1809 455 1859 lapidem
484 1809 531 1845 ab
562 1809 667 1852 urbe,
699 1809 888 1846 domicilia
920 1817 1059 1855 essent,
1092 1812 1184 1862 ipsae

72 1875 171 1910 inter
198 1886 237 1909 se
263 1874 427 1923 quinque
459 1880 497 1910 et
526 1874 661 1922 viginti
687 1873 921 1922 delegerunt,
949 1875 995 1910 ad
1015 1888 1106 1923 quas
1136 1889 1184 1913 ex

72 1937 224 1974 dotibus
240 1939 376 1988 stipem
393 1937 620 1974 conferrent.
669 1936 762 1973 Inde
778 1937 919 1973 donum
937 1938 1054 1988 pelvis
1069 1952 1184 1977 aurea

71 2001 187 2045 facta,
207 2001 359 2051 lataque
378 2002 417 2038 in
436 2003 683 2045 Aventinum,
700 2014 867 2051 pureque
887 2008 924 2038 et
940 2009 1042 2039 caste
1061 2017 1082 2039 a
1101 2016 1182 2041 ma-

71 2066 191 2102 tronis
211 2066 474 2103 sacrificatum.
530 2066 743 2102 Confestim
763 2067 809 2102 ad
829 2066 931 2103 aliud
957 2067 1182 2111 sacrificium

70 2129 191 2165 eidem
213 2128 322 2165 Divae
352 2129 398 2166 ab
429 2130 647 2166 decemviris
678 2129 801 2165 edicta
829 2130 920 2172 dies,
952 2129 1057 2179 cujus
1088 2131 1182 2167 ordo

70 2192 156 2228 talis
176 2192 247 2229 fuit
265 2208 270 2228 :
304 2192 351 2229 ab
373 2193 450 2229 aede
469 2193 660 2243 Apollinis
679 2192 794 2229 boves
814 2193 964 2229 feminae
985 2193 1079 2230 albae
1100 2194 1181 2232 duae

71 2262 183 2306 porta
218 2257 450 2294 Carmentali
479 2259 518 2293 in
549 2257 680 2294 urbem
714 2257 858 2294 ductae:
890 2264 979 2307 post
1015 2271 1076 2294 eas
1106 2259 1182 2295 duo

71 2322 182 2370 signa
199 2320 397 2373 cupressea
414 2322 577 2359 sunonis
608 2321 769 2372 Reginae
795 2322 1067 2375 portabantur:
1102 2331 1182 2360 tum

584 2384 623 2423 D
646 2385 666 2423 6
