1523 2666
103 283 141 312 U.
159 285 195 314 C.
211 291 281 316 549.

102 327 141 355 Α.
156 329 191 359 C.
209 334 280 358 2023.

298 190 379 221 220
750 195 794 224 T.
819 197 952 227 L1V11

296 280 493 324 ditionem,
528 280 682 319 factum.
738 283 836 321 Duae
867 286 1025 324 subinde
1058 287 1168 326 urbes
1202 296 1322 341 captae
1351 292 1407 329 di-

294 354 508 395 reptaeque:
542 359 586 383 ea
613 347 752 397 praeda,
774 357 812 385 et
837 364 918 400 quae
949 354 1079 389 castris
1104 366 1150 391 ex
1178 355 1340 392 incensis
1369 361 1408 392 et

293 411 381 459 igne
406 416 514 461 rapta
541 418 634 455 erat,
665 412 777 449 militi
803 426 983 453 concessa
1011 424 1079 454 est.
1137 419 1291 470 Syphax
1316 426 1406 456 octo

290 475 450 512 millium
470 476 587 512 ferme
606 477 694 513 inde
715 480 839 528 spatio
859 479 945 516 loco
965 484 1201 520 communito
1221 484 1406 521 consedit.

290 539 513 576 Hasdrubal
534 540 815 590 Karthaginem
836 546 1045 589 contendit,
1066 560 1113 582 ne
1133 548 1220 596 quid
1244 561 1310 598 per
1328 561 1407 584 me-

289 609 372 639 tum
393 616 439 639 ex
458 604 601 639 recenti
621 603 726 640 clade
743 606 893 642 mollius
913 609 1194 647 consuleretur:
1227 624 1302 660 quo
1322 617 1407 647 tan-

287 674 348 703 tus
369 668 491 718 primo
511 674 633 704 terror
652 675 708 704 est
735 670 894 713 adlatus,
917 678 971 715 ut,
993 674 1132 710 omissa
1152 674 1281 718 Utica,
1302 676 1404 712 Kar-

286 733 482 781 thaginem
497 733 691 770 crederent
708 735 899 785 extemplo
916 737 1132 787 Scipionem
1149 739 1403 777 obsessurum.

286 797 469 834 Senatum
490 798 617 846 itaque
638 798 789 834 suffetes
810 801 930 848 (quod
945 801 1046 837 velut
1066 802 1264 839 consulare
1282 804 1402 854 impe-

283 863 383 898 rium
413 863 512 912 apud
532 875 596 898 eos
627 863 724 909 erat)
747 872 989 902 vocaverunt.
1046 866 1107 902 Ibi
1128 880 1147 903 e
1165 867 1285 904 tribus
1309 871 1403 917 (una

283 927 328 962 de
362 938 455 976 pace
487 925 632 974 legatos
663 927 709 962 ad
743 928 959 978 Scipionem
992 930 1240 967 decernebat:
1278 931 1398 968 altera

282 990 542 1027 Hannibalem
562 991 608 1027 ad
634 992 814 1028 tuendam
839 993 885 1029 ab
907 994 1091 1030 exitiabili
1117 994 1218 1031 bello
1237 997 1399 1045 patriam

281 1055 509 1091 revocabat:
543 1056 656 1091 tertia
684 1055 869 1093 Romanae
900 1058 937 1093 in
972 1059 1134 1094 adversis
1166 1059 1276 1095 rebus
1306 1073 1399 1096 con-

279 1121 430 1156 stantiae
451 1127 554 1166 erat5
586 1122 837 1170 reparandum
862 1123 1083 1166 exercitum,
1112 1123 1399 1173 Syphacemque

278 1185 523 1227 hortandum,
551 1198 599 1221 nc
627 1185 729 1221 bello
749 1185 963 1230 absisteret,
985 1187 1180 1234 censebat)
1202 1188 1282 1224 haec
1312 1201 1398 1224 sen-

279 1251 413 1292 tentia,
435 1251 523 1299 qnia
552 1249 771 1286 Hasdrubal
799 1263 962 1300 praesens
992 1242 1239 1301 Barcinaeque
1267 1265 1396 1290 omnes

277 1315 455 1350 factionis
476 1314 617 1351 bellum
647 1314 853 1357 malebant,
875 1316 977 1352 vicit.
1035 1315 1130 1352 Inde
1160 1316 1325 1353 delectus
1356 1318 1395 1353 in

277 1379 369 1414 urbe
391 1380 565 1428 agrisque
584 1378 715 1415 haberi
737 1386 899 1430 coeptus,
921 1387 957 1415 et
979 1380 1024 1416 ad
1046 1381 1257 1430 Syphacem
1278 1381 1395 1430 legati

275 1445 395 1487 missi,
434 1457 580 1480 summa
614 1457 685 1495 ope
724 1452 761 1480 et
794 1446 915 1495 ipsum
950 1452 1189 1495 reparantem
1222 1446 1391 1482 bellum:

276 1521 391 1557 quum
413 1521 507 1544 uxor
527 1521 604 1544 non
617 1507 715 1557 jam,
737 1515 778 1544 ut
797 1515 900 1551 ante,
920 1508 1129 1551 blanditiis,
1146 1510 1235 1545 satis
1256 1516 1393 1559 poten-

275 1573 376 1608 tibus
398 1573 443 1608 ad
465 1573 632 1608 animum
652 1572 826 1614 amantis,
846 1573 910 1608 sed
929 1572 1102 1623 precibus
1122 1580 1160 1608 et
1179 1574 1392 1610 misericor-

275 1637 337 1674 dia
356 1637 548 1680 valuisset,
569 1636 681 1686 plena
700 1636 937 1673 lacrimarum
955 1637 1165 1680 obtestans,
1182 1650 1231 1673 ne
1245 1643 1391 1688 patrem

275 1714 381 1736 snum
410 1702 645 1750 patriamque
674 1700 864 1750 proderet,
886 1701 1091 1750 iisdemque
1110 1700 1268 1737 flammis
1289 1701 1391 1737 Kar-

271 1766 482 1813 thaginem,
500 1765 635 1814 quibus
656 1771 778 1802 castra
798 1765 1109 1814 conflagrassent,
1127 1765 1273 1801 absumi
1289 1766 1388 1802 sine-

272 1837 340 1866 ret.
399 1831 511 1880 Spem
545 1843 694 1879 quoque
727 1837 941 1879 opportune
974 1829 1142 1865 oblatam
1169 1829 1390 1866 adferebant

272 1894 385 1943 legati
403 1909 409 1929 :
450 1901 612 1942 quatuor
649 1893 767 1929 millia
804 1893 1084 1928 Celtiberorum
1119 1894 1218 1928 circa
1257 1893 1389 1929 urbem

271 1959 425 1993 nomine
446 1957 611 1999 Abbam,
634 1957 680 1992 ab
702 1956 1023 2004 conquisitoribus
1045 1956 1119 1991 suis
1141 1956 1329 1992 conducta
1347 1956 1387 1992 in

271 2022 473 2071 Hispania,
506 2022 664 2069 egregiae
695 2020 924 2070 juventutis,
960 2019 1032 2055 sibi
1066 2019 1301 2055 obcurrisse:
1348 2026 1388 2056 et

271 2086 550 2122 Hasdrubalem
580 2098 697 2135 prope
727 2085 826 2120 diem
856 2084 986 2120 adfore
1006 2097 1090 2119 cum
1121 2097 1236 2120 manu
1264 2084 1386 2120 haud-

269 2164 457 2200 quaquam
479 2150 767 2186 contemnenda.
825 2150 949 2197 Igitur
977 2161 1055 2184 non
1078 2148 1243 2196 benigne
1272 2149 1385 2185 modo

266 2216 401 2263 legatis
431 2215 640 2264 respondit,
671 2214 735 2250 sed
764 2214 931 2249 ostendit
962 2213 1075 2248 etiam
1103 2212 1384 2249 multitudinem

267 2280 473 2327 agrestium
493 2278 759 2320 Numidarum,
777 2277 911 2326 quibus
933 2290 998 2327 per
1015 2276 1164 2312 eosdem
1182 2276 1257 2311 dies
1278 2288 1383 2312 arma

266 2357 457 2394 equosque
486 2343 663 2387 dedisset,
697 2350 734 2379 et
764 2355 914 2379 omnem
937 2342 1179 2393 juventutem
1209 2341 1382 2378 adfirmat
