1507 2656
388 204 543 233 LIBER
567 201 722 232 XXXV·
755 201 861 230 CAP.
886 201 1007 231 xl11.
1168 199 1251 245 515

144 296 357 331 occasionem
385 292 621 341 recuperandi
649 303 704 334 ea,
732 303 809 340 quae
837 291 926 328 bello
954 292 1161 335 amisissent,
1181 293 1248 329 ad-
1261 296 1303 328 U.
1319 296 1440 331 0⁵59.

145 363 320 406 repturos.
351 357 410 393 Ita
426 370 492 407 per
506 362 629 392 totum
649 354 760 391 simul
779 354 909 391 orbem
926 362 1110 392 terrarum
1125 355 1250 392 AEtoli
1260 341 1301 372 A·
1315 340 1351 373 C·
1370 348 1442 376 ¹⁹³²

146 421 332 459 Romanis
352 421 596 458 concitabant
615 419 754 457 bellum
775 435 782 456 ε
815 432 921 470 reges
940 426 1069 456 tamen
1088 427 1153 456 aut
1171 432 1250 457 non

145 488 254 529 moti,
276 493 341 523 aut
359 486 501 522 tardius
521 486 614 522 moti
636 491 735 522 sunt.

196 550 313 588 XIII.
343 550 464 587 Nabis
492 550 681 600 extemplo
711 550 810 586 circa
832 561 961 585 omnes
981 549 1083 586 vicos
1103 548 1246 585 mariti·
1259 553 1360 585 Nabis

141 627 223 652 mos
261 615 416 659 dimisit,
455 615 501 652 ad
537 616 740 652 seditiones
778 615 818 650 in
854 614 899 649 iis
937 613 1143 651 miscendas
1164 628 1172 650 :
1210 619 1247 650 et
1258 598 1402 672 ξὲιιῗιᾞ.

142 679 237 716 alios
270 680 482 730 principum
511 680 619 716 donis
649 679 694 715 ad
723 691 830 715 suam
859 690 1029 714 caussam
1058 678 1246 728 perduxit,

143 742 236 779 alios
256 744 499 794 pertinaciter
520 744 558 779 in
576 744 757 779 societate
777 742 954 779 Romana
972 749 1166 778 manentes
1183 755 1249 779 oc-

144 807 246 844 cidit.
303 808 453 844 Achaeis
475 809 644 844 omnium
672 807 949 844 maritimorum
968 805 1168 843 Laconum
1187 812 1249 843 tu-

145 871 326 908 endorum
347 885 369 908 a
393 872 439 909 T.
459 873 642 912 Quinctio
663 885 753 908 cura
780 871 959 908 mandata
987 877 1089 907 erat:
1121 871 1250 921 itaque

144 935 334 986 extemplo
354 942 391 972 et
411 937 457 972 ad
476 943 678 986 tyrannum
697 935 842 985 legatos
872 935 1069 978 miserunt,
1091 935 1155 983 qui
1183 934 1250 971 ad-

143 1005 342 1036 monerent
360 999 512 1036 foederis
529 1013 612 1037 eum
629 999 810 1043 Romani,
825 999 1184 1048 denunciarentque,
1200 1011 1250 1035 ne

141 1076 287 1113 pacem,
309 1076 420 1112 quam
439 1070 638 1114 tantopere
657 1064 826 1114 petisset,
849 1063 1017 1100 turbaret
1035 1078 1042 1099 :
1076 1069 1114 1098 et
1139 1062 1248 1099 auxi-

141 1127 192 1164 lia
211 1129 257 1165 ad
276 1128 474 1178 Gythium,
496 1129 596 1178 quod
613 1128 696 1178 jam
716 1128 1009 1179 obpugnabatur
1028 1141 1050 1164 a
1068 1134 1247 1177 tyranno,

143 1200 182 1230 et
216 1192 395 1237 Romam,
430 1194 493 1243 qui
528 1206 572 1230 ea
602 1194 840 1237 nunciarent,
873 1193 1018 1243 legatos
1051 1193 1248 1230 miserunt.

143 1259 357 1295 Antiochus
377 1271 456 1301 rex,
478 1271 522 1295 ea
539 1259 663 1295 hieme
687 1258 848 1309 Raphiae
874 1259 913 1294 in
943 1258 1124 1294 Phoenice
1153 1257 1247 1293 Pto-

141 1323 275 1359 lemaeo
312 1324 393 1372 regi
429 1323 590 1374 AEgypti
636 1323 712 1360 filia
748 1324 788 1359 in
826 1323 1107 1359 matrimonium
1144 1321 1246 1366 data,

141 1400 257 1436 quum
303 1388 547 1423 Antiochiam
594 1400 633 1424 se
678 1389 894 1438 recepisset,
941 1400 1007 1437 per
1057 1386 1245 1430 Ciliciam,

140 1451 270 1488 Tauro
291 1459 420 1488 monte
439 1459 631 1502 superato,
654 1459 823 1488 extremo
846 1451 929 1502 jam
954 1451 1086 1487 hiemis
1117 1451 1246 1501 Ephe-

140 1529 223 1553 sum
251 1517 442 1567 pervenit:
475 1517 561 1552 inde
590 1517 776 1567 principio
801 1517 912 1559 veris,
944 1515 1138 1553 Antiocho
1167 1515 1247 1552 filio

143 1582 257 1617 misso
286 1582 326 1617 in
356 1581 501 1630 Syriam
530 1577 575 1618 ad
605 1581 814 1617 custodiam
838 1580 1054 1617 ultimarum
1080 1580 1245 1630 partium

142 1649 262 1697 regni,
283 1660 330 1684 ne
351 1648 453 1697 quid,
474 1648 629 1685 absente
649 1660 701 1690 se,
722 1648 769 1684 ab
789 1654 896 1697 tergo
916 1652 1144 1689 moveretur,
1165 1647 1247 1696 ipse

142 1725 228 1748 cum
265 1711 439 1747 omnibus
476 1711 715 1747 terrestribus
752 1712 870 1761 copiis
905 1711 952 1747 ad
984 1710 1148 1753 Pisidas,
1180 1709 1247 1759 qui

142 1777 241 1812 circa
275 1776 401 1812 Sidam
434 1775 619 1819 incolunt,
651 1775 924 1825 obpugnandos
955 1781 1013 1811 est
1041 1774 1244 1824 profectus,

141 1841 201 1877 Eo
219 1847 389 1890 tempore
416 1840 530 1889 legati
558 1839 727 1876 Romani
756 1839 798 1875 P.
820 1839 1006 1889 Sulpicius
1036 1845 1074 1875 et
1102 1838 1144 1875 P.
1162 1837 1243 1874 Vil-
1256 1842 1361 1884 Legati
1378 1845 1441 1876 Ro-

140 1905 225 1948 lius,
247 1906 310 1953 qui
330 1905 375 1940 ad
394 1905 627 1940 Antiochum
650 1905 764 1951 (sicut
783 1910 872 1940 ante
891 1904 1033 1940 dictum
1057 1905 1132 1950 est)
1154 1904 1242 1940 mis·
1256 1889 1399 1961 {ffigg-ad

140 1970 170 2006 si
191 1976 311 2012 erant,
326 1969 424 2019 jussi
443 1970 544 2019 prius
564 1969 774 2005 Eumenem
793 1969 908 2012 adire,
924 1968 1070 2005 Elaeam
1084 1980 1239 2014 venere,
1255 1976 1370 2006 chum.

139 2033 226 2069 inde
255 2033 480 2082 Pergamum
507 2033 577 2080 (ibi
606 2034 710 2081 regia
737 2033 918 2069 Eumenis
948 2032 1037 2079 fuit)
1066 2031 1244 2068 escende-

140 2102 239 2133 runt.
298 2097 464 2146 Cupidus
484 2096 572 2132 belli
596 2097 770 2132 adversus
790 2096 1024 2132 Antiochum
1052 2095 1243 2131 Eumenes

139 2167 233 2204 erat,
255 2174 421 2209 gravem,
443 2162 472 2196 si
492 2174 566 2210 pax
586 2167 696 2204 esset,
718 2161 890 2197 adcolam
909 2166 1018 2195 tanto
1048 2159 1242 2209 potentio-

137 2237 216 2262 rem
235 2237 361 2273 regem
381 2225 533 2260 credens
550 2241 561 2270 3
594 2224 778 2267 eumdem,
800 2225 831 2260 si
851 2230 996 2260 motum
1014 2222 1153 2259 bellum
1183 2234 1242 2261 es·

140 2296 210 2332 set,
231 2303 309 2326 non
338 2290 456 2338 magis
487 2302 614 2340 parem
642 2289 827 2326 Romanis
847 2289 943 2331 fore,
965 2300 1077 2337 quam
1096 2286 1243 2337 Philip-

140 2365 208 2404 pus
238 2352 392 2393 fuisset:
425 2360 464 2392 et
491 2360 556 2391 aut
584 2353 753 2391 funditus
783 2352 973 2391 sublatum
1001 2352 1070 2399 iri,
1102 2357 1181 2396 aut,
1209 2351 1241 2387 si

662 2417 739 2455 Ζδ
