1523 2666
359 192 443 243 428
820 205 863 235 T.
889 207 1023 238 mvn

166 292 256 367 gg
275 300 347 371 {g}
361 295 450 343 quid
470 294 667 333 Hannibal
686 303 724 334 et
743 296 1100 348 KarthaginIenses,
1119 300 1149 337 si
1170 314 1255 338 cum
1276 301 1472 341 Antiocho

162 389 477 466 gagssgjssg-nibali
496 424 674 463 factionis
694 427 866 464 homines
894 429 1127 479 principibus
1153 430 1353 475 Romanis,
1376 433 1471 468 ami-

163 486 323 559 ξὲὲὲῗὲῗξς
358 490 410 526 cis
431 491 588 540 quisque
608 493 699 535 suis,
720 494 935 530 idemtidem
959 495 1188 539 scribebant,
1210 497 1370 533 Nuncios
1390 497 1471 533 zite-

355 567 484 604 rasque
502 557 546 592 ab
564 557 771 593 Hannibale
788 560 836 594 acl
853 560 1072 597 Antiochum
1097 564 1233 604 missas,
1254 566 1289 597 et
1316 561 1360 597 ab
1387 573 1470 609 rege

355 619 404 654 ad
422 631 501 655 eum
521 621 615 656 clam>
635 622 769 668 legatos
786 625 930 659 venisse.
994 624 1156 672 Utseros
1171 626 1345 673 quasdam
1363 638 1468 662 num-

355 696 463 732 quam
489 687 697 731 mitescere5
725 690 776 723 sz'c
808 690 982 732 inmitem,
1013 690 1262 738 inplacabilem
1297 690 1370 736 ejus
1401 693 1471 727 viri

360 364 485 395 ortum
513 359 614 397 foret
641 360 796 405 bellum,
818 364 938 399 acturi
959 371 1096 401 essent.
1152 366 1328 403 Adversae
1358 368 1468 404 Han-

355 750 516 785 animum
545 762 642 787 esse:
670 764 885 788 marcescere
903 755 976 788 otio
994 755 1135 801 sitaque
1154 755 1349 796 civitatem,
1371 755 1471 802 queri

355 823 448 856 eum,
469 819 504 850 et
522 817 654 851 inertia
674 818 791 864 operis
806 834 817 860 ;
846 829 910 853 nec
927 819 1002 853 sine
1024 831 1206 854 armorum
1233 819 1349 854 sonitu
1377 820 1472 854 exci-

355 880 429 913 tari
454 891 567 926 posse.
626 879 721 915 Haec
751 880 964 930 probabilia
991 882 1172 917 memoria
1198 882 1333 931 prioris
1362 881 1465 924 belli,

353 952 423 990 per
448 954 565 978 unum
594 943 701 979 illum
719 957 797 980 non
818 945 938 993 magis
958 945 1068 993 gesti,
1091 958 1203 994 quam
1224 946 1332 989 moti,
1352 945 1468 981 facie-

352 1004 432 1043 bat.
489 1006 709 1045 Irritaverat
738 1010 853 1045 etiam
881 1010 1024 1046 recenti
1047 1009 1151 1046 facto
1170 1009 1376 1046 multorum
1396 1022 1466 1060 po-

352 1071 517 1108 tentium
538 1074 697 1111 animos.

157 1134 287 1167 judices
405 1134 553 1173 XLVI.
583 1137 761 1175 Judicum
790 1140 883 1176 ordo
912 1139 1154 1187 Karthagine
1175 1151 1219 1176 ea
1236 1145 1464 1189 tempestate

158 1178 298 1209 Kartha·
352 1198 642 1249 dominabatur,
676 1217 722 1239 eo
742 1204 921 1247 maxime,
943 1205 1044 1253 quod
1063 1205 1176 1240 iidem
1204 1204 1377 1254 perpetui
1399 1202 1465 1253 ju-

181 1231 232 1252 lne
248 1230 289 1251 CX

156 1232 319 1304 {erpetuis
350 1263 450 1300 dices
479 1273 599 1303 erant.
656 1266 750 1310 Res,
780 1268 897 1311 fama,
927 1269 1081 1317 vitaque
1110 1268 1281 1303 omnium
1309 1268 1349 1302 in
1379 1266 1465 1303 illo-

156 1316 260 1383 gx?
348 1342 432 1366 rum
465 1338 655 1380 potestate
689 1340 794 1369 erat:
828 1334 893 1382 qui
922 1345 1039 1368 unum
1069 1331 1148 1381 ejus
1179 1331 1336 1375 ordinis,
1366 1331 1467 1368 idem

350 1406 482 1431 omnes
502 1396 677 1433 adversos
698 1397 891 1442 habebat3
924 1410 994 1434 nec
1015 1403 1214 1433 accusator
1238 1396 1339 1446 apud
1359 1395 1466 1446 judi-

346 1470 410 1495 ces
430 1459 599 1497 infensos
620 1462 759 1499 deerat.
811 1461 961 1499 Horum
984 1463 1022 1498 in
1042 1468 1120 1497 tam
1140 1462 1330 1511 inpotenti
1349 1472 1468 1510 regno

349 1524 491 1573 (neque
511 1527 611 1562 enim
632 1527 792 1563 civiliter
820 1528 947 1563 nimiis
967 1527 1104 1577 opibus
1126 1526 1347 1572 utebantur)
1370 1538 1466 1575 prae-

346 1593 409 1624 tor
428 1588 552 1625 factus
573 1590 771 1628 Hannibal
789 1605 926 1628 vocare
946 1592 993 1627 ad
1013 1605 1052 1627 se
1072 1598 1311 1641 quaestorem.
1359 1589 1467 1625 Idem

346 1664 418 1701 pro
439 1653 559 1690 nihilo
579 1655 740 1693 habuit:
773 1669 860 1693 nam
886 1664 922 1692 et
953 1656 1117 1692 adversae
1146 1655 1324 1709 factionis
1355 1659 1461 1690 erat:

346 1723 399 1760 et,
422 1718 509 1766 quia
532 1731 577 1754 ex
598 1727 788 1768 quaestura
818 1721 857 1756 in
880 1720 1045 1770 judices,
1066 1720 1373 1771 potentissimum
1403 1730 1465 1754 or-

346 1781 486 1823 dinem,
516 1782 791 1827 referebantur,
820 1783 902 1833 jam
936 1797 1006 1834 pro
1036 1784 1172 1820 futuris
1204 1796 1293 1819 mox
1327 1782 1464 1832 opibus

346 1846 493 1882 animos
514 1848 683 1896 gerebat.
723 1849 930 1884 Enimvero
952 1849 1150 1897 indignum
1170 1848 1208 1885 id
1227 1854 1330 1884 ratus
1351 1847 1462 1883 Han-

344 1909 464 1953 nibal,
495 1912 679 1948 viatorem
710 1913 757 1948 ad
787 1913 1097 1964 prehendendum
1127 1920 1355 1962 quaestorem
1391 1912 1463 1948 mi-

345 1974 422 2010 sit:
455 1974 757 2025 subductumque
786 1978 825 2013 in
856 1979 1095 2020 concionem,
1120 1990 1198 2013 non
1230 1978 1352 2027 ipsum
1380 1989 1462 2012 ma—

344 2039 417 2087 gis,
438 2052 551 2088 quam
581 2041 751 2076 ordinem
774 2041 962 2091 judicum,
990 2055 1066 2091 prae
1095 2054 1255 2090 quorum
1285 2040 1464 2091 superbia

344 2112 458 2154 atque
488 2106 623 2155 opibus
653 2120 722 2143 nec
752 2107 853 2156 leges
878 2109 1082 2157 quidquam
1112 2114 1251 2150 essent,
1281 2119 1352 2143 nec
1379 2119 1462 2143 ma-

343 2169 540 2217 gistratus,
562 2172 776 2207 accusavit:
810 2178 860 2215 et,
883 2180 924 2208 ut
953 2172 1126 2208 secundis
1156 2171 1308 2207 auribus
1339 2171 1460 2221 accipi

343 2233 558 2269 orationem
577 2235 856 2279 animadvertit,
879 2242 917 2272 et
938 2236 1156 2272 infimorum
1175 2247 1324 2284 quoque
1345 2234 1459 2270 liber-

343 2297 418 2333 tati
440 2310 592 2346 gravem
623 2296 939 2350 esse'superbiam
959 2313 1104 2343 eorum,
1125 2300 1244 2349 legem
1267 2298 1458 2349 extemplo

342 2360 614 2411 promulgavit,
635 2363 878 2416 pertulitque,
907 2365 956 2402 Ut
974 2367 1010 2403 z'n
1036 2365 1194 2412 singulos
1223 2375 1332 2400 annos
1352 2362 1456 2409 judi-
