1523 2666
116 306 160 338 U.
173 306 208 338 C.
226 314 298 338 546.

112 350 153 382 A.
170 352 206 383 C.
225 358 298 384 206.

111 1208 210 1248 Mago
219 1208 273 1247 ju-

111 1252 203 1282 betur
219 1254 252 1282 in

111 1295 239 1326 Italiam

109 1340 164 1369 ire.

107 2122 273 2160 Carthagi-

108 2175 185 2195 nern
202 2167 269 2196 cco-

108 2219 183 2238 vam
202 2211 284 2240 frus-

109 2258 276 2283 tratentau

303 205 387 251 134
766 202 814 234 τ.
837 202 975 235 mvn

313 309 380 346 que
402 296 568 332 Romano
587 305 733 343 operam
761 306 908 337 navare,
934 295 988 330 ita
1015 297 1056 330 ut
1074 304 1178 330 nemo
1196 305 1289 333 unus
1316 301 1434 336 exter-

312 374 378 398 nus
393 362 510 408 magis
524 361 617 396 enise
636 357 815 405 adjuverit
831 371 906 394 rem
923 357 1140 395 Romanam.
1170 360 1216 395 Id
1229 373 1278 404 se,
1295 363 1435 400 etiamsi

301 426 526 475 jampridem
551 426 672 467 vellet,
693 426 810 460 minus
835 428 1009 472 praestare
1038 426 1073 459 z'n
1093 424 1291 472 Hispania,
1313 428 1434 464 aliena

309 498 419 541 atque
450 493 573 539 ignota
606 495 717 532 terra,
748 491 932 537 potuisse.-
960 490 997 524 in
1031 502 1102 537 qua
1136 495 1257 526 autem
1291 494 1434 539 genitus

308 558 552 604 educatusque
572 556 607 590 in
627 566 724 603 spem
741 555 888 601 paterni
905 554 1008 601 regni
1027 558 1127 596 esset,
1141 553 1262 602 facile
1278 561 1432 603 proesta-

310 628 443 659 turum.
502 620 690 668 Siquidem
713 620 873 654 eumdem
894 618 1096 666 Scipionem
1116 620 1239 655 ducem
1270 622 1306 656 in
1325 620 1432 669 Afri-

307 700 388 724 cam
406 688 555 722 mittant
576 685 746 726 Romani,
766 685 854 719 satis
881 695 1025 731 sperare
1048 683 1228 731 perbrevis
1247 686 1311 720 aevi
1331 685 1432 721 Kar-

308 753 491 800 thaginem
512 762 594 787 esse.
651 748 781 786 Laetus
804 761 889 784 eum
911 748 1038 797 Scipio
1061 748 1155 783 vidit
1183 748 1428 797 audivitque3

305 828 423 865 quum
442 820 557 864 caput
576 826 700 849 rerum
732 813 770 848 in
791 812 896 846 omni
924 811 1094 846 hostium
1115 811 1288 859 equitatu
1306 811 1430 848 Masi-

305 880 448 916 nissam
467 878 584 914 fuisse
604 877 731 918 sciret,
753 881 790 910 et
810 875 889 924 ipse
912 873 1066 923 juvenis
1097 875 1287 924 specimen
1312 875 1430 912 animi

306 959 383 996 prae
404 958 443 980 se
462 944 590 980 ferret.
627 941 720 978 Fide
741 941 829 977 data
849 947 1093 990 acceptaque,
1112 939 1305 989 profectus
1325 946 1429 976 retro

305 1011 564 1047 Tarraconem
584 1013 652 1043 est.
708 1005 916 1041 Masinissa
935 1005 1121 1054 permissu
1140 1004 1424 1047 Romanorum,

305 1088 354 1112 ne
383 1075 464 1110 sine
484 1085 617 1110 caussa
632 1070 837 1121 'trajecisse
867 1071 906 1104 in
935 1070 1196 1105 continentem
1222 1068 1427 1113 videretur,

304 1139 512 1190 populatus
533 1137 728 1188 proximos
750 1146 861 1182 agros
883 1134 1006 1169 Gades
1027 1133 1151 1169 rediit.

360 1202 556 1240 XXXVI.
585 1201 761 1249 Magoni,
784 1199 989 1248 desperatis
1021 1199 1060 1233 in
1083 1197 1275 1248 Hispania
1295 1196 1423 1240 rebus,

306 1269 346 1304 in
376 1280 533 1316 quarum
565 1279 669 1316 spem
701 1266 837 1301 seditio
870 1266 1035 1315 primum
1067 1266 1258 1309 militaris,
1293 1266 1428 1302 deinde

307 1332 471 1368 defectio
503 1329 675 1366 Indibilis
707 1330 854 1364 animos
882 1328 961 1378 ejus
995 1329 1241 1372 sustulerant,
1274 1328 1426 1379 paranti

303 1396 480 1446 trajicere
499 1396 539 1431 in
558 1394 743 1436 Africam,
768 1395 992 1430 nunciatum
1022 1394 1068 1430 ab
1089 1394 1332 1442 Karthagine
1352 1400 1424 1437 est,

296 1461 435 1512 jubere
457 1466 644 1502 senatum,
667 1466 709 1494 ut
728 1458 899 1501 classem,
922 1472 1033 1507 quam
1054 1458 1226 1495 Gadibus
1251 1458 1424 1501 haberet,

303 1527 343 1562 in
381 1525 533 1562 Italiam
569 1524 785 1574 trajiceret:
822 1523 1011 1559 conducta
1046 1523 1100 1559 ibi
1141 1522 1340 1559 Gallorum
1379 1535 1422 1558 ac

303 1590 491 1638 Ligurum
514 1595 658 1637 quanta
686 1587 851 1623 maxima
871 1594 999 1636 posset
1022 1585 1240 1636 juventute,
1262 1585 1424 1636 conjun-

305 1661 412 1704 geret
432 1667 472 1690 se
492 1652 728 1689 Hannibali:
762 1665 835 1687 neu
858 1663 1051 1687 senescere
1077 1651 1233 1694 bellum,
1254 1651 1422 1687 maximo

302 1720 449 1769 inpetu,
480 1716 626 1767 majore
654 1716 811 1752 fortuna
833 1722 1015 1766 coeptum,
1047 1716 1199 1751 sineret.
1256 1715 1318 1750 Ad
1338 1727 1422 1751 eam

302 1796 381 1819 rem
402 1790 439 1818 et
469 1796 491 1818 a
509 1781 752 1829 Karthagine
781 1781 941 1830 pecunia
960 1779 1123 1829 Magoni
1152 1779 1309 1815 advecta
1338 1785 1420 1816 est:

302 1855 340 1884 et
371 1848 465 1897 ipse,
498 1853 679 1895 quantam
710 1846 850 1895 potuit,
883 1858 904 1881 a
934 1844 1134 1881 Gaditanis
1169 1844 1309 1893 exegit,
1344 1856 1422 1879 non

304 1912 438 1949 aerario
461 1912 574 1947 modo
595 1923 740 1952 eorum,
773 1910 837 1945 sed
864 1910 978 1945 etiam
999 1908 1148 1959 templis
1177 1908 1363 1958 spoliatis,
1385 1914 1423 1943 et

302 1977 480 2027 privatim
511 1974 687 2010 omnibus
722 1974 863 2009 coactis
899 1986 1031 2009 aurum
1068 1978 1344 2020 argentumque
1382 1973 1422 2007 in

302 2041 497 2091 publicum
518 2039 702 2075 conferre.
760 2038 888 2077 Quum
911 2037 1248 2087 praeterveheretur
1277 2035 1422 2086 Hispa-

302 2109 376 2143 niae
397 2119 517 2149 oram,
537 2105 638 2141 haud
668 2104 801 2154 procul
830 2103 1072 2151 Karthagine
1102 2102 1214 2138 Nova
1236 2102 1422 2153 expositis

303 2174 342 2209 in
377 2178 515 2207 terram
547 2169 745 2212 militibus,
781 2169 973 2218 proximos
1008 2166 1259 2217 depopulatus
1294 2178 1421 2214 agros,

302 2237 389 2272 inde
419 2235 466 2271 ad
496 2233 628 2270 urbem
651 2233 810 2269 classem
836 2231 1007 2282 adpulit:
1041 2231 1094 2267 ibi
1115 2243 1230 2279 quum
1256 2230 1422 2266 interdiu

303 2302 442 2339 milites
462 2302 501 2337 in
521 2300 678 2337 navibus
699 2300 898 2342 tenuisset,
920 2304 1033 2334 nocte
1053 2298 1092 2333 in
1117 2296 1206 2332 litus
1228 2296 1421 2347 expositos

302 2367 352 2404 ad
378 2373 527 2419 partem
555 2378 639 2404 eam
667 2366 780 2410 muri,
801 2378 876 2416 qua
904 2370 1015 2416 capta
1044 2362 1249 2411 Karthago
1269 2361 1316 2399 ab
1336 2359 1422 2398 Ro-
