1523 2666
313 196 370 241 7ο
772 195 817 223 Τ.
843 193 978 225 mvn

120 293 166 326 U.
178 291 216 324 C.
231 300 303 325 545·
316 289 427 337 copiae
435 286 595 337 fuissent
612 283 765 332 majores
783 285 1110 331 instructioresque,
1129 294 1236 331 quam
1254 284 1285 318 si
1303 284 1431 319 adver-

121 337 373 390 A“3⁸²⁰7⁰·sus
405 354 522 401 ipsum
547 351 792 386 Hannibalem
823 351 904 390 iret,
940 347 1126 397 profectus
1157 349 1218 390 sit,
1247 359 1287 382 eo
1323 349 1429 395 ipsos,

314 422 641 467 quantumcumque
676 415 808 450 virium
844 417 1061 449 momentum
1099 411 1321 454 addiderint,
1355 423 1432 447 rem

315 494 455 519 omnem
473 482 722 517 inclinaturos.
777 479 957 514 Auditum
975 478 1080 513 modo
1101 478 1136 512 in
1154 477 1231 512 acie
1253 476 1368 523 (nam,
1388 486 1435 511 ne

315 551 399 583 ante
417 548 619 588 audiretur,
641 545 812 580 daturum
832 542 995 591 operam)
1019 542 1174 578 alterum
1200 540 1378 576 consulem
1399 544 1436 575 et

315 612 473 647 alterum
502 610 695 646 exercitam
725 608 918 649 advenisse,
951 606 1050 642 haud
1074 605 1219 642 dubiam
1246 605 1436 640 victoriam

304 674 513 724 facturum.
570 673 719 708 Famam
739 671 869 707 bellum
889 670 1069 719 conficere,
1091 673 1125 705 et
1139 680 1258 717 parva
1276 679 1435 704 momen-

316 743 357 775 ta
376 740 413 775 in
437 749 535 787 spem
563 742 765 785 metumque
789 736 961 784 inpellere
990 735 1139 770 animos.
1202 733 1336 768 Glorioe
1354 732 1434 780 qui-

314 804 397 839 dem
415 814 457 838 ess
474 814 514 838 re
533 802 617 838 bene
633 805 735 849 gesta
750 805 870 848 partae
885 799 1057 848 fructum
1083 808 1195 845 prope
1213 807 1353 832 omnem
1378 797 1435 843 ip-

311 880 368 905 sos
387 869 534 904 laturos.
582 868 744 915 Semper,
766 867 862 914 quod
878 869 1100 914 postremum
1119 861 1298 910 adjectum
1316 863 1376 905 sit,
1397 862 1437 897 id

311 945 389 969 rem
409 936 523 968 totam
542 932 655 967 videri
675 931 834 966 traxisse.
895 929 1048 965 Cernere
1074 930 1180 976 ipsos,
1201 938 1270 975 quo
1289 937 1435 962 concur-

310 1009 367 1039 su,
389 1009 460 1044 qua
489 997 741 1037 admiratione,
773 1006 841 1042 quo
860 993 997 1042 favore
1026 992 1206 1028 hominum
1235 992 1305 1026 iter
1332 1001 1438 1026 suum

313 1060 520 1097 celebretur.
576 1059 643 1102 Et,
666 1057 849 1100 Hercule,
871 1070 937 1108 per
963 1058 1154 1092 instructa·
1177 1054 1307 1091 onmia
1332 1053 1436 1090 ordi-

312 1123 425 1161 nibus
445 1124 612 1159 virorum
639 1121 930 1170 mulierumque,
952 1121 1119 1169 undique
1147 1132 1194 1155 ex
1221 1118 1320 1167 agr1s
1341 1117 1434 1154 effu·

309 1201 456 1231 sorum,
487 1188 587 1224 inter
618 1193 709 1223 vota
739 1192 777 1222 et
806 1198 935 1236 preces
965 1191 1003 1221 et
1029 1184 1156 1220 laudes
1186 1183 1316 1220 ibant:
1351 1181 1434 1218 illos

310 1251 488 1301 praesidia
503 1250 735 1301 reipublicae,
750 1249 917 1285 vindices
940 1248 1042 1285 urbis
1058 1247 1196 1284 Romae
1211 1246 1435 1296 imperiique

313 1314 579 1365 adpellabant:
613 1315 651 1350 in
677 1314 830 1349 illorum
860 1314 973 1349 armis
1004 1313 1222 1360 dextrisque
1251 1323 1357 1347 suam
1387 1309 1432 1346 li-

312 1379 522 1428 berumque
546 1391 700 1414 suorum
729 1377 890 1414 salutem
910 1390 953 1413 ac
982 1376 1198 1413 libertatern
1228 1374 1433 1424 repositam

311 1454 407 1481 esse,
463 1442 569 1479 Deos
609 1454 740 1478 omnes
779 1441 957 1490 Deasque
991 1440 1258 1491 precabantur,
1287 1445 1328 1474 ut
1360 1437 1433 1474 illis

310 1506 480 1543 faustum
512 1507 598 1549 iter,
632 1505 799 1554 felixque
828 1517 970 1555 pugna,
1002 1510 1149 1539 matura
1182 1515 1228 1538 ex
1258 1501 1432 1538 hostibus

311 1571 474 1608 victoria
501 1576 625 1606 esset:
659 1570 1005 1618 damnarenturque
1032 1569 1102 1619 ipsi
1133 1574 1323 1609 votorum,
1348 1579 1431 1614 quae

312 1647 383 1685 pro
410 1635 454 1670 iis
482 1634 758 1684 suscepissent:
793 1633 862 1675 Ut,
885 1632 1204 1682 quemadmodum
1231 1643 1331 1666 nunc
1355 1629 1431 1667 sol-

311 1699 408 1735 liciti
437 1704 755 1749 prosequerentur
783 1710 863 1740 eoS,
885 1698 940 1733 ita
967 1709 1109 1746 paucos
1140 1702 1227 1747 post
1247 1695 1324 1731 dies
1355 1694 1432 1731 laeti

313 1763 516 1799 ovantibus
537 1763 699 1799 victoria
719 1761 872 1798 obviam
892 1762 1003 1798 irent.
1060 1760 1229 1797 Inritare
1249 1759 1336 1796 inde
1361 1771 1432 1809 pro

314 1839 353 1863 se
373 1828 545 1875 quisque,
575 1833 612 1862 et
632 1826 796 1869 obferre,
818 1833 855 1862 et
875 1826 1037 1874 fatigare
1065 1825 1251 1875 precibus,
1273 1830 1328 1866 ut,
1350 1837 1433 1873 quae

312 1892 404 1942 ipsis
418 1891 679 1941 jumentisque
701 1891 783 1926 usui
812 1896 953 1931 essent,
975 1889 1022 1925 ab
1045 1902 1083 1925 se
1110 1889 1350 1938 potissimum
1370 1900 1432 1924 su-

314 1961 483 1992 merent:
515 1955 681 2002 benigue
708 1954 838 1990 omnia
869 1953 1062 1989 cumulata
1082 1953 1181 1989 dare.
1238 1952 1433 1989 Modestia

315 2027 460 2056 certare
486 2017 638 2061 milites,
659 2031 706 2054 ne
727 2019 816 2067 quid
837 2018 935 2055 ultra
962 2032 1070 2055 usum
1089 2019 1343 2055 necessarium
1370 2031 1432 2055 su-

314 2090 485 2121 merent:
518 2083 613 2119 nihil
633 2085 785 2127 mmai-i,
808 2097 876 2119 nec
897 2084 943 2119 ab
965 2083 1081 2131 signis
1104 2083 1285 2119 absistere
1305 2083 1431 2120 cibum

315 2149 530 2198 eapientes:
565 2148 663 2184 diem
684 2161 727 2184 uc
750 2154 903 2185 noctem
933 2149 1010 2192 ire;
1044 2149 1120 2190 vix,
1142 2147 1242 2196 quod
1272 2148 1362 2183 satis
1383 2147 1432 2185 ad

313 2210 488 2248 naturale
525 2211 750 2248 desiderium
784 2224 986 2261 corporum
1024 2223 1136 2254 essct,
1172 2212 1290 2260 quleti
1327 2211 1428 2248 dure.

312 2274 365 2312 'Et
388 2276 435 2313 ad
455 2275 641 2324 collegam
667 2277 851 2326 praemissi
881 2282 1001 2319 erant,
1024 2276 1088 2324 qui
1117 2276 1344 2313 nunciarent
1363 2276 1429 2313 ad-

313 2345 482 2383 venturn,
504 2348 932 2393 percunt-turentuisque,
956 2353 1052 2377 mam
1078 2353 1126 2377 an
1152 2340 1291 2394 palam,
1311 2340 1428 2377 inter-
