1507 2656
363 207 518 237 LIBER
541 205 711 236 xxv11.
743 204 850 233 CAP.
873 203 983 234 XXI.
1178 200 1243 248 37

112 301 180 338 nio
199 305 269 344 est,
291 299 435 349 ingenti
456 310 641 335 concursu
660 296 856 348 plebisque
874 303 912 332 et
931 295 1100 332 omnium
1130 296 1231 332 ordi·
1244 304 1286 335 U.
1299 304 1337 336 C.
1355 310 1430 338 5453,

114 375 220 402 num.
275 363 554 412 Accusavitque
588 362 762 398 tribunus
794 360 931 411 plebis,
961 373 1040 396 non
1065 359 1231 397 Marcel·
1243 348 1334 379 A·C·
1352 355 1428 381 2⁰⁹·

1245 403 1426 434 Accusatur

113 428 192 465 lum
211 429 340 472 modo,
361 428 426 465 sed
455 440 607 464 omnem
636 425 891 463 nobilitatem.
947 426 1090 462 Fraude
1112 437 1233 462 eorum
1248 443 1436 478 Marcellus.

116 497 152 529 et
170 494 395 529 cunctatione
400 493 502 542 fieri,
522 496 564 528 nt
583 491 773 527 Hannibal
793 491 968 526 decimum
987 488 1071 536 jam
1099 502 1234 526 annum

117 557 267 593 Italiam
282 558 506 605 provinciam
525 556 654 592 habeat
670 571 682 591 .·
709 556 847 591 diutius
865 554 926 597 ibi,
947 566 1054 603 quam
1070 554 1237 590 Kartha-

112 622 208 669 gine,
229 623 370 658 vire-rit.
426 621 569 658 Habere
577 620 747 670 fructum
765 620 909 668 imperii
922 621 1114 668 prorogati
1132 620 1239 656 Mar-

116 687 205 722 cello
230 688 409 735 populum
442 686 677 722 Romanum:
707 686 757 721 bis
788 697 914 721 caesum
944 686 1138 730 exercitum
1166 684 1239 731 ejus

117 753 238 786 aestiva
261 751 418 787 Venusz'ae
444 751 506 787 sub
536 752 637 787 tectis
664 762 781 798 agere.
838 749 952 786 Hanc
977 749 1122 785 tribuni
1151 761 1238 785 ora-

119 815 265 851 tionem
284 816 338 851 ita
358 815 486 851 obruit
503 815 708 852 Marcellus
730 813 1093 851 commemoratione
1113 825 1238 849 rerum
1251 817 1439 850 Absolvitur

120 891 285 923 suarum,
308 886 349 915 ut
368 893 446 916 non
465 881 616 929 rogatio
635 879 759 916 solum
778 880 823 916 de
843 879 1003 929 imperio
1023 877 1103 928 ejus
1125 878 1236 915 abro-

119 943 243 992 gando
268 944 542 993 antiquaretur,
565 944 629 980 scd
657 951 813 994 postero
843 943 903 979 die
933 942 1129 979 consulem
1152 955 1240 979 eum

120 1008 266 1058 ingenti
294 1021 481 1044 consensu
511 1009 692 1044 centurias
722 1021 853 1044 omnes
878 1014 1061 1044 crearent.
1118 1008 1240 1043 Addi-

120 1077 182 1107 tur
200 1071 349 1120 collega
367 1071 413 1109 T.
435 1072 638 1111 Quinctius
661 1072 873 1122 CrispinuS,
896 1072 959 1120 qui
989 1078 1070 1106 tum
1099 1077 1241 1121 praetor

120 1142 212 1174 erat.
268 1136 430 1173 Postero
449 1137 509 1173 die
527 1143 708 1187 praetores
733 1137 849 1172 creati
869 1136 912 1172 P.
931 1136 1104 1173 Licinius
1127 1136 1241 1172 Cras-

122 1213 183 1237 sus
212 1200 345 1244 Dives,
379 1201 554 1251 pontifex
586 1202 788 1244 maximus,
823 1201 867 1237 P.
894 1200 1066 1237 Licinius
1100 1200 1240 1244 Varus,

123 1265 210 1303 Sex.
229 1265 352 1302 Julius
374 1267 514 1309 Caesar‚
545 1267 594 1306 Q.
616 1265 796 1314 Claudius
822 1264 992 1302 Flamen.
1052 1265 1242 1301 Comitio-

122 1343 206 1366 rum
225 1331 393 1380 ipsorum
419 1331 549 1368 diebus
580 1330 744 1367 sollicita
772 1331 904 1366 civitas
926 1330 970 1366 de
992 1329 1157 1365 Etruriae
1179 1329 1242 1365 de-

123 1394 289 1431 fectione
308 1395 392 1433 fuit.
440 1396 673 1446 Principium
693 1394 772 1445 ejus
792 1396 846 1431 rei
867 1394 914 1430 ab
934 1394 1122 1430 Arretinis
1146 1394 1241 1436 fieri,

124 1459 168 1494 C.
190 1458 416 1509 Calpurnius
447 1461 662 1510 scripserat,
697 1459 761 1508 qui
795 1471 877 1494 eam
907 1458 1142 1508 provinciam
1172 1470 1242 1508 pro

122 1529 284 1572 praetore
317 1522 527 1560 obtinebat.
600 1522 734 1572 Itaque
784 1522 986 1558 confestim
1023 1534 1069 1558 eo
1104 1521 1240 1557 missus

122 1585 341 1631 Marcellus,
362 1587 494 1623 consul
514 1588 746 1636 designatus,
767 1587 831 1636 qui
853 1599 931 1622 rem
948 1586 1164 1636 inspiceret,
1183 1599 1240 1629 ac,

124 1652 155 1688 si
175 1651 287 1700 digna
310 1652 511 1696 videretur,
538 1653 708 1688 exercitu
735 1652 875 1694 adcito,
896 1650 1038 1687 bellum
1065 1664 1112 1687 ex
1133 1651 1250 1701 Apu-„⁴

123 1715 176 1752 lia
207 1716 247 1751 in
282 1716 477 1753 Etruriam
513 1716 746 1753 transferret.
803 1717 863 1752 Eo
894 1722 998 1753 metu
1035 1715 1241 1765 compressi

124 1779 278 1816 Etrusci
308 1780 543 1830 quieverunt.
599 1779 894 1817 Tarentinorum
926 1780 1073 1829 legatis,
1111 1792 1245 1829 pacem

125 1844 341 1894 petentibus
363 1858 446 1881 cum
468 1845 645 1881 libertate
665 1857 708 1881 ac
728 1844 873 1894 legibus
904 1845 994 1887 suis,
1019 1856 1245 1894 responsum

126 1909 172 1946 ab
194 1915 328 1945 senatu
346 1916 416 1953 est,
438 1916 480 1946 ut
497 1910 676 1952 redirent,
698 1923 813 1959 quum
830 1909 969 1946 Fabius
1000 1908 1133 1945 consul
1162 1908 1245 1944 Ro·

127 1987 229 2011 mam
247 1974 422 2012 venisset.
478 1974 578 2012 Ludi
598 1982 635 2010 et
656 1974 823 2011 Romani
853 1981 891 2010 et
918 1973 1058 2025 plebeii
1078 1986 1124 2009 eo
1144 1987 1247 2010 anno

127 2041 166 2077 in
200 2040 367 2092 singulos
401 2041 478 2077 dies
512 2042 724 2078 instaurati.
783 2039 929 2076 AEdiles
964 2039 1110 2076 curules
1140 2039 1245 2076 fuere

127 2106 173 2143 L.
195 2106 392 2142 Cornelius
415 2106 605 2142 Caudinus
626 2112 663 2142 et
681 2107 759 2142 Ser.
781 2105 968 2154 Sulpicius
988 2104 1132 2140 Galba:
1165 2104 1246 2154 ple-

128 2170 203 2208 beii
225 2169 267 2206 C.
289 2169 467 2206 Servilius
488 2177 525 2206 et
544 2171 593 2209 Q.
615 2169 789 2206 Caecilius
808 2168 1001 2205 Metellus.
1045 2166 1246 2205 Servilium

129 2234 321 2284 negabant
343 2234 431 2285 jure
460 2242 526 2271 aut
553 2235 749 2271 tribunum
779 2233 899 2284 plebis
919 2232 1049 2275 fuisse,
1071 2237 1135 2268 aut
1157 2233 1245 2268 aedi-

126 2301 203 2337 lem
221 2311 319 2345 esse3
343 2299 444 2348 quod
463 2306 609 2349 patrem
628 2298 723 2349 ejus,
744 2311 856 2347 quem
877 2297 1114 2333 triumvirum
1134 2309 1244 2344 agra-

129 2366 228 2404 rium
244 2365 414 2404 occisum
433 2377 456 2402 a
473 2364 580 2402 Boiis
599 2365 697 2404 circa
715 2363 909 2402 Mutinam
929 2374 1010 2399 esse
1027 2361 1158 2412 opinio
1178 2373 1247 2412 per

1251 869 1281 892 et
1297 871 1362 891 COS.

1251 912 1385 936 creasti!-
