1523 2666
309 183 388 227 190
581 182 584 186 ’
761 181 808 211 Τ.
832 181 963 210 ιινιι

111 279 202 310 U.C.
223 272 477 311 54⁸.niensem
496 281 712 319 regemque,
733 269 822 305 data
846 268 947 304 ultro
971 267 1141 317 citroque
1161 269 1244 312 fide,
1265 270 1418 307 eosdem

112 323 152 354 Α·
166 322 203 353 C·
221 329 294 355 ²⁰4·
307 335 449 373 amicos
470 334 718 383 inimicosque
743 333 957 376 habituros,
971 331 1222 382 jurejurando
1241 333 1417 370 adfirma-

305 407 380 437 tur.
437 399 616 436 Ceterum
646 397 879 441 Hasdrubal,
899 410 1045 433 memor
1064 403 1103 433 et
1124 411 1210 434 cum
1239 398 1418 448 Scipione

306 465 412 501 initae
431 464 510 513 regi
527 464 736 506 societatis,
758 469 795 498 et
815 475 926 512 quam
940 475 1037 498 vana
1055 468 1093 498 et
1113 462 1312 499 mutabilia
1329 462 1417 499 bar-

305 528 485 564 barorum
509 526 665 575 ingenia
689 532 828 568 essent,
851 527 1003 569 veritus,
1023 539 1086 569 ne,
1106 526 1138 561 si
1159 525 1352 576 trajiceret
1377 527 1418 562 in

304 592 474 629 Africam
493 591 636 640 Scipio,
655 603 810 640 parvum
831 590 1023 626 vinculum
1042 603 1094 626 eae
1114 592 1256 641 nuptiae
1276 596 1416 632 essent,

305 656 396 692 dum
415 667 616 692 accensum
634 654 778 690 recenti
797 666 927 690 amore
953 654 1160 690 Numidam
1179 654 1309 697 habet,
1330 667 1416 704 per-

304 719 426 770 pellit,
446 719 641 756 blanditiis
662 731 813 767 quoque
838 718 972 768 puellae
993 719 1186 760 adhibitis,
1207 725 1250 754 ut
1268 718 1415 767 legatos

112 783 254 832 Scipio&
304 785 344 820 in
374 784 542 821 Siciliam
572 783 617 820 ad
645 783 862 833 Scipionem
888 784 1030 825 mittat,
1054 795 1120 832 per
1142 795 1236 831 quos
1262 788 1418 819 moneat

108 834 289 901 ῗὲῐῐιιιξὲἑῖῗ.
302 862 401 893 eum,
424 850 480 886 Ne
491 849 673 898 prioribus
690 850 760 884 suis
774 849 956 896 promissis
965 847 1090 896 fretus
1109 849 1146 883 in
1161 847 1327 896 Africam
1341 852 1417 883 tra-

292 913 414 961 jiciat.
471 915 519 951 Se
533 919 568 950 et
585 915 720 962 nuptiis
746 915 831 949 civis
858 913 1181 960 Karthaginiensis,
1196 913 1292 961 filice
1318 912 1416 947 Has-

302 978 474 1021 drubalis,
497 990 599 1027 quem
618 979 750 1014 viderit
778 979 877 1025 apud
903 989 940 1012 se
965 979 998 1012 in
1029 977 1194 1024 hospitio,
1215 981 1250 1012 et
1272 976 1417 1024 publico

301 1043 557 1092 etiamfoedere
576 1055 654 1079 cum
666 1043 803 1090 populo
823 1041 1118 1089 Karthaginiensi
1128 1040 1309 1087 junctam.
1342 1041 1416 1088 op-

302 1111 381 1142 tare
395 1109 569 1155 primum,
582 1111 624 1142 ut
638 1107 769 1155 procul
787 1106 830 1141 ab
847 1105 990 1154 Africa,
1003 1107 1095 1140 sicut
1113 1105 1231 1140 adhuc
1239 1103 1415 1153 fecerint,

302 1171 433 1207 bellum
452 1171 611 1207 Romani
635 1183 715 1206 cum
735 1170 1095 1218 Karthaginiensibus
1120 1174 1262 1218 gerant,
1282 1181 1326 1205 ne
1352 1169 1418 1205 sibi

299 1237 466 1272 interesse
493 1235 742 1272 certaminibus
770 1247 905 1277 eorum,
936 1247 1108 1283 armaque
1140 1239 1205 1270 aut
1238 1234 1324 1276 haec,
1352 1238 1417 1269 aut

298 1300 379 1342 illa,
410 1300 622 1336 abnuentem
649 1301 805 1335 alteram
833 1300 1051 1341 societatem,
1074 1300 1172 1346 sequi
1199 1310 1334 1333 necesse
1357 1299 1416 1334 sit.

301 1363 343 1399 Si
371 1375 440 1399 non
469 1363 647 1399 abstineat
664 1363 798 1411 Africa
820 1363 956 1410 Scipio,
977 1367 1013 1399 et
1041 1362 1265 1410 Karthagini
1283 1363 1417 1398 exerci-

302 1433 378 1464 tum
404 1430 609 1471 admoveat,
632 1429 695 1464 sibi
717 1429 952 1464 necessarium
967 1426 1069 1475 fore,
1097 1432 1132 1462 et
1152 1439 1221 1475 pro
1248 1432 1344 1463 terra
1362 1428 1416 1462 A-

290 1490 410 1539 frica,
431 1493 468 1528 in
487 1505 558 1540 qua
583 1498 619 1528 et
642 1494 715 1540 ipse
733 1494 779 1528 sit
797 1493 954 1539 genitus,
976 1496 1010 1527 et
1032 1503 1101 1539 pro
1115 1492 1240 1538 patria
1260 1489 1419 1538 conjugis

299 1566 383 1599 suoe,
400 1567 538 1604 proque
553 1561 705 1604 parente
722 1568 766 1591 ae
781 1555 969 1603 penatibus
989 1555 1173 1591 dimicare.

355 1618 508 1655 XXIV.
540 1619 638 1655 Cum
657 1619 715 1654 his
739 1619 926 1654 mandatis
954 1618 1001 1654 ab
1021 1630 1110 1666 rege
1130 1617 1243 1667 legati
1265 1618 1311 1653 ad
1332 1617 1413 1654 Sci-

301 1684 454 1734 pionem
479 1684 599 1726 missi,
621 1684 814 1732 Syracusis
834 1696 920 1719 eum
940 1689 1210 1719 convenerunt.
1269 1681 1410 1731 Scipio,

299 1761 528 1798 ‹piamquam
547 1760 688 1797 niagno
708 1754 904 1784 momento
924 1760 1047 1783 rerum
1069 1748 1107 1782 in
1128 1746 1258 1782 Africa
1278 1758 1413 1794 geren-

299 1814 431 1850 darum
456 1825 670 1862 magnaque
703 1824 767 1861 spe
797 1813 1000 1849 destitutus
1035 1819 1128 1855 erat,
1159 1811 1293 1860 legatis
1324 1823 1414 1860 pro-

296 1891 400 1928 pere,
420 1879 638 1929 priusquam
658 1890 716 1913 res
739 1877 968 1926 vulgaretur,
986 1878 1150 1912 remissis
1172 1878 1210 1912 in
1228 1876 1411 1920 Africam,

298 1942 424 1978 literas
445 1942 509 1978 dat
533 1941 579 1977 ad
603 1953 744 1990 regem,
767 1941 902 1990 quibus
924 1942 1039 1977 etiam
1059 1947 1174 1989 atque
1193 1941 1307 1976 etiam
1327 1953 1410 1976 mo-

298 2013 364 2042 net
383 2019 482 2049 eum,
505 2008 562 2042 Ne
572 2005 662 2052 jura
683 2006 827 2054 hospitii
843 2018 972 2048 secam,
994 2017 1062 2041 nen
1083 2017 1160 2041 cum
1178 2007 1315 2053 populo
1336 2005 1412 2040 Ro-

299 2083 404 2107 mano
433 2073 532 2107 initoe
563 2073 755 2115 societatis,
784 2083 851 2107 neu
867 2070 949 2119 fas,
964 2071 1095 2119 fidem,
1124 2071 1279 2112 dextras,
1314 2070 1415 2105 Deos

106 2149 215 2179 Quam
301 2140 404 2171 testes
432 2141 539 2184 atque
564 2136 718 2171 arbitros
743 2140 1004 2177 conventorum,
1025 2134 1160 2182 fallat.
1219 2134 1412 2176 Ceterum,

101 2191 286 2265 ἷὲἭίςῖῗῘῡ·
300 2200 452 2248 quando
471 2212 593 2249 neque
613 2199 725 2235 celari
753 2200 934 2235 adventus
961 2199 1215 2235 Numidarum
1245 2204 1409 2248 poterat,

105 2277 206 2306 mulat
302 2265 445 2313 (vagati
472 2265 572 2300 enim
595 2264 633 2300 in
658 2264 762 2307 urbe,
785 2264 1048 2313 obversatique
1075 2263 1254 2313 praetorio
1283 2263 1408 2308 erant)

100 2319 286 2400 ῗέἓεῗέξξ·
299 2335 348 2371 et,
381 2330 411 2363 si
440 2329 626 2373 sileretur,
657 2329 747 2379 quid
776 2335 957 2380 petentes-
977 2329 1182 2371 venissent,
1205 2326 1411 2378 periculum
