1507 2656
260 190 413 220 LIBER
441 187 631 217 xxxin.
666 187 772 217 CAP.
796 189 964 219 XXVII.
1079 192 1163 236 409

57 282 158 319 niam
173 280 402 323 obtinuerat,
419 292 534 315 ovans
552 292 595 315 ex
612 279 942 315 senatusconsulto
961 280 1088 317 urbem
1106 279 1217 318 est'U.
1231 285 1268 316 C.
1285 291 1357 317 5⁵6.

56 346 244 394 ingressus
261 361 268 382 ε
300 345 387 381 tulit
406 357 480 394 prae
501 356 540 379 se
556 343 636 379 auri
652 342 753 378 mille
773 349 810 378 et
830 344 1035 393 quingenta
1052 347 1161 394 quin·
1173 329 1213 359 A·
1230 329 1266 359 C·
1286 334 1357 362 ¹95'

56 409 176 446 decim
197 409 336 460 pondo,
358 408 503 456 argenti
524 407 658 455 viginti
679 405 810 449 millia,
831 407 969 455 signati
986 408 1160 446 denarios

55 472 214 520 triginta
232 477 393 520 quatuor
413 470 543 512 millia,
565 476 602 506 et
622 471 850 518 quingentos
871 471 1161 521 quinquaginta.

53 535 100 572 L.
121 535 321 571 Stertinius
348 547 394 570 ex
421 533 600 570 ulteriore
622 533 824 583 Hispania,
846 546 894 570 ne
912 541 1059 572 tentata
1078 538 1161 586 qui*-

0 644 1 647 ,
51 600 138 637 dem
151 599 334 649 triumphi
350 610 429 649 spe,
446 599 722 648 quinquaginta
737 597 855 634 millia
869 599 996 648 pondo
1013 603 1159 649 argenti

0 666 3 756 Ἠ
52 663 92 699 in
121 664 293 700 aerarium
322 662 432 699 tulit:
466 668 504 698 et
532 662 576 698 de
605 660 792 697 manubiis
822 661 915 697 duos
935 662 1098 700 fornices
1122 665 1162 703 in

52 727 138 764 foro
156 726 299 763 Boario
319 732 407 762 ante
433 725 613 761 Fortunae
640 725 756 761 aedem
776 731 814 761 et
833 726 962 762 matris
982 727 1159 773 Matutae,

0 766 4 826 i
52 802 168 828 unum
189 792 227 827 in
247 791 413 827 maximo
432 790 532 826 circo
552 790 664 825 fecit:
689 795 727 825 et
745 790 803 824 his
823 788 1032 827 fornicibus
1053 793 1162 840 signa

3 827 5 898 i
54 862 186 892 aurata
204 856 385 906 inposuit.
428 854 524 890 Haec
544 867 610 904 per
629 854 792 890 hiemem
811 853 929 890 ferme
949 861 1045 892 acta.
1085 856 1160 893 Hi-

2 907 3 913 *
51 919 237 957 bernabat
253 932 298 955 eo
314 925 484 969 tempore
499 917 660 954 Athenis
679 917 898 959 Quinctius,
916 932 937 954 a
953 932 1027 968 quo
1046 933 1160 968 quum

51 983 173 1020 multa
188 984 282 1020 socii
298 989 484 1033 peterent,
500 983 629 1019 Boeoti
651 983 841 1031 petierunt
856 984 1159 1032 inpetraverunt-

0 1070 2 1080 ι
53 1061 139 1098 que,
161 1055 202 1084 ut
229 1049 283 1091 hi,
304 1048 367 1096 qni
397 1061 473 1083 suae
501 1048 624 1095 gentis
650 1047 878 1082 militassent
897 1046 994 1096 apud
1014 1048 1159 1098 Philip-

0 1105 1 1117 *
51 1125 156 1163 pum,
177 1112 248 1148 sibi
268 1112 577 1148 restituerentur:
610 1110 647 1145 id
674 1123 695 1146 a
720 1110 903 1149 Quinctio
922 1110 1034 1147 facile
1053 1112 1160 1162 inpe-

51 1182 217 1222 tratum3
258 1188 336 1212 non
368 1175 455 1223 quia
487 1175 577 1210 satis
602 1168 748 1222 dignos
776 1186 839 1210 eos
873 1174 1063 1218 credebat,
1095 1177 1161 1215 sed

52 1233 154 1289 quia,
174 1239 368 1275 Antiocho
397 1251 484 1286 rege
508 1237 590 1287 jam
617 1244 806 1287 suspecto,
826 1237 934 1274 favor
952 1239 1159 1276 conciliau-

11 1328 13 1351 ς
53 1304 121 1340 dus
140 1305 286 1340 nomini
306 1303 485 1338 Romano
504 1302 603 1351 apud
624 1302 793 1338 civitates
815 1309 906 1339 erat.
939 1302 1158 1351 Restitutis,

8 1380 9 1402 i
54 1367 252 1404 confestim
274 1367 461 1417 adparuit,
489 1378 601 1414 quam
634 1366 736 1402 nulla
763 1366 857 1402 inita
876 1367 974 1417 apud
998 1367 1157 1403 Boeotos

8 1438 11 1467 ¹.
54 1433 176 1482 gratia
194 1439 314 1467 esset:
347 1443 435 1466 nam
461 1436 498 1466 et
528 1430 577 1466 ad
600 1430 816 1480 Philippum
840 1432 980 1479 gratias
1004 1440 1158 1479 agentes

10 1532 13 1542 ,
53 1509 122 1546 pro
157 1495 310 1532 redditis
348 1493 579 1536 hominibus,
618 1494 773 1543 perinde
807 1501 919 1543 atque
955 1495 1027 1544 ipsi
1066 1495 1101 1530 id
1138 1508 1160 1531 a

52 1560 235 1601 Quinctio
271 1565 309 1595 et
344 1558 529 1594 Romanis
567 1558 696 1594 datum
730 1564 840 1601 esset,
879 1559 1083 1595 miserunt:
1123 1565 1160 1594 et

17 1624 18 1631 ¹
53 1625 214 1660 comitiis
230 1622 411 1673 proximis
426 1621 683 1658 Boeotarchen
700 1621 841 1658 nullam
857 1621 969 1658 aliam
985 1622 1034 1658 ob
1051 1635 1158 1661 caus-

19 1681 20 1721 ἶ
53 1701 132 1725 sam
160 1686 401 1736 Brachyllam
433 1686 644 1734 quemdam,
679 1699 791 1736 quam
824 1687 925 1735 quod
957 1686 1156 1736 praefectus
1171 1695 1350 1734 Brachylla»

1176 1742 1359 1772 ssoeotaxcn.

51 1752 276 1789 Boeotorum
311 1751 409 1800 apud
443 1763 566 1799 regem
600 1750 844 1787 militantium
876 1750 1022 1793 fuisset,
1057 1751 1156 1787 fece-

50 1822 163 1861 runt3
195 1815 393 1866 praeteritis
428 1814 641 1864 Zeuxippo,
677 1821 714 1850 et
746 1814 960 1856 Pisistrato,
986 1814 1155 1864 aliisque,

21 1866 24 1885 ⁴
54 1880 118 1929 qui
136 1879 320 1915 Romanae
338 1879 529 1914 societatis
547 1884 718 1914 auctores
733 1878 894 1915 fuerant.
937 1877 982 1913 Id
1002 1891 1100 1927 aegre
1121 1886 1159 1916 et

19 1902 26 1999 {i
49 1945 88 1980 in
108 1944 309 1994 praesentia
337 1943 376 1979 hi
409 1943 523 1992 passi,
545 1949 583 1978 et
614 1943 653 1978 in
680 1942 848 1978 futurum
877 1943 990 1978 etiam
1016 1949 1158 1979 metum

20 1982 244 2076 (ceperunt,
279 2021 394 2056 quum
421 2007 467 2043 ad
498 2014 625 2058 portas
658 2020 776 2058 prope
809 2008 961 2044 sedente
991 2009 1157 2045 exercitu

22 2078 30 2136 ξ’
49 2071 228 2109 Romano
249 2084 292 2107 ea
311 2071 456 2114 fierent,
478 2071 656 2120 quidnam
685 2083 724 2107 se
747 2071 916 2108 futurum
936 2078 1047 2115 esset,
1068 2085 1156 2121 pro-

50 2135 160 2172 fectis
191 2135 228 2169 in
257 2133 408 2169 Italiam
435 2133 644 2180 Romanis3
677 2134 855 2184 Philippo
877 2146 922 2170 ex
941 2135 1158 2184 propinquo

25 2189 32 2247 :1
53 2200 175 2235 socios
203 2196 417 2248 adjuvante,
439 2203 477 2234 et
505 2198 644 2235 infesto
669 2199 744 2241 his,
765 2198 828 2247 qui
855 2198 972 2248 partis
996 2197 1158 2235 adversae

31 2254 33 2309 ἶ
53 2263 224 2300 fuissent.
995 2261 998 2265 ’

32 2321 34 2325 ’
108 2325 304 2370 XXVIII.
332 2325 436 2364 Dum
465 2325 643 2364 Romana
671 2339 774 2366 arma
796 2327 1015 2379 propinqua
1042 2325 1159 2363 habe-

110 2389 216 2428 V011.
234 2389 307 2427 ΙΙΙ.
594 2391 629 2427 'F
