1507 2656
299 196 453 226 LIBER
477 193 668 224 XXXIII·
703 191 811 224 CAP.
830 193 1035 225 XXXVII·
1134 189 1220 238 41'9

110 297 240 322 omnes
260 291 401 322 turmas
419 286 455 321 in
476 285 624 320 hostem
644 284 780 321 emisit.
810 284 983 324 Quorum
1004 297 1119 333 quum
1138 284 1214 334 pri·
1229 297 1321 329 [χρ
1337 302 1412 329 555,

107 361 189 385 mus
205 351 461 398 secundusque
476 351 625 398 inpetus
642 348 843 384 retudisset
862 349 1087 385 inferentem
1103 362 1141 384 se
1157 349 1213 385 fe—
1226 342 1266 373 Α·
1278 341 1315 374 C·
1330 346 1404 374 196.

106 414 246 449 rociter
265 415 427 457 hostem,
449 414 671 449 confirmata
690 420 728 448 et
747 412 890 462 reliqua
910 413 1008 449 acies
1038 413 1217 450 Romana

104 477 242 512 restitit
272 478 406 527 primo,
428 478 562 513 deinde
583 478 691 526 signa
721 477 856 513 acriter
875 476 1006 512 intulit
1024 492 1030 513 :
1064 489 1133 512 nec
1156 476 1215 512 ul-

101 544 161 575 tra
189 541 448 577 sustinuerunt
478 548 667 576 certamen
698 540 814 583 Galli,
835 541 925 589 quin
954 547 1062 588 terga
1090 545 1216 576 verte-

99 609 198 646 rent,
220 610 332 653 atque
353 605 468 641 effuse
487 605 674 654 fugerent.
705 604 752 640 In
773 617 818 640 eo
838 603 975 654 proelio
992 616 1105 654 supra
1121 617 1215 654 qua-

101 666 275 716 draginta
294 669 413 705 millia
431 670 629 705 hominum
646 682 754 711 caesa,
773 668 946 704 Valerius
965 669 1102 705 Antias
1120 669 1213 705 scri-

97 729 181 767 bit:
214 739 252 769 et
270 734 478 783 quingenta
507 743 651 784 septem
681 734 789 782 signa
817 732 998 769 militaria
1026 739 1150 782 capta,
1172 739 1211 768 et

99 804 279 846 carpenta
299 799 574 847 quadringenta
595 799 760 847 ‘triginta
789 798 878 840 duo,
900 803 939 833 et
967 809 1100 833 aureos
1129 803 1212 833 tor-

97 871 187 908 ques
208 862 362 906 multos,
385 877 430 900 ex
449 864 584 912 quibus
606 876 721 899 unum
740 863 867 911 magni
897 861 1073 912 ponderis
1095 860 1212 897 Clau-

97 923 180 959 dius
200 926 239 960 in
257 926 449 976 Capitolio
465 927 553 963 Jovi
570 928 712 963 donum
730 928 770 962 in
787 927 864 963 aede
880 926 1046 977 positum
1062 925 1207 962 scribit.

95 987 229 1024 Castra
255 1003 301 1026 eo
327 992 387 1027 die
417 991 615 1028 Gallorum
645 998 862 1042 expugnata
891 991 1134 1040 direptaque:
1168 996 1207 1025 et

93 1051 255 1089 Comum
282 1056 463 1105 oppidum
492 1057 591 1092 intra
620 1056 698 1092 dies
728 1067 869 1105 paucos
889 1062 1055 1104 captum.
1113 1054 1209 1090 Cas-

92 1116 183 1153 tella
202 1118 288 1154 inde
308 1119 591 1169 duodetriginta
611 1121 658 1156 ad
677 1119 870 1157 consulem
891 1119 1120 1156 defecerunt.
1162 1118 1210 1155 Id

92 1193 244 1230 quoque
273 1184 372 1220 inter
401 1186 603 1235 scriptores
633 1185 853 1233 ambigitur,
875 1191 1002 1220 utrum
1021 1184 1060 1219 in
1085 1183 1206 1219 Boios

90 1246 209 1296 prius,
220 1260 267 1283 an
281 1247 474 1291 Insubres,
490 1249 622 1286 consul
639 1250 846 1286 exercitum
863 1249 1066 1291 induxerit,
1078 1248 1208 1284 adver-

91 1322 246 1359 samque
261 1324 442 1362 prospera
457 1326 585 1363 pugna
604 1313 882 1350 obliteraverit:
906 1326 954 1349 an
970 1313 1143 1355 victoria,
1158 1311 1207 1349 ad

93 1374 255 1412 Comum
274 1383 396 1426 parta,
417 1377 629 1414 deformata
651 1377 755 1415 clade
775 1379 814 1414 in
833 1378 941 1413 Boiis
961 1382 1118 1427 accepta
1130 1377 1192 1412 sit.

142 1439 359 1477 XXXVII.
390 1441 468 1478 Sub
488 1443 569 1479 haec
598 1449 675 1478 tam
695 1442 799 1478 varia
826 1441 985 1478 fortuna
1013 1446 1135 1489 gesta,
1155 1439 1204 1476 L.

89 1501 225 1539 Furius
241 1503 438 1554 Purpureo
459 1505 553 1541 alter
573 1506 705 1542 consul
724 1519 791 1556 per
810 1506 952 1541 tribum
983 1504 1204 1554 Sappiniam

90 1567 130 1603 in
162 1567 281 1604 Boios
309 1570 424 1605 venit.
480 1569 569 1606 Jam
594 1576 718 1606 castro
746 1569 889 1605 Mutilo
921 1568 1203 1617 adpropinqua-

89 1630 171 1675 bat,
193 1645 321 1681 quum,
342 1635 482 1669 veritus
506 1647 554 1670 ne
581 1633 896 1670 intercluderetur
923 1631 1035 1668 simul
1054 1645 1076 1668 a
1093 1631 1200 1667 Boiis

87 1695 383 1745 Liguribusque,
415 1697 544 1733 eadem
573 1698 646 1740 via,
678 1710 752 1745 qua
785 1697 1006 1738 adduxerat,
1035 1695 1202 1737 reduxit,

89 1765 128 1795 et
156 1772 296 1808 magno
326 1761 484 1797 circuitu
513 1774 579 1811 per
609 1767 754 1811 aperta,
776 1773 894 1810 eaque
923 1765 1007 1796 tuta
1034 1758 1132 1802 loca,
1155 1758 1203 1794 ad

88 1822 273 1872 collegam
292 1825 484 1874 pervenit:
518 1825 603 1861 dein
617 1825 762 1875 junctis
785 1824 1010 1861 exercitibus
1036 1824 1201 1873 primum

87 1886 272 1923 Boiorum
293 1900 424 1936 agrum
444 1901 561 1937 usque
572 1889 626 1924 -ad
651 1888 840 1924 felsinam
871 1887 1050 1938 oppidum
1075 1899 1197 1936 popu·
1210 1894 1354 1933 Uterque

85 1949 207 1986 lantes
233 1958 540 2000 peragraverunt.
595 1951 655 1988 Ea
677 1951 777 1995 urbs,
799 1956 998 1999 ceteraque
1029 1948 1195 1992 castella,
1208 1947 1282 2011 ξὲῗῃ
1292 1939 1392 2021 {22}

87 2019 126 2048 et
153 2013 243 2049 Boii
270 2013 348 2049 fere
377 2027 522 2059 omnes,
553 2022 688 2066 przeter
711 2014 968 2065 juventutem,
989 2028 1072 2064 quae
1100 2028 1196 2066 prae-
1207 2024 1389 2065 populatur.

85 2077 199 2113 dandi
219 2090 350 2114 caussa
369 2079 407 2114 in
428 2080 540 2115 armis
561 2086 654 2123 erat,
675 2082 783 2127 (tunc
803 2081 842 2115 in
863 2080 987 2116 devias
1009 2079 1118 2115 silvas
1135 2093 1195 2117 re-

84 2141 264 2189 cesserat)
293 2142 332 2177 in
362 2142 592 2179 deditionem
612 2150 806 2180 venerunt.
864 2143 911 2178 In
939 2143 1100 2191 Ligures
1130 2144 1196 2181 de·-

85 2206 173 2242 inde
191 2207 384 2243 traductus
406 2209 603 2245 exercitus.
636 2209 726 2246 Boii
745 2210 999 2259 negligentius
1020 2218 1195 2249 coactum

83 2283 220 2320 agmen
247 2271 526 2318 Romanorum,
555 2274 644 2323 quia
676 2275 746 2325 ipsi
776 2275 910 2326 procul
939 2276 1070 2312 abesse
1092 2276 1194 2314 vide-

596 2338 631 2375 T
652 2340 673 2374 6
