1523 2666
312 196 368 239 88
774 206 819 237 T.
846 205 978 238 mvn

121 311 166 343 U.
178 315 213 344 C.
229 322 301 347 545,
315 299 417 348 quod
432 298 683 347 longinquum
702 296 842 334 bellum
860 311 987 347 regem
1005 303 1240 349 occupasset,
1257 298 1431 349 proxima

113 355 159 389 Α
172 356 209 387 C·
224 364 297 393 207.
313 363 551 400 Macedoniae
571 364 800 399 incursuros,
856 362 987 398 Boeoti
1005 363 1154 411 quidem
1175 369 1214 398 et
1232 363 1430 400 interiores

315 427 473 463 Graeciae
500 427 645 478 populi,
665 426 1009 476 Thermopylarum
1039 425 1191 468 saltum,
1221 426 1286 463 ubi
1311 440 1431 475 angu-

312 498 380 527 stae
400 492 527 528 fauces
549 497 725 527 coartant
744 492 828 533 iter,
846 490 949 526 fossa
969 489 1143 539 valloque
1163 490 1362 526 intercludi
1382 489 1430 527 ab

309 554 470 598 AEtolis,
492 555 742 597 nunciabant,
771 566 820 590 ne
848 554 1049 589 transitum
1081 553 1128 589 ad
1158 554 1347 589 sociorum
1368 566 1431 589 ur-

115 625 282 667 Philippus
312 617 378 654 bes
410 620 568 654 tuendas
598 618 777 668 Philippo
811 616 955 653 darent.
1012 617 1084 652 Vel
1113 630 1267 666 segnem
1297 617 1431 654 ducem

115 672 299 743 ffifdffalgffl·
311 689 372 718 tot
398 684 562 719 excitare
596 683 780 719 tumultus
810 681 1027 717 circumfusi
1056 688 1246 731 poterant.
1302 681 1429 730 Lega-

114 761 232 787 tuetur.
312 748 436 783 tiones
464 748 635 790 dimittit,
667 746 873 797 pollicitus,
904 753 1017 794 prout
1050 753 1198 794 tempus
1229 758 1272 781 ac
1297 757 1355 780 res
1390 756 1431 781 se

311 811 431 854 daret,
452 812 627 847 omnibus
654 811 817 846 laturum
838 822 876 845 se
909 808 1113 844 auxilium:
1146 809 1184 844 in
1212 808 1428 858 praesentia,

309 887 392 924 quae
426 876 589 910 maxime
623 874 783 921 urgebat
820 884 892 915 res,
925 872 1178 921 Peparethum
1212 872 1428 921 praesidium

307 938 392 973 urbi
412 938 554 982 mittit;
580 938 675 973 unde
696 936 864 973 adlatum
884 942 978 977 erat,
995 935 1186 978 Attalum,
1208 935 1255 971 ab
1276 934 1428 972 Lemno

308 1001 427 1037 classe
446 1002 681 1043 transmissa,
703 1012 855 1035 omnem
877 1000 975 1035 circa
997 1001 1127 1034 urbem
1155 1011 1287 1047 agrum
1307 999 1425 1049 depo-

306 1065 491 1115 pulatum.
548 1065 827 1114 Polyphantam
849 1076 932 1099 cum
963 1063 1113 1098 modica
1138 1074 1254 1097 manu
1273 1062 1311 1097 in
1331 1062 1423 1098 Boe-

307 1130 440 1171 otiam,
461 1129 686 1179 Menippum
716 1128 803 1162 item
825 1126 1023 1175 quemdam
1051 1138 1097 1161 ex
1123 1126 1234 1174 regiis
1265 1125 1422 1162 ducibus

306 1206 391 1229 cum
412 1193 513 1228 mille
533 1193 702 1243 peltastis
726 1190 845 1242 (pelta
869 1198 990 1226 caetrae
1009 1189 1110 1225 haud
1134 1189 1324 1225 dissimilis
1345 1191 1419 1238 est)

306 1258 527 1293 Chalcidem
558 1258 701 1292 mittit:
739 1256 857 1292 additi
887 1255 1085 1303 quingenti
1115 1254 1340 1303 Agrianum,
1379 1260 1422 1290 ut

305 1334 435 1357 omncs
457 1321 587 1356 insulae
609 1330 732 1370 partes
753 1320 851 1355 tueri
878 1324 1035 1368 possent
1053 1333 1060 1353 z
1093 1319 1172 1368 ipse
1202 1318 1421 1354 Scotussam

304 1393 361 1421 est
398 1385 613 1435 profectus:
646 1385 852 1433 eodemque
890 1383 936 1418 ab
972 1383 1128 1418 Larissa
1162 1381 1420 1418 Macedonum

304 1450 431 1499 copias
453 1449 595 1484 traduci
610 1447 739 1497 jussit.
795 1447 856 1483 Eo
880 1447 1102 1482 nunciatum
1122 1451 1192 1488 est,
1214 1445 1418 1481 concilium

301 1512 444 1549 AEtolis
467 1512 693 1548 Heracleam
714 1511 913 1553 indictum,
944 1521 1146 1558 regemque
1162 1508 1349 1551 Attalum,
1370 1508 1418 1544 ad

302 1576 593 1613 consultandum
627 1576 670 1611 de
708 1587 854 1611 summa
889 1573 993 1616 belli,
1033 1580 1244 1609 venturum.
1300 1571 1417 1608 Hunc

301 1649 529 1678 conventum
557 1648 599 1677 ut
628 1640 798 1676 turbaret
827 1638 954 1675 subito
975 1637 1153 1680 adventu,
1175 1637 1320 1686 magnis
1350 1637 1415 1672 iti-

301 1706 452 1742 neribus
491 1705 718 1742 Heracleam
752 1704 880 1740 duxit:
915 1709 952 1739 et
982 1701 1146 1738 concilio
1177 1701 1325 1750 quidem
1359 1700 1415 1737 di-

298 1771 414 1806 misso
426 1770 510 1821 jam
529 1771 630 1806 venit
645 1786 655 1815 5
689 1768 878 1818 segetibus
895 1775 1037 1810 tamen,
1055 1779 1137 1815 quae
1152 1778 1271 1816 prope
1289 1770 1412 1802 matu-

297 1835 452 1871 ritatem
478 1841 599 1876 erant,
630 1834 793 1869 maxime
826 1833 864 1867 in
891 1832 975 1867 sinu
1005 1830 1216 1866 AEnianum
1241 1829 1416 1871 vastatis,

300 1900 518 1935 Scotussam
551 1898 679 1947 copias
714 1896 871 1933 reducit.
928 1894 989 1930 Ibi
1020 1893 1188 1929 exercitu
1217 1892 1319 1928 omni
1353 1904 1414 1928 re-

297 1962 404 2005 licto,
426 1974 512 1998 cum
532 1961 689 1996 cohorte
719 1960 822 2007 regia
842 1956 1126 1994 Demetriadem
1155 1967 1236 1991 sese
1265 1955 1418 2005 recipit.

298 2027 393 2063 Inde
413 2034 454 2061 ut
474 2026 520 2061 ad
540 2036 669 2061 omnes
689 2024 859 2059 hostium
887 2028 1012 2058 motus
1041 2026 1171 2071 posset
1194 2019 1412 2063 obcurrere,

295 2092 334 2128 in
355 2090 574 2132 Phocidem,
594 2095 706 2136 atque
723 2087 928 2129 Euboeam,
946 2093 984 2121 et
1003 2085 1257 2135 Peparethum
1275 2083 1414 2126 mittit,

296 2157 359 2205 qui
379 2155 463 2191 loca
482 2154 558 2190 alta
578 2153 773 2201 eligerent,
795 2151 894 2187 unde
913 2151 1003 2186 editi
1026 2151 1131 2198 ignes
1159 2148 1406 2198 adparerent:

295 2220 375 2269 ipse
401 2219 438 2254 in
466 2218 592 2254 Tisaeo
625 2218 754 2264 (mons
789 2223 845 2253 est
875 2216 915 2250 in
947 2213 1188 2250 altitudinem
1214 2213 1408 2260 ingentem

294 2283 500 2320 cacuminis
523 2282 630 2326 editi)
654 2279 843 2330 speculam
863 2279 1013 2328 posuit:
1044 2282 1085 2312 ut
1104 2275 1254 2325 ignibus
1273 2274 1411 2325 procul'

296 2346 452 2385 sublatis
485 2346 648 2396 signum,
683 2345 744 2382 ubi
773 2343 863 2396 quid
893 2342 1117 2381 molirentur
1145 2341 1289 2385 hostes,
1323 2350 1412 2382 mo·¹

1317 2459 1331 2472 b
