1507 2656
370 197 524 227 LIBER
546 196 694 225 xxx1.
728 196 834 224 CAP.
856 195 902 225 v.
1108 196 1186 240 277

136 288 202 325 IV.
232 287 351 324 Exitu
369 287 481 337 hujus
501 286 590 323 anni
611 298 725 334 quum
746 285 790 321 de
810 285 910 333 agris
930 291 1099 322 veterum
1120 287 1189 323 mi·
1203 292 1294 323 U.C.
1310 298 1384 324 551.

80 351 188 388 litum
205 352 364 388 relatum
380 358 492 393 esset,
509 351 573 399 qui
593 350 707 386 ductu
728 356 841 398 atque
862 350 1031 399 auspicio
1050 350 1093 388 P.
1108 351 1188 387 Sci·
1201 336 1411 409 Ξὲ“ξῗ·ῐῗ1(1’11ὴῐ-

79 416 201 465 pionis
236 417 275 452 in
307 416 438 452 Africa
467 414 608 451 bellum
638 414 908 464 perfecissent3
945 415 1189 452 decreverunt
1202 390 1262 470 bugs
1280 421 1401 470 Scipio-

77 481 223 524 Patres,
243 487 286 517 ut
312 481 368 517 M.
389 480 525 516 Junius
553 486 693 529 praetor
719 479 837 522 urbis,
865 480 894 514 si
924 480 957 515 ei
985 480 1189 523 videretur,
1204 476 1252 496 ¹¹¹⁵
1268 465 1372 495 d¹v¹⁵¹‘

77 544 305 581 decemviros
350 557 443 593 agro
488 544 650 579 Samniti
686 543 930 594 Appuloque,
970 544 1071 593 quod
1108 544 1189 594 ejus

74 607 267 657 publicum
296 607 427 659 populi
457 607 626 644 Romani
656 614 769 650 esset,
798 608 991 643 metiendo
1021 608 1190 644 dividen-

75 671 199 720 doque
218 678 374 709 crearet.
416 672 544 708 Creati
564 671 606 708 P.
624 671 817 715 Servilius,
838 672 887 711 Q.
908 671 1082 708 Caecilius
1101 672 1189 709 Me-

74 735 198 780 tellus,
227 737 270 773 C.
291 744 329 773 et
353 736 410 773 M.
433 736 596 779 Servilii,
621 736 810 783 (Geminis
831 735 1017 772 ambobus
1044 749 1188 785 cogno-

73 813 160 837 men
180 801 277 848 erat)
299 801 345 837 L.
366 807 404 837 et
422 802 469 837 A.
487 800 648 836 Hostilii
669 801 852 843 Catones,
873 800 915 836 P.
933 800 1068 836 Villius
1084 800 1187 851 Tap-

73 865 197 915 pulus,
217 864 274 902 M.
295 865 448 901 Fulvius
465 865 637 909 Flaccus,
658 865 702 901 P.
719 864 845 901 AElius
868 865 1008 907 Paetus,
1031 866 1079 904 Q.
1099 865 1187 901 Fla-

72 930 222 966 minius.
280 930 353 966 Per
373 943 436 966 eos
461 931 554 973 dies,
581 931 623 966 P.
641 930 748 965 AElio
769 929 924 965 consule
945 930 1099 966 comitia
1118 931 1187 966 ha-

71 993 200 1036 bente,
222 994 338 1030 creati
359 993 532 1030 consules
562 994 606 1030 P.
623 993 812 1043 Sulpicius
835 993 972 1036 Galba,
1001 993 1043 1029 C.
1064 994 1186 1030 Aure-

70 1056 141 1092 lius
164 1057 291 1094 Cotta.
335 1057 522 1094 Praetores
542 1057 678 1093 exinde
697 1057 803 1099 facti,
825 1057 873 1095 Q.
890 1056 1084 1093 Minucius
1103 1057 1186 1093 Ru-

69 1119 144 1163 fus,
165 1121 210 1158 L.
226 1121 360 1158 Furius
390 1122 601 1171 Purpureo,
628 1122 679 1158 Q.
695 1120 849 1157 Fulvius
871 1120 989 1164 Gillo,
1011 1122 1081 1157 Cn.
1099 1122 1185 1158 Ser-

71 1185 153 1235 gius
174 1185 349 1224 Plancus.
386 1187 485 1224 Ludi
501 1186 669 1223 Romani
685 1186 825 1222 scenici
845 1198 892 1222 eo
914 1198 1015 1222 anno
1035 1187 1185 1235 magni-

72 1248 139 1285 fiee
159 1250 412 1300 adparateque
431 1251 524 1287 facti
550 1250 597 1286 ab
619 1249 789 1286 aedilibus
810 1249 1017 1293 curulibus,
1044 1250 1090 1288 L.
1107 1251 1186 1287 Va-

70 1311 163 1348 lerio
182 1313 320 1350 Flacco
340 1321 379 1350 et
404 1314 450 1351 L.
470 1314 655 1353 Quinctio
676 1312 893 1350 Flaminino
910 1328 918 1349 :
950 1313 1108 1350 biduum
1126 1315 1186 1351 in-

70 1383 280 1413 stauratum
316 1384 392 1414 est:
440 1377 697 1426 frumentique
733 1378 809 1413 vim
842 1378 1051 1426 ingentem,
1085 1379 1186 1427 quod

70 1452 115 1476 cx
134 1440 266 1477 Africa
284 1441 327 1478 P.
345 1442 473 1491 Scipio
506 1441 677 1485 miserat,
712 1442 905 1490 quaternis
933 1441 1016 1477 aeris
1042 1441 1186 1492 populo

3 1497 5 1555 l
68 1517 153 1540 cum
190 1517 336 1541 summa
361 1505 433 1541 fide
466 1512 504 1541 et
538 1506 661 1554 gratia
690 1506 910 1542 diviserunt.
966 1505 1019 1541 Et
1047 1505 1186 1555 plebeii

68 1567 146 1604 ludi
167 1575 224 1604 ter
242 1570 316 1604 toti
340 1570 539 1605 instaurati
567 1569 614 1605 ab
636 1568 807 1605 aedilibus
835 1569 971 1619 plebis,
992 1568 1038 1605 L.
1056 1570 1183 1619 Apus-

68 1633 123 1668 tio
150 1632 310 1670 Fullone
342 1640 380 1669 et
415 1635 464 1672 Q.
480 1633 654 1670 Minucio
683 1633 804 1677 Rufo,
835 1634 900 1682 qui
930 1646 975 1669 ex
1005 1633 1186 1670 aedilitate

68 1704 209 1747 przetox·
237 1704 383 1734 creatus
414 1704 518 1734 erat:
552 1704 590 1734 et
608 1698 716 1734 Jovis
744 1697 897 1748 epulum
916 1697 990 1734 suit
1008 1697 1185 1735 ludorum

69 1775 211 1800 caussa.

124 1826 168 1862 V.
199 1828 313 1863 Anno
340 1828 646 1877 quingentesimo
673 1826 988 1876 quinquagesimo
1015 1827 1062 1864 ab
1090 1827 1182 1864 urbe
1195 1828 1237 1859 U.
1255 1828 1378 1861 C.552.

71 1890 237 1933 condita,
272 1891 315 1927 P.
336 1891 506 1941 Sulpicio
533 1891 670 1934 Galba,
700 1891 743 1927 C.
764 1891 921 1926 Aurelio
948 1891 1179 1934 consulibus,
1193 1872 1232 1901 Α·
1251 1872 1287 1903 C·
1302 1880 1376 1905 ²⁰⁰⁶

67 1954 207 1990 bellum
228 1968 313 1991 cum
332 1968 421 2004 rege
444 1956 623 2006 Philippo
640 1956 779 1991 initum
800 1961 869 1999 est,
892 1956 1022 2004 paucis
1042 1957 1180 1992 mensi-
1194 1959 1243 1988 De
1257 1960 1342 1991 bello

68 2020 137 2056 bus
157 2026 245 2071 post
261 2033 392 2070 pacem
409 2019 798 2068 Karthaginiensibus
820 2019 959 2055 datam.
998 2019 1181 2056 Omnium
1193 2003 1381 2086 ffiffisgggm

68 2086 229 2134 primum
251 2097 333 2120 eam
359 2097 437 2120 rem
464 2083 594 2119 Idibus
622 2082 791 2125 Martiis,
813 2096 888 2131 quo
909 2083 968 2118 die
988 2089 1069 2119 tum
1090 2096 1180 2119 con-
1193 2090 1335 2138 ineundo

11 2178 12 2182 ,
68 2147 211 2184 sul-atus
239 2148 418 2191 inibatur,
446 2148 489 2184 P.
510 2148 697 2198 Sulpicius
725 2147 858 2182 consul
887 2146 1038 2182 retulit:
1072 2160 1180 2183 sena·
1193 2134 1336 2165 mmmm·

68 2219 203 2260 tusque
225 2211 403 2255 decrevit,
426 2212 481 2248 uti
507 2211 679 2248 consules
708 2210 916 2261 majoribus
944 2212 1078 2246 hostiis
1104 2225 1182 2249 rem

12 2281 13 2286 ’
69 2277 233 2311 divinam
263 2276 444 2319 facerent,
473 2276 607 2325 quibus
637 2276 723 2311 Diis
753 2276 842 2326 ipsis
872 2276 1074 2318 videretur,
1096 2289 1180 2312 cum

67 2342 284 2390 precatione
306 2353 366 2376 ea:
403 2342 521 2382 Quam
539 2353 611 2376 rem
631 2346 773 2377 senatus
793 2342 1017 2389 populusque
1043 2340 1180 2376 Roma-

65 2418 130 2440 ,ηας
148 2405 190 2441 de
206 2404 386 2452 republica
407 2406 516 2453 deque
536 2407 688 2442 ineundo
704 2418 792 2442 novo
813 2406 903 2442 bello
919 2406 957 2441 in
973 2406 1093 2442 animo
1113 2405 1179 2440 ha-
