1507 2656
295 188 450 217 LIBER
473 187 628 216 XXXV.
661 188 766 216 CAP.
790 189 908 218 XXV.
1063 189 1144 234 527

97 277 228 316 XXV.
256 278 309 315 Et
333 279 493 330 populus
528 278 677 328 quidem
710 278 907 315 Romanus
941 279 995 315 ita
1024 292 1063 316 se
1100 280 1147 317 ad
1163 290 1202 321 U.
1217 291 1252 321 C.
1268 299 1342 326 560.

43 353 173 378 omnes
204 350 361 380 conatus
395 344 576 379 Antiochi
606 342 854 392 praeparabat.
911 343 1032 380 Nabis
1063 343 1145 394 jam
1159 334 1249 364 A·C·
1270 343 1342 368 ¹92·

41 416 119 441 non
139 406 334 444 differebat
359 407 514 450 bellum,
535 407 600 443 sed
629 419 774 442 summa
799 407 836 443 vi
867 407 1051 456 Gythium
1077 408 1145 444 ob·
1159 392 1342 467 {³1¹ssssch

41 470 258 517 pugnabat3
292 477 342 513 et,
366 470 534 506 infensus
562 470 727 515 Achaeis,
748 471 848 521 quod
872 462 1055 508 ‘miserant
1078 473 1147 509 ob·
1160 486 1292 519 pugnat.

41 533 150 568 sessis
180 534 409 583 praesidium,
447 547 558 584 agros
589 548 718 571 eorum
751 535 937 572 vastabat.
999 536 1146 580 Achaei,
1160 548 1271 578 Achaei
1289 547 1358 577 bel-

40 607 117 631 non
148 605 260 634 antea
289 599 370 635 ausi
399 612 593 650 capessere
625 600 779 644 bellum,
814 614 925 650 quam
952 601 999 639 ab
1023 590 1365 664 Romaffigssrigsxt‘?

39 661 281 698 revertissent
298 662 429 712 legati,
451 670 505 706 ut,
523 664 613 712 quid
632 666 779 700 senatui
795 665 975 715 placeret,
994 668 1148 712 scirent,

39 731 127 775 post
146 726 307 763 reditum
326 727 538 777 legatorum
554 734 592 764 et
609 728 809 777 Sicyonem
826 730 1027 767 concilium
1045 732 1151 768 edix-

39 798 164 835 erunt,
178 797 216 828 et
233 792 380 842 legatos
397 793 443 830 ad
462 793 508 830 T.
523 793 748 833 Quinctium
763 794 960 838 miserunt,
979 796 1042 844 qui
1058 809 1151 833 con-

40 854 165 892 silium
184 856 231 892 ab
252 869 298 892 eo
317 862 500 907 peterent.
558 856 604 892 In
623 856 787 892 concilio
808 858 977 894 omnium
1003 859 1050 894 ad
1069 858 1150 895 bel-

40 918 117 955 lum
143 919 334 970 extemplo
363 920 632 971 capessendum
661 919 853 956 inclinatae
883 923 1080 958 sententiae
1110 935 1149 959 e-

38 990 145 1019 rant:
177 983 294 1020 literae
330 984 376 1020 T.
396 984 569 1024 Quinctii
603 984 886 1020 cunctationem
923 984 1150 1035 injecerunt,

39 1046 174 1095 quibus
201 1054 333 1083 auctor
358 1053 438 1083 erat
464 1053 665 1097 praetorem
686 1046 917 1097 classemque
933 1047 1151 1086 Romanam

40 1110 296 1160 exspectandi.
331 1111 462 1147 Quum
481 1110 694 1159 principum
715 1110 778 1145 alii
798 1110 838 1146 in
859 1113 1047 1148 sententia
1065 1125 1151 1162 per-

40 1180 258 1220 manerent3
291 1173 355 1210 alii
387 1173 565 1210 utendum
589 1173 684 1224 ejus,
704 1187 814 1223 quem
840 1175 912 1224 ipsi
939 1175 1150 1212 consuluis-

40 1244 137 1281 sent,
169 1237 328 1274 consilio
361 1243 581 1282 censerent,
613 1237 818 1274 multitudo
851 1238 1149 1289 Philopoemenis

40 1302 267 1337 sententiam
301 1301 556 1352 exspectabat,
611 1301 759 1338 Praetor
796 1303 827 1337 is
866 1310 948 1339 tum
981 1309 1076 1346 erat,
1114 1310 1153 1339 et

41 1377 171 1401 omnes
195 1377 240 1401 eo
260 1371 430 1415 tempore
464 1372 501 1401 et
527 1365 727 1415 prudentia
758 1372 795 1401 et
828 1367 1056 1402 auctoritate
1083 1380 1154 1403 an-

41 1429 172 1466 teibat.
228 1429 266 1465 Is
293 1430 485 1480 praefatuS,
507 1430 590 1466 bene
614 1435 863 1478 comparatum
882 1432 982 1479 apud
1006 1431 1154 1467 AEtolos

40 1506 122 1537 esse,
143 1507 187 1530 ne
197 1500 345 1543 proetor,
364 1508 470 1543 quum
489 1496 534 1530 de
555 1495 645 1530 bello
664 1497 904 1537 consuluisset,
922 1496 996 1543 ipse
1013 1500 1152 1531 senten·

43 1560 131 1594 tiam
151 1560 304 1595 diceret:
335 1564 500 1594 statuere
519 1546 795 1607 quamprimum
825 1558 941 1607 ipsos,
964 1558 1053 1606 quid
1073 1558 1152 1594 vel·

41 1620 134 1665 lent,
148 1621 276 1672 jussit.
314 1623 510 1659 Praetorem
529 1624 671 1658 decreta
690 1634 811 1657 eorum
831 1622 996 1670 eumficle
1014 1627 1048 1657 et
1067 1634 1154 1658 cura

40 1691 307 1723 exsecuturum:
335 1688 626 1734 adnisurumque,
655 1691 709 1729 ut,
740 1692 914 1734 quantum
946 1687 983 1721 in
1008 1686 1154 1722 consilio

42 1750 197 1786 humano
222 1752 380 1799 positum
409 1754 508 1792 esset,
541 1761 606 1785 nec
633 1751 734 1798 pacis
766 1761 822 1785 eos
857 1752 1056 1797 paeniteret,
1089 1762 1154 1786 nec

43 1815 137 1852 belli.
193 1815 282 1851 Plus
303 1828 346 1851 ea
366 1816 489 1851 oratio
506 1815 689 1850 momenti
708 1814 754 1850 ad
775 1814 986 1849 incitandos
1006 1814 1052 1849 ad
1070 1813 1152 1850 bel-

42 1879 120 1916 lum
151 1879 299 1922 habuit,
330 1892 441 1928 quam
468 1880 497 1914 si
527 1885 655 1928 aperte
684 1878 876 1914 suadendo
904 1878 1152 1927 cupiditatem

42 1956 100 1980 res
135 1944 287 1992 gerendi
312 1942 550 1979 ostendisset.
608 1942 744 1990 Itaque
781 1942 927 1989 ingenti
966 1953 1153 1977 consensu

43 2008 184 2046 bellum
202 2009 392 2044 decretum
414 2013 488 2043 est:
520 2013 668 2055 tempus
689 2013 727 2041 et
747 2007 844 2041 ratio
864 2005 1153 2050 administrandi

45 2073 124 2123 ejus
140 2072 259 2109 libera
274 2072 426 2123 praetori
439 2071 620 2124 permissa
632 2076 731 2106 sunt.
764 2069 1045 2119 Philopoemen,
1056 2081 1153 2118 prae-

44 2144 217 2185 terquam
242 2135 344 2184 quod
368 2136 422 2170 ita
449 2134 632 2174 Quinctio
655 2133 835 2183 placeret,
857 2139 894 2168 et
917 2133 997 2182 ipse
1022 2132 1153 2167 existi—

45 2200 175 2237 mahat
194 2198 348 2235 classem
369 2197 585 2234 Romanam
604 2196 909 2246 exspectandam,
927 2208 1008 2244 quae
1025 2208 1046 2231 a
1058 2195 1153 2231 mari

47 2263 231 2313 Gythium
260 2262 357 2298 tueri
388 2267 529 2312 posset,
560 2261 624 2296 sed
651 2267 836 2302 metuenS,
857 2272 904 2295 ne
933 2258 1153 2294 dilationem

47 2340 106 2365 res
126 2340 203 2365 non
223 2334 428 2379 pateretur,
450 2333 488 2364 et
512 2338 590 2363 non
610 2325 792 2375 Gythium
818 2323 954 2366 solum,
977 2324 1039 2360 sed
1058 2335 1154 2374 prae·
