1523 2666
125 276 168 308 U.
181 276 219 309 C.
237 283 311 309 ⁵52.

122 320 165 352 A.
180 321 217 352 C.
236 328 311 353 200.

122 790 277 831 Explora-

122 840 205 865 tores
222 835 288 865 Ro-

121 879 212 908 mani
228 880 267 908 et‘

122 920 277 952 Macedo-

121 974 178 995 nes
195 974 274 995 con-

121 1015 266 1041 currunt.

120 2278 272 2309 Macedo-

121 2332 176 2352 nCS
184 2328 304 2352 tessen-

118 2372 169 2397 tur
185 2374 265 2396 con-

319 184 405 227 310
781 182 826 211 Τ.
851 183 984 213 mvn

323 272 437 317 circa,
452 283 706 323 pavoremque
720 271 916 322 ingentem
932 273 1132 311 hominum
1150 274 1352 313 cernebat:
1375 279 1441 315 sed

321 350 456 390 parum
484 349 638 388 gnaruS,
666 349 778 386 quam
806 344 954 388 partem
982 339 1143 389 petisset
1168 340 1317 384 consul,
1338 340 1438 378 alam

319 402 490 452 equitum
510 401 558 438 ad
573 400 861 452 explorandum,
882 415 1049 452 quonam
1068 402 1198 440 hostes
1219 405 1293 440 iter
1310 405 1438 441 inten-

318 467 476 510 dissent,
510 467 625 503 misit.
700 465 808 502 Idem
841 479 947 503 error
978 467 1078 518 apud
1115 467 1311 504 consulem
1344 474 1439 506 erat.

315 531 489 569 Movisse
508 544 554 568 ex
572 530 741 567 hibernis
767 543 895 580 regem
925 532 1084 576 sciebat,
1106 545 1219 582 quam
1243 533 1441 582 regionem

316 597 476 648 petisset
512 597 716 644 ignorans:
763 595 793 631 is
829 609 981 646 quoque
1017 597 1252 647 speculatum
1284 598 1441 634 miserat

317 662 477 711 equites.
535 660 608 697 Hae
629 661 712 697 duae
732 660 800 697 alae
819 674 866 697 ex
884 661 1047 705 diverso,
1065 675 1181 711 quum
1201 663 1264 699 diu
1283 662 1439 699 incertis

317 725 518 763 itineribus
538 732 683 775 vagatae
704 738 770 776 per
795 724 1039 762 Dassaretios
1061 733 1202 769 essent,
1223 726 1378 762 tandem
1400 727 1445 764 in

317 803 436 828 unum
455 791 528 828 iter
547 797 819 828 convenerunt.
877 791 1048 827 Neutros
1072 789 1224 834 fefellit,
1244 797 1287 826 ut
1310 790 1439 827 fremi-

316 862 378 892 tus
394 856 529 907 procul
543 856 742 893 hominum
758 868 1018 905 equorumque
1039 855 1240 892 exauditus
1257 861 1328 900 est,
1347 855 1438 891 hos-

316 926 373 956 tes
395 920 713 970 adpropinquare.
770 919 907 968 Itaque
925 920 1044 970 prius,
1067 932 1180 968 quam
1199 920 1238 956 in
1256 931 1439 970 conspec-

317 991 399 1022 tum
418 986 605 1029 venirent,
626 996 743 1034 equos
764 996 944 1034 armaque
965 984 1231 1035 expedierant:
1264 996 1335 1020 nec
1354 996 1438 1020 mo-

314 1062 371 1094 ra,
407 1049 474 1087 ubi
507 1049 672 1101 primum
700 1050 851 1086 hostem
884 1050 1023 1094 videre,
1056 1049 1306 1086 concurrendi
1337 1049 1441 1088 facta

314 1121 384 1152 est.
440 1114 559 1151 Forte
578 1121 617 1151 et
634 1127 794 1151 numero
812 1121 849 1151 et
866 1115 1020 1159 virtute,
1039 1121 1174 1166 utpote
1194 1114 1283 1152 lecti
1304 1115 1439 1152 utrim-

314 1193 402 1230 que,
422 1180 526 1217 haud
554 1180 719 1231 inpares,
742 1180 856 1230 aequis
881 1180 1024 1216 viribus
1054 1193 1121 1230 per
1150 1178 1298 1229 aliquot
1323 1179 1437 1216 horas

313 1251 546 1296 pugnarunt.
603 1244 797 1294 Fatigatio
813 1245 983 1295 ipsorum
1001 1257 1274 1294 equorumque,
1291 1245 1438 1281 incerta

313 1310 489 1353 victoria,
511 1309 661 1347 diremit
678 1309 867 1360 proelium.
906 1309 1166 1346 Macedonum
1186 1309 1440 1358 quadraginta

315 1374 476 1422 equites,
497 1373 764 1410 Romanorum
781 1373 949 1422 quinque
969 1378 1007 1409 et
1026 1372 1187 1421 triginta
1206 1372 1437 1410 ceciderunt.

315 1438 454 1488 Neque
474 1451 520 1475 eo
541 1439 661 1489 magis
683 1437 872 1489 explorati
892 1437 1113 1487 quidquam,
1134 1437 1174 1473 in
1191 1450 1265 1486 qua
1281 1437 1438 1486 regione

315 1509 442 1540 castra
459 1503 629 1540 hostium
649 1509 789 1546 essent,
811 1509 877 1539 aut
907 1502 963 1540 illi
991 1503 1036 1539 ad
1063 1514 1205 1551 regem,
1227 1507 1294 1538 aut
1321 1502 1362 1538 hi
1390 1502 1439 1539 ad

315 1568 514 1605 consulem
542 1568 777 1606 retulerunt:
809 1580 877 1618 per
904 1566 1119 1615 transfugas
1143 1566 1341 1616 cognitum
1364 1573 1435 1609 est,

315 1644 411 1682 quos
439 1631 572 1669 levitas
599 1632 855 1682 ingeniorum,
877 1631 924 1667 ad
951 1631 1236 1680 cognoscendas
1267 1631 1437 1667 hostium

316 1709 391 1740 nes,
411 1698 451 1733 in
471 1697 648 1734 omnibus
668 1696 777 1733 bellis
798 1695 954 1746 praebet.

370 1760 569 1800 XXXIV.
598 1761 813 1812 Philippus,
834 1760 976 1810 aliquid
997 1765 1035 1797 et
1054 1760 1101 1798 ad
1121 1760 1320 1797 caritatem
1349 1771 1437 1796 suo-

315 1838 414 1869 rum,
437 1834 474 1862 et
495 1832 535 1862 ut
555 1827 740 1877 promtius
761 1839 831 1877 pro
852 1838 897 1861 eo
918 1824 1128 1875 periculum
1148 1824 1313 1868 adirent,
1333 1831 1437 1860 ratus

313 1889 574 1940 profecturum
597 1903 649 1934 se,
672 1890 701 1925 si
723 1890 908 1939 equitum,
931 1889 995 1938 qui
1025 1889 1240 1925 ceciderant
1259 1888 1298 1924 in
1322 1900 1437 1939 expe-

315 1955 476 1998 ditione,
495 1954 797 2005 sepeliendorum
825 1967 953 1991 curam
981 1954 1193 1996 habuisset,
1215 1952 1351 1989 adferri
1372 1964 1435 1988 eos

314 2019 355 2055 in
374 2017 640 2068 castrajussit,
658 2024 699 2054 ut
720 2019 1005 2068 conspiceretur
1025 2018 1073 2054 ab
1094 2017 1271 2054 omnibus
1292 2017 1435 2054 funeris

315 2084 453 2121 honos,
509 2083 620 2121 Nihil
649 2091 727 2120 tam
753 2085 941 2121 incertum
967 2097 1037 2121 nec
1062 2090 1142 2120 tam
1171 2083 1435 2119 inaestimabile

315 2155 386 2192 est,
415 2136 527 2198 quarn
553 2149 669 2185 animi
699 2148 972 2185 multitudinis:
1005 2148 1107 2198 quod
1133 2148 1361 2198 promtiores
1388 2147 1434 2184 ad

315 2212 551 2251 subeundam
581 2226 733 2250 omnem
763 2214 1048 2250 dimicationem
1082 2212 1283 2249 videbatur
1310 2211 1434 2254 factu-

316 2290 413 2321 rum,
434 2279 472 2315 id
492 2284 634 2315 metum
650 2279 918 2329 pigritiamque
934 2279 1115 2315 incussit:
1138 2290 1241 2321 narn,
1263 2277 1326 2327 qui
1345 2277 1433 2314 has-

315 2343 363 2378 tis
385 2344 610 2395 sagittisque
630 2350 668 2381 et
687 2357 772 2381 rara
787 2343 927 2381 lanceis
943 2343 1099 2381 vulnera
1115 2341 1217 2380 facta
1236 2342 1430 2389 vidissent,

1521 917 1523 971 ⁴

1521 977 1523 1023 Ι
