1507 2656
319 163 474 191 LIBER
498 162 618 190 XXX·
651 160 758 190 CAP.
782 163 936 192 xvln.
1097 164 1178 208 235

71 251 163 300 qnod
186 251 439 287 conlaudatum
461 262 529 298 pro
553 252 717 287 concione
742 253 969 299 amplissimis
983 253 1180 290 decorasset
1193 259 1235 290 U.
1249 260 1284 290 C.
1304 266 1376 291 549.

68 316 189 351 donis:
219 314 340 363 quibus
359 327 402 350 ne
421 316 586 361 indignus
600 319 700 357 esset,
721 319 756 350 ct
775 317 909 351 dedisse
928 328 1074 364 operam
1093 319 1179 354 Ma-
1191 305 1231 334 A.
1245 303 1282 334 C·
1295 308 1370 335 ²⁰¹³*

10 379 11 400 ³
65 380 239 422 sinissam,
269 383 303 415 et
325 391 436 427 porro
465 380 634 415 daturum
663 391 745 416 esse.
804 381 943 423 Petere,
972 386 1012 416 ut
1041 384 1180 429 regium

66 454 191 479 nomen
213 447 396 491 ceteraque
421 443 601 491 Scipionis
629 443 794 492 beneficia
813 449 848 479 et
866 456 1014 480 munera
1038 451 1180 482 senatus

68 507 207 542 decreto
227 507 472 555 confirmaret:
503 511 551 549 ei,
572 508 637 542 nisi
656 508 844 543 molestum
862 513 961 551 esset,
981 509 1072 544 ill-ml
1090 522 1178 557 quo-

66 585 132 620 que
146 578 266 621 petere
289 573 526 616 Masinissam,
543 578 584 609 ui
599 573 779 608 Numidas
795 574 965 620 captivos,
982 575 1042 620 qui
1055 572 1180 610 Romae

65 639 101 672 in
128 638 290 673 custodia
315 642 438 680 esseni,
460 639 693 673 remitterent.
752 638 798 672 Id
816 637 882 672 sibi
900 639 1061 685 amplum
1081 639 1179 685 apud

64 702 254 749 populares
267 701 444 750 futurum
469 714 550 738 esse.
607 701 668 737 Ad
690 713 735 737 ea
766 713 991 751 responsum
1014 701 1175 749 legatis:

67 764 201 801 Rerum
230 771 412 812 gesturum
442 767 479 801 in
507 765 638 813 Africa
661 777 831 814 prospere
859 777 1078 802 communem
1113 765 1179 800 sibi

64 841 142 864 cum
173 841 254 876 rege
284 831 565 877 gratulationem
592 842 673 867 esse.
731 830 936 878 Scipionem
954 834 1047 865 recte
1071 834 1178 877 atque

63 894 188 928 ordine
206 895 321 929 videri
329 895 476 942 fecisse,
494 896 588 942 quod
605 907 682 930 eum
702 907 819 942 regern
837 895 1074 942 adpellaverit
1087 910 1099 930 .·
1128 898 1175 937 et,

63 958 236 1005 quidquid
254 959 355 993 aliud
370 958 519 1006 fecerit,
541 961 635 1006 quod
659 961 759 995 cordi
774 959 879 1007 foret
904 959 1115 1001 IUasinissoe,
1136 970 1179 994 ea

63 1023 191 1058 Patres
216 1024 443 1071 comprobare
468 1029 574 1072 atque
601 1025 763 1060 laudare.
820 1022 998 1064 Munera,
1019 1035 1102 1070 quae
1122 1021 1177 1057 le-

62 1086 141 1134 gati
160 1086 301 1122 ferrent
326 1087 421 1135 regi,
442 1087 710 1124 decreverunt:
744 1086 875 1135 sagula
894 1098 1080 1136 purpurea
1101 1086 1176 1121 duo

60 1164 146 1187 cum
165 1151 287 1188 fibulis
315 1153 434 1188 aureis
456 1153 629 1201 siugulis,
653 1160 692 1188 et
716 1152 796 1188 lato
817 1152 925 1188 clavo
945 1151 1104 1187 tunicis:
1137 1156 1176 1186 et

0 1216 2 1247 l
59 1226 175 1263 equos
196 1215 270 1251 duo
290 1215 529 1264 phaleraffos:
562 1216 655 1252 bina
674 1216 863 1264 equestria
883 1228 988 1251 arma
1009 1227 1096 1251 cum
1115 1212 1175 1249 lo-

59 1279 169 1314 ricis:
212 1285 250 1314 et
282 1279 539 1321 tabernacula,
571 1280 847 1328 militaremque
881 1276 1172 1328 supellectilem,

2 1358 3 1362 ¹
59 1342 204 1391 qualem
234 1343 391 1392 praeberi
417 1343 562 1380 consuli
587 1356 668 1379 mos
689 1349 799 1380 esset.
857 1343 952 1379 Haec
973 1343 1051 1390 regi
1073 1354 1170 1391 prae-

58 1413 120 1442 tor
145 1407 292 1443 mittere
316 1407 444 1457 jussus
462 1422 469 1443 ε
502 1407 634 1457 legatis
656 1409 693 1444 iu
721 1407 889 1456 singulos
911 1408 1011 1443 dona
1031 1419 1078 1442 ne
1098 1406 1169 1441 mi-

56 1482 126 1506 nus
148 1470 304 1518 quinfim
323 1472 496 1513 millium,
511 1472 713 1508 comitibus
731 1485 861 1507 eorum
882 1471 1042 1507 millium
1060 1471 1141 1506 aeris
1157 1485 1166 1505 ε

0 1551 2 1573 ς
58 1539 96 1570 et
113 1534 337 1571 vestimenta
356 1535 446 1570 bina
466 1535 614 1584 legatiS,
636 1535 786 1584 singula
807 1534 1009 1571 comitibus
1031 1534 1170 1570 Numi-

57 1597 200 1646 disque,
223 1599 286 1647 qui
313 1612 357 1635 ex
382 1600 555 1636 custodia
574 1601 700 1635 emissi
725 1600 970 1636 redderentur
989 1599 1087 1647 regi:
1122 1598 1167 1634 ad

0 1678 1 1681 ¹
56 1661 129 1700 hoc
150 1663 245 1698 aedes
266 1662 406 1706 liberae,
427 1663 524 1707 loca,
546 1664 665 1701 lautia
683 1664 817 1712 legatis
839 1664 1005 1700 decreta.

108 1725 263 1762 XVIII.
292 1726 436 1762 Eadem
464 1734 607 1770 aestate,
628 1741 702 1776 qua
727 1729 808 1764 haec
834 1728 986 1764 decreta
1013 1725 1165 1769 Romae,

54 1795 93 1825 et
110 1789 150 1826 in
168 1789 299 1826 Africa
318 1796 426 1839 gesta
445 1798 546 1835 sunt,
575 1792 616 1828 P.
633 1793 865 1831 Quinctilius
886 1792 1007 1827 Varus
1026 1797 1166 1841 praetor
1180 1801 1332 1835 pfoeuum

56 1860 95 1890 et
112 1852 168 1891 M.
190 1854 387 1890 Cornelius
408 1856 612 1905 proconsul
631 1857 671 1892 in
688 1869 780 1905 agro
801 1856 1018 1892 Insubrium
1033 1855 1164 1891 Gallo·
1180 1855 1263 1919 ⁰33}
1274 1847 1346 1878 Ma·

56 1933 140 1956 rum
159 1932 241 1956 cum
270 1920 440 1970 Magone
463 1921 585 1958 Poeno
612 1923 727 1971 siguis
754 1922 914 1958 conlatis
936 1899 1199 1971 pugnarunt.g
1267 1911 1274 1921 ⁰

51 1982 229 2020 Praetoris
252 1983 420 2032 legiones
442 1986 482 2021 in
500 1987 623 2035 prima
649 1988 729 2022 acie
755 1986 929 2022 fuerunt:
964 1985 1165 2022 Cornelius

51 2059 136 2083 suas
162 2049 201 2084 in
230 2048 403 2085 subsidiis
433 2051 571 2093 tenuit,
603 2050 682 2100 ipse
710 2051 755 2086 ad
790 2051 912 2100 prima
938 2051 1047 2098 signa
1066 2062 1164 2098 equo

52 2110 249 2147 advectus:
281 2125 423 2161 proque
454 2113 600 2149 duobus
636 2113 814 2150 cornibus
842 2120 983 2163 praetor
1011 2126 1055 2149 ac
1074 2126 1164 2162 pro-

51 2173 184 2210 consul
203 2174 337 2212 milites
359 2177 404 2212 ad
432 2177 627 2213 inferenda
656 2178 697 2213 iu
727 2177 857 2213 hostes
889 2178 998 2225 signa
1017 2189 1164 2213 summa

51 2237 88 2273 vi
107 2237 368 2276 hortabantur.
408 2240 617 2290 Postquam
636 2241 732 2277 nihil
751 2240 1059 2283 commovebant,
1079 2246 1161 2277 tum

53 2301 231 2338 Cornelio
258 2304 514 2342 Quinctilius:
547 2306 710 2348 Lentior,
738 2311 779 2342 ut
807 2306 916 2349 vides,
934 2306 987 2354 fit
1012 2317 1158 2353 pugna:

49 2371 82 2403 et
102 2367 288 2403 induratus
302 2374 434 2417 proeter
450 2382 548 2419 spem
566 2372 760 2408 resistendo
778 2370 933 2408 hostium
954 2372 1085 2406 timor:
1106 2382 1163 2412 ac,
