1523 2666
277 205 361 247 350
738 205 781 232 Τ.
810 205 940 232 LXVII

60 299 245 331 U.C.554.
280 293 330 329 ris
363 292 518 329 urbibus
548 291 708 328 Euboeae
742 293 841 328 intra
871 293 948 329 dies
982 306 1123 343 paucos
1158 297 1292 346 captis,
1323 299 1396 334 cir-

60 343 100 373 Λ·
117 343 152 372 C'
174 350 246 376 ³⁹⁸·
281 363 484 393 cumvectae
507 357 663 392 Sunium
677 357 816 392 Atticae
833 365 940 393 terrae
962 361 1280 407 promontorium,
1296 361 1396 397 Cen-

63 426 161 454 Atrax
180 435 248 463 per·
279 423 408 458 chreas
438 422 724 458 Corinthiorum
751 424 960 472 emporium
992 424 1194 472 petierunt.
1252 426 1398 462 Consul

63 474 208 498 tlnaciter

61 511 241 541 defenditur
278 487 428 523 interim
457 486 627 522 omnium
658 498 723 534 spe
751 486 964 533 longiorem
995 490 1298 538 atrocioremque
1328 489 1397 526 ob-

277 551 551 601 pugnationem
579 549 734 584 habuit:
769 557 806 584 et
826 562 883 592 ea,
905 563 978 598 qua
999 552 1195 588 minimum
1218 554 1397 590 credidis-

278 621 348 658 set,
381 614 609 650 resistebant
642 613 798 648 hostes:
846 626 932 649 nam
970 627 1120 651 omnem
1155 617 1324 654 laborem
1358 620 1398 655 in

277 692 386 714 muro
413 678 595 714 diruendo
622 677 831 713 crediderat
859 677 967 723 fore3
1009 680 1038 714 si
1069 681 1212 716 aditum
1243 684 1396 719 armatis

277 743 316 778 in
348 743 478 779 urbem
509 741 764 792 patefecisset,
796 741 925 789 fugam
952 743 1039 779 inde
1069 745 1282 794 caedemque
1308 747 1398 783 hos-

277 810 372 845 tium
392 809 489 851 fore,
512 807 631 857 qualis
654 809 772 857 captis
795 808 950 843 urbibus
973 808 1051 844 fieri
1076 809 1197 845 solet:
1231 818 1397 847 ceterum

277 883 494 924 postquam,
526 879 633 922 parte
664 873 759 907 muri
794 873 974 908 arietibus
1006 874 1174 916 decussa,
1202 887 1268 924 per
1298 875 1397 924 ipsas

277 940 405 975 ruinas
425 937 740 974 transcenderunt
761 938 797 972 in
822 938 950 973 urbem
971 939 1120 981 armati,
1142 939 1233 974 illud
1257 941 1398 989 priuci-

278 1004 381 1053 pium
413 1002 514 1038 velut
547 1002 635 1038 novi
667 1009 781 1051 atque
812 1002 949 1050 integri
984 1002 1122 1038 laboris
1153 1003 1237 1039 fuit.
1295 1003 1399 1040 Nam

277 1068 525 1110 liacedones,
543 1068 605 1116 qui
628 1068 663 1102 in
685 1067 859 1116 praesidio
880 1074 985 1102 erant
1007 1074 1043 1102 et
1063 1067 1171 1103 multi
1189 1074 1226 1104 et
1246 1068 1396 1112 delecti,

279 1133 439 1182 gloriam
469 1133 581 1169 etiam
613 1133 803 1181 egregiam
824 1133 910 1175 rati,
932 1133 963 1167 si
983 1133 1096 1168 armis
1116 1134 1243 1182 potius
1264 1140 1302 1169 et
1321 1135 1396 1170 vir-

276 1205 373 1241 tute,
412 1211 523 1247 quam
562 1198 765 1239 moenibus,
807 1197 937 1233 urbem
970 1205 1182 1242 tuerentur,
1218 1199 1394 1242 conferti,

277 1262 446 1312 pluribus
486 1264 667 1298 introrsus
714 1263 910 1298 ordinibus
943 1264 1035 1299 ‘acie
1081 1264 1241 1307 firmata,
1281 1277 1396 1313 quum

277 1327 541 1362 transcendere
570 1327 695 1362 ruinas
723 1329 929 1364 sensissent
958 1328 1172 1372 Romanos,
1197 1342 1264 1379 per
1289 1331 1396 1380 inpe-

277 1391 396 1427 ditum
423 1404 465 1426 ac
493 1390 679 1427 difficilem
709 1392 755 1427 ad
785 1399 978 1442 receptum
1008 1392 1133 1429 locum
1158 1394 1395 1443 expulerunt.

278 1455 322 1491 Id
338 1454 471 1491 consul
488 1468 586 1503 aegre
600 1468 747 1505 passus,
764 1469 833 1492 nec
850 1470 931 1493 eam
955 1458 1200 1506 ignominiam
1218 1459 1263 1494 ad
1286 1460 1394 1496 unius

277 1519 391 1555 modo
426 1520 685 1569 expugnandae
718 1534 862 1557 moram
897 1521 1014 1564 urbis,
1043 1522 1106 1558 sed
1133 1522 1178 1558 ad
1209 1535 1392 1560 summam

277 1585 440 1619 universi
471 1584 574 1626 belli,
606 1585 795 1634 pertinere
832 1595 949 1629 ratus,
981 1587 1082 1635 quod
1116 1600 1161 1623 ex
1192 1589 1393 1625 momentis

275 1660 473 1698 parvarum
495 1648 714 1698 plerumque
740 1663 863 1685 rerum
894 1650 1088 1699 penderet,
1110 1659 1273 1700 purgato
1292 1651 1393 1695 loco,

276 1712 340 1761 qui
370 1720 496 1761 strage
517 1714 686 1748 semiruti
708 1715 802 1749 muri
825 1714 1037 1750 cumulatus
1059 1722 1152 1758 erat,
1174 1722 1315 1752 turrem
1336 1718 1394 1752 in·-

275 1778 398 1826 gentiS
433 1777 656 1821 altitudinis,
690 1791 867 1826 magnam
898 1780 972 1815 vim
1003 1788 1235 1816 armatorum
1265 1781 1393 1817 multi-

275 1841 360 1892 plici
384 1842 557 1879 tabulato
577 1850 809 1892 portantem,
832 1845 1048 1893 promovit:
1083 1852 1120 1881 et
1146 1846 1323 1883 cohortes
1352 1847 1392 1883 in

272 1907 394 1943 vicem
423 1907 491 1943 sub
524 1908 656 1956 signiS‚
681 1921 763 1957 quae
794 1922 954 1945 cuneum
986 1910 1256 1954 Macedonum,
1282 1912 1394 1962 (pha-

270 1970 421 2021 langem
455 1972 525 2022 ipsi
561 1974 714 2015 vocant)
745 1975 774 2009 si
813 1981 981 2024 possent,
1020 1975 1052 2009 vi
1091 1982 1390 2026 perrumperent,

272 2036 483 2073 emittebat.
543 2038 614 2073 Sed
635 2038 682 2073 ad
711 2038 794 2074 loca
814 2047 991 2088 angusta,
1014 2040 1114 2075 haud
1143 2039 1219 2076 late
1238 2047 1392 2090 patente

272 2100 472 2136 intervallo
509 2102 621 2137 diruti
661 2104 771 2145 muri,
805 2117 923 2151 genus
959 2117 1150 2140 armorum
1180 2118 1393 2155 pugnaeque

271 2165 372 2201 hosti
395 2167 518 2215 aptius
540 2174 646 2202 erat:
682 2167 743 2203 ubi
765 2169 926 2204 conferti
955 2170 1082 2205 hastas
1113 2170 1278 2218 ingentis
1308 2170 1395 2206 lon·-

270 2229 453 2277 gitudinis
492 2244 568 2281 prae
603 2244 641 2268 sc
675 2232 907 2270 Macedones
942 2233 1185 2284 objecissent,
1217 2234 1320 2271 velut
1351 2235 1391 2271 in

268 2302 529 2332 constructam
567 2297 753 2334 densitate
793 2298 1001 2349 clipeorum
1038 2300 1268 2335 testudinem
1307 2299 1391 2336 Ro-

268 2360 386 2404 mani,
417 2359 503 2411 pilis
538 2361 792 2412 nequidquam
820 2364 979 2408 emissis,
1007 2376 1123 2413 quum
1150 2363 1391 2400 strinxissent

1486 2569 1494 2585 i·

1510 2549 1518 2666 .—
