1507 2656
326 147 482 177 mmm
506 143 656 174 xxm.
689 142 797 172 CAP.
820 143 928 173 xiv.
1099 131 1179 185 287

71 238 132 275 Ea
150 227 209 274 uti
226 237 370 281 fierent,
399 236 443 273 C.
463 235 639 272 Aurelius
660 233 794 271 consul
819 247 866 270 ex
885 234 1183 271 decemvirorum
1195 243 1238 274 U.
1247 243 1286 274 C.
1305 250 1380 277 552.

74 315 257 354 responso
276 303 432 339 curavit.
490 301 667 342 Carmen,
695 299 792 334 sicut
821 305 972 348 patrum
1001 287 1284 336 memoriaA·C·
1304 293 1380 320 2⁰⁰·

75 366 220 411 Livius,
242 367 296 402 ita
313 372 394 402 tum
415 364 586 401 condidit
604 363 648 400 P.
664 362 836 400 Licinius
854 361 1014 411 Tegula.

128 431 246 468 XIII.
275 430 449 480 Expiatis
466 428 643 465 omnibus
663 428 926 477 religionibus,
948 428 1053 476 (nam
1069 427 1183 464 etiam
1196 433 1333 482 Redditzr

73 495 207 534 Locris
224 494 462 543 sacrilegium
478 494 773 544 pervestigatum
790 507 813 530 a
831 494 880 533 Q.
895 492 1070 529 Minucio
1087 498 1181 536 erat,
1194 478 1390 561 {ggzenrsspae

72 560 309 611 pecuniaque
325 571 371 595 ex
385 558 496 594 bonis
510 558 714 594 noxiorum
728 559 768 594 in
782 558 980 594 thesauros
997 557 1182 608 reposita)

73 636 188 673 quum
209 621 381 659 consules
401 622 439 657 in
465 622 678 672 provincias
700 621 890 672 proficisci
914 620 1075 658 vellent:
1107 621 1187 672 pri·-

71 687 150 723 vati
171 687 404 736 frequentes,
426 685 560 735 quibus
582 699 628 721 ex
654 686 829 736 pecunia,
857 699 969 734 quam
995 685 1053 722 M.
1072 684 1187 721 Vale-

73 753 144 795 rio,
165 751 221 788 M.
244 751 402 787 Claudio
423 750 641 787 consulibus
662 756 834 787 mutuam
854 750 1050 792 dederant,
1072 750 1187 786 tertia

73 817 205 867 pensio
226 815 434 852 debebatur
460 828 505 851 eo
525 828 640 858 anne,
669 815 842 851 adierunt
869 819 1064 851 senatum:
1098 814 1187 863 quia

73 879 262 922 consules,
279 892 395 927 quum
411 880 459 915 ad
472 892 614 915 novum
626 878 783 921 bellum,
801 879 902 927 quod
914 891 1052 928 magna
1067 877 1187 914 classe

73 942 296 991 magnisque
315 942 542 978 exercitibus
567 942 774 990 gerendum
795 948 907 985 esset,
927 943 991 978 vix
1014 942 1187 978 aerarium

73 1006 286 1048 snbficeret,
320 1011 554 1054 negaverant
584 1017 679 1047 esse,
715 1005 813 1040 unde
841 1005 886 1040 iis
917 1006 956 1041 in
985 1006 1189 1055 praesentia

74 1069 294 1107 solveretur.
351 1070 512 1106 Senatus
534 1076 732 1118 querentes
759 1082 805 1105 eo
827 1082 905 1105 non
932 1070 1126 1112 sustinuit,
1146 1070 1189 1106 Si,

69 1137 107 1172 in
127 1136 307 1172 Punicum
326 1135 455 1171 bellum
465 1136 620 1183 pecunia
639 1135 741 1177 (lata,
764 1136 799 1170 in
814 1135 1086 1171 Macedonicum
1101 1146 1188 1183 quo-

74 1213 140 1248 que
159 1201 290 1237 bellum
316 1201 371 1236 uti
395 1200 596 1247 respublica
621 1200 748 1244 vellet,-
777 1201 860 1236 aliis
877 1212 918 1236 ex
936 1201 1019 1236 aliis
1039 1200 1188 1236 orienti-

73 1266 136 1301 bus
163 1266 275 1308 bellis,
300 1267 386 1313 quid
411 1265 513 1301 aliud
536 1277 644 1313 quam
667 1265 900 1312 publicatam,
922 1277 989 1312 pro
1009 1264 1186 1314 beneficio,

77 1335 262 1378 tamquam
287 1330 329 1366 ob
348 1341 489 1371 noxam,
519 1341 621 1365 suam
644 1331 833 1377 pecuniam
850 1328 970 1378 fore?
1001 1329 1130 1368 Quum
1150 1335 1187 1365 et

75 1394 212 1444 privati
233 1406 380 1441 aequum
406 1392 657 1443 postularent,
678 1406 747 1429 nec
768 1400 895 1429 tamen
916 1392 1096 1429 solvendo
1117 1404 1188 1429 aere

75 1457 199 1493 alieno
219 1456 431 1507 respublica
452 1464 562 1499 esset,
585 1457 686 1505 quod
719 1457 884 1493 medium
916 1457 1017 1493 inter
1040 1469 1188 1506 aequum

75 1528 114 1558 et
131 1521 223 1557 utile
245 1527 339 1565 erat,
367 1521 626 1564 decreverunt,
655 1522 716 1564 Ut,
744 1523 912 1570 quoniam
941 1533 1073 1569 magna
1100 1533 1190 1570 pars

73 1598 194 1622 eorum
212 1599 318 1634 agros
335 1588 441 1634 vulgo
461 1589 600 1623 venales
619 1600 690 1624 esse
709 1590 854 1631 (liceret,
876 1594 910 1624 et
928 1588 1067 1624 sibimet
1086 1590 1190 1625 emtis

75 1664 162 1700 opus
180 1664 250 1688 esse
261 1669 273 1696 ,·
303 1654 384 1699 agri
407 1653 552 1699 publici,
575 1655 636 1700 qui
656 1655 754 1688 intra
773 1655 1106 1701 quinquagesimum
1134 1655 1189 1690 la-

71 1717 193 1764 pidem
212 1721 310 1758 esset,
332 1717 433 1764 copia
453 1718 622 1764 iiic-fieret.
661 1718 827 1753 Consules
845 1729 972 1764 agrum
991 1720 1188 1754 cesthnatu-

75 1792 146 1823 ros,
168 1785 202 1816 et
220 1782 256 1816 in
265 1779 399 1827 jugera
418 1792 508 1816 asses
526 1782 728 1828 vectigales,
753 1783 907 1817 testandi
929 1794 1054 1817 caussa
1066 1783 1187 1830 publi-

76 1857 158 1881 cum
176 1857 303 1893 agrum
322 1857 404 1888 esse,
427 1847 661 1893 inposituros;
692 1851 745 1889 ut,
766 1848 796 1882 si
815 1847 906 1894 quis,
927 1858 1035 1894 quum
1054 1848 1190 1883 solvere

73 1914 189 1958 posset
204 1912 371 1958 populus,
389 1911 578 1958 pecuniam
600 1910 738 1952 habere,
760 1922 867 1958 quam
887 1923 1029 1958 agrum,
1045 1913 1186 1955 mallet,

74 1976 273 2010 restitueret
305 1987 433 2022 agrum
466 1977 614 2023 populo.
671 1975 771 2011 Laeti
808 1987 891 2011 cam
928 1975 1186 2013 conditionem

75 2037 211 2087 privati
244 2049 433 2087 accepere.
500 2038 693 2074 Trientius
727 2038 987 2088 Tabuliusque
1016 2039 1045 2074 is
1081 2052 1184 2088 ager,

76 2101 164 2149 quia
180 2113 250 2150 pro
268 2102 381 2136 tertia
395 2108 503 2151 parte
521 2103 690 2152 pecuniae
712 2103 820 2138 datus
841 2109 934 2146 erat,
951 2103 1173 2155 adpellatus,

130 2164 241 2201 XIV.
269 2164 368 2201 Tum
397 2166 439 2202 P.
457 2166 659 2216 Sulpicius,
681 2167 883 2203 secundum
904 2175 993 2204 vota
1011 2169 1048 2204 in
1071 2170 1184 2219 Capi·
1197 2168 1358 2220 Sulpicius

76 2227 172 2265 tolio
192 2235 422 2279 nuncupata,
443 2229 643 2280 paludatus
665 2244 749 2267 cum
774 2231 972 2268 lictoribus
992 2232 1183 2283 profectus
1197 2220 1223 2245 ’ἴ
1241 2225 1272 2244 ¹¹¹
1290 2215 1400 2248 Mac«-

1196 2259 1216 2288 d
1264 2258 1270 2264 .

75 2292 122 2330 ab
157 2292 263 2337 urbe,
293 2293 538 2332 Brundisium
562 2296 680 2340 venit,
709 2302 761 2340 et,
783 2295 973 2334 veteribus
1003 2296 1185 2336 militibus
1218 2266 1340 2290 mnam·
