1507 2656
335 200 490 228 LIBER
515 198 683 229 XXVII.
716 197 824 227 CAP.
847 197 993 228 XXVI·
1165 198 1221 241 43

106 287 293 332 oonsules,
325 288 481 337 ingenio
500 287 662 331 feroces,
689 299 808 338 prope
834 286 1005 337 quotidie
1031 286 1070 323 in
1100 287 1222 324 aciem
1235 293 1278 325 U.
1290 293 1327 325 C.
1343 294 1418 327 544.

103 355 229 400 exire3
262 353 363 389 haud
382 352 497 389 dubia
523 365 603 402 spe,
632 353 663 388 si
690 352 838 389 duobus
869 350 1096 389 exercitibus
1128 365 1220 389 con·
1232 338 1415 370 A·C·²⁰⁸·

206 419 214 427 .
317 417 326 425 .
427 418 433 425 .
615 418 622 425 .
648 417 656 424 .
964 417 971 424 .
1209 418 1216 426 .
1233 392 1341 423 Ambo
1353 402 1436 424 coss.

103 418 287 454 sularibus
308 425 455 468 =junctis
486 423 738 454 commxsrsset
764 429 845 453 sese
870 417 1008 460 hostis,
1038 416 1366 475 debellffl'lobpositi

99 494 223 532 posse.
1231 478 1422 511 Hannibali.

153 545 306 583 XXVI.
337 544 535 582 Hannibal
555 546 643 595 quia
673 557 758 582 cum
783 544 970 582 Marcello
997 543 1056 581 bis
1089 545 1217 596 priore

97 623 198 647 anno
225 623 449 660 congressus
470 611 613 648 vicerat
631 611 829 661 victusque
850 616 944 654 erat,
964 615 1021 653 ut,
1042 623 1129 647 cum
1149 623 1215 647 eo-

94 675 178 711 dem
209 676 239 711 si
259 675 515 712 dimicandum
534 675 648 720 foret,
669 688 740 712 nec
767 688 886 725 spem,
907 688 978 712 nec
1003 681 1148 712 metum
1167 688 1215 714 ex

94 752 194 776 vano
213 740 372 777 haberet
385 756 396 787 5
428 741 483 776 ita
501 740 649 777 duobus
673 740 892 777 consulibus
919 741 1214 790 haudquaquam

92 816 173 840 sese
192 817 322 855 parem
340 804 511 841 futurum
537 804 738 841 credebat:
770 805 914 854 itaque,
935 810 1038 840 totus
1065 805 1105 840 in
1125 815 1211 841 suas

88 874 187 904 artes
207 880 349 911 versus,
370 868 516 904 insidiis
535 867 662 905 locum
683 867 888 917 quaerebat.
941 868 1063 905 Levia
1080 874 1212 906 tamen

87 931 224 984 proelia
241 931 342 969 inter
365 932 459 969 bina
484 939 609 970 castra
633 934 739 970 vario
767 941 905 970 eventu
924 933 1091 970 fiebant:
1124 933 1209 983 qui-

87 995 158 1034 bus
178 1009 295 1046 quum
315 997 462 1034 extrahi
481 1003 653 1034 aestatem
671 1009 784 1048 posse
800 997 974 1034 consules
995 997 1207 1042 crederent,

85 1060 335 1098 nihilominus
356 1061 571 1112 obpugnari
589 1061 736 1098 Locros
757 1074 869 1113 posse
888 1061 975 1105 rati,
991 1060 1039 1098 L.
1054 1060 1206 1105 Cincio,

86 1132 130 1162 ut
149 1139 196 1163 ex
216 1126 344 1164 Sicilia
365 1126 511 1163 Locros
539 1140 625 1164 cum
649 1127 767 1164 classe
792 1126 999 1177 trajiceret,
1021 1126 1206 1163 scribunt.

84 1190 152 1235 Et,
172 1198 215 1228 ut
244 1191 291 1228 ab
322 1199 423 1229 terra
442 1205 593 1242 quoque
616 1192 832 1243 obpugnari
861 1192 1004 1229 moenia
1032 1196 1206 1241 possent,

84 1255 131 1292 ab
152 1256 321 1293 Tarento
348 1265 495 1308 partem
522 1259 724 1301 exercitus,
746 1259 810 1307 qui
837 1258 877 1294 in
902 1257 1080 1308 praesidio
1107 1262 1204 1301 erat,

81 1320 169 1356 duci
189 1334 234 1357 eo
247 1320 458 1370 jusserunt.
514 1321 573 1358 Ea
592 1323 646 1358 ita
660 1322 789 1358 futura
808 1335 874 1372 per
890 1322 1075 1372 quosdam
1095 1321 1204 1357 Thu-

80 1385 184 1422 rinos
216 1393 453 1436 compertum
483 1385 697 1422 Hannibali
715 1399 832 1436 quum
865 1392 978 1430 esset,
1006 1386 1125 1421 mittit
1154 1385 1203 1422 ad

76 1449 314 1487 insidendam
347 1451 394 1487 ab
426 1451 596 1487 Tarento
622 1452 745 1488 viam:
778 1451 832 1487 ibi
859 1451 928 1487 sub
954 1449 1103 1486 tumulo
1126 1449 1202 1486 Pe-

71 1513 172 1550 teliae
192 1515 266 1551 tria
284 1514 402 1551 millia
423 1516 607 1565 equitum,
625 1516 796 1566 peditum
809 1515 885 1551 duo
905 1516 944 1551 in
966 1514 1118 1551 occulto
1139 1514 1201 1551 lo·

76 1586 185 1617 cata:
217 1580 256 1616 in
273 1593 356 1629 quae
376 1580 618 1631 inexplorato
639 1587 771 1617 euntes
792 1580 961 1617 Romani
991 1592 1107 1630 quum
1138 1580 1197 1615 in-

76 1643 268 1687 cidissent,
291 1645 338 1680 ad
358 1644 434 1680 duo
462 1644 581 1681 millia
611 1651 845 1681 armatorum
879 1657 990 1687 caesa,
1022 1650 1060 1680 et
1093 1642 1198 1680 mille

75 1708 229 1745 ducenti
245 1709 362 1745 ferme
378 1710 451 1744 vivi
469 1710 570 1759 capti
585 1724 594 1746 τ
619 1709 683 1745 alii
701 1710 874 1760 dissipati
890 1709 983 1758 fuga
998 1721 1064 1759 per
1082 1720 1194 1757 agros

75 1772 267 1822 saltusque
289 1774 499 1810 Tarentum
526 1775 682 1811 rediere.
739 1773 924 1811 Tumulus
952 1780 1033 1810 erat
1063 1770 1402 1821 silves-13¹de1'isex-v

73 1838 141 1873 tris
162 1838 262 1874 inter
280 1838 426 1874 Punica
452 1846 490 1874 et
508 1838 688 1875 Romana
714 1846 852 1882 castra,
874 1838 921 1875 ab
942 1839 1086 1875 neutris
1114 1838 1192 1889 pri·
1206 1823 1382 1856 mpmntut‘

72 1915 136 1938 mo
156 1909 386 1953 occupatus:
419 1905 508 1953 quia
531 1903 713 1948 Romani,
735 1904 855 1954 qualis
882 1917 968 1954 pars
990 1903 1085 1954 ejus,
1106 1917 1191 1953 quae

70 1974 243 2015 vergeret
256 1968 302 2004 ad
317 1969 485 2004 hostium
503 1976 640 2012 castra,
660 1975 772 2013 esset,
791 1969 1044 2018 ignorabant3
1078 1968 1190 2005 Han-

70 2030 176 2067 nibal
202 2033 361 2076 insidiis,
382 2047 494 2082 quam
522 2035 668 2078 eastris,
691 2035 876 2085 aptiorem
904 2046 990 2070 eum
1020 2033 1190 2069 credide-

67 2100 139 2132 rat.
196 2095 331 2146 Itaque
350 2104 464 2134 nocte
484 2099 531 2134 ad
552 2099 589 2134 id
608 2099 740 2134 missas
768 2098 914 2147 aliquot
932 2097 1187 2134 Numidarum

68 2165 210 2196 turmas
237 2162 362 2198 medio
390 2163 428 2199 in
457 2162 554 2210 saltu
575 2163 810 2205 condiderat,
833 2175 994 2211 quorum
1022 2161 1188 2198 interdiu

68 2235 181 2261 nemo
209 2226 256 2262 ab
278 2227 444 2263 statione
470 2227 707 2271 movebatur,
728 2240 777 2265 ne
796 2235 863 2264 aut
882 2240 1000 2270 arma,
1022 2233 1087 2263 aut
1113 2226 1186 2276 ipsi

66 2288 199 2336 procul
219 2291 542 2340 conspicerentur.
599 2291 829 2328 Fremebaut
850 2291 964 2340 vulgo
992 2290 1030 2326 in
1051 2291 1183 2327 castris

65 2350 268 2396 Romanis,
285 2356 547 2407 occupandum
559 2368 646 2393 eum
661 2355 851 2394 tumulum
864 2368 958 2399 esse,
973 2361 1011 2392 et
1025 2353 1184 2393 castello
