1507 2656
354 190 508 218 LIBER
533 186 702 216 xxvn.
735 187 841 215 CAP.
866 185 933 213 LI.
1151 179 1201 224 77

102 281 296 329 quisquam
318 294 339 316 a
358 279 461 315 curia
480 284 592 326 atque
615 276 662 312 ab
692 273 975 323 magistratibus
1006 271 1203 314 abscessit,
1222 278 1263 307 U.
1276 275 1311 307 C.
1328 267 1399 307 545'.

100 351 165 380 aut
187 344 346 395 populus
375 358 393 379 e
422 343 519 379 foro.
576 341 782 381 Matronae,
804 339 892 387 quia
921 336 1016 372 nihil
1046 337 1084 372 in
1115 336 1204 385 ipsis
1222 321 1399 354 A.C.207.

100 409 181 458 opis
203 414 295 452 erat,
316 409 354 443 in
371 419 497 457 preces
519 405 869 451 obtestationesque
888 414 1018 444 versae,
1040 413 1106 450 per
1122 413 1205 436 om-

100 471 163 506 nia
181 471 336 507 delubra
354 483 458 518 vagae
485 468 676 518 suppliciis
697 467 869 514 votisque
898 464 1058 512 fatigare
1087 463 1206 500 Deos.

100 534 196 570 Tam
217 535 386 570 sollicitae
408 546 450 569 ac
472 544 662 582 suspensae
683 531 825 567 civitati
847 529 947 565 falna
967 529 1110 564 incerta
1130 528 1219 578 pri-⁴

99 604 163 632 mo
189 598 337 639 accidit,
359 597 452 632 duos
482 596 713 631 Narnienses
745 594 887 642 equites
910 594 946 628 in
968 598 1104 635 castra,
1125 605 1208 640 quae

101 661 139 696 in
159 660 329 697 faucibus
354 660 520 696 Umbriae
541 659 718 708 obposita
737 664 858 700 erant,
880 657 1026 692 venisse
1042 669 1087 692 ex
1107 669 1209 705 proe-

100 724 166 768 lio,
184 726 406 761 nunciantes
428 735 544 760 caesos
564 723 706 758 hostes.
763 721 815 757 Et
840 721 962 770 primo
993 721 1111 769 magis
1142 734 1209 757 au-

100 788 218 832 ribus,
240 802 350 838 quam
371 789 519 831 animis,
540 788 577 823 id
597 792 792 835 acceptum
813 791 906 828 erat,
928 791 970 820 ut
996 784 1116 834 majus
1144 784 1210 820 lae-

99 853 263 901 tiusque,
284 865 395 901 quam
418 851 521 900 quod
541 857 666 886 mente
691 862 836 899 capere,
858 855 923 885 aut
943 849 1032 884 satis
1060 848 1211 885 credere

99 922 279 965 possent:
313 922 350 952 et
380 916 463 965 ipsa
496 914 666 950 celeritas
700 913 810 949 fidem
843 912 1074 963 inpediebat,
1109 912 1212 960 quod

98 978 214 1014 biduo
235 985 323 1015 ante
342 984 554 1028 pugnatum
575 977 782 1013 dicebatur.
839 976 979 1012 Literae
1003 976 1136 1012 deinde
1162 975 1210 1012 ab

97 1042 145 1079 L.
164 1042 314 1079 Manlio
338 1042 504 1078 Acidino
535 1042 658 1077 missae
689 1054 735 1077 ex
758 1041 889 1077 castris
920 1040 1140 1076 adferuntur
1166 1040 1212 1077 de

97 1105 370 1143 Narniensium
397 1107 569 1155 equitum
595 1106 770 1142 adventu.
826 1105 894 1142 Eae
914 1105 1046 1148 literae,
1066 1117 1132 1155 per
1150 1104 1212 1140 fo-

97 1182 181 1207 rum
200 1171 247 1208 ad
264 1170 432 1208 tribunal
452 1171 624 1221 praetoris
652 1169 752 1214 latae,
775 1176 948 1206 senatum
975 1170 1079 1206 curia
1107 1169 1210 1206 exci-

95 1241 252 1271 verunt:
284 1241 468 1285 tantoque
497 1236 702 1271 certamine
731 1248 775 1271 ac
804 1234 970 1270 tumultu
1001 1232 1132 1284 populi
1163 1233 1210 1270 ad

96 1298 197 1335 fores
230 1300 342 1335 curiae
372 1311 595 1335 concursum
627 1305 697 1343 est,
729 1305 770 1335 ut
803 1300 905 1335 adire
935 1299 1095 1335 nuncius
1129 1308 1223 1334 non'

95 1369 238 1413 posset,
258 1364 544 1413 trahereturque
563 1377 585 1401 a
608 1364 941 1414 percunctantibus
962 1363 1208 1400 vociferanti-

97 1426 256 1477 busque,
278 1434 319 1464 ut
344 1430 383 1464 in
409 1428 562 1464 Rostris
590 1429 707 1478 priuS,
728 1441 841 1477 quam
861 1429 899 1464 in
920 1434 1068 1471 senatu,
1089 1427 1209 1463 literae

97 1492 370 1529 recitarentur:
401 1493 555 1529 tandem
575 1493 741 1528 submoti
765 1499 803 1528 et
832 1493 986 1528 coerciti
1018 1505 1040 1528 a
1068 1493 1210 1540 magis-

97 1555 283 1601 tratibus3
317 1556 598 1605 dispensarique
618 1555 751 1591 laetitia
771 1557 869 1592 inter
888 1557 1105 1605 inpotentes
1127 1554 1208 1604 ejus

99 1619 245 1655 animos
265 1621 403 1669 potuit.
460 1620 505 1656 In
527 1627 661 1656 senatu
686 1621 861 1670 primum,
884 1621 1017 1655 deinde
1047 1620 1085 1656 in
1115 1633 1210 1656 con-

97 1682 221 1725 cione,
242 1682 360 1719 literae
380 1684 547 1719 recitatae
576 1690 686 1718 sunt:
719 1689 770 1725 et,
792 1696 860 1732 pro
891 1682 1071 1732 cujusque
1100 1684 1208 1732 inge-

97 1744 178 1787 nio,
199 1745 280 1780 aliis
295 1745 377 1794 jam
397 1753 539 1782 certum
571 1747 764 1794 gaudium,
786 1746 866 1781 aliis
897 1746 1001 1782 nulla
1030 1754 1118 1783 ante
1147 1747 1207 1782 fu-

97 1813 183 1844 tura
201 1808 291 1846 fides
313 1816 405 1852 erat,
427 1823 538 1859 quam
562 1810 706 1859 legatos
729 1810 972 1846 consulumve
991 1811 1118 1846 literas
1140 1819 1223 1847 au·‘

96 1872 249 1909 dissent.
284 1890 286 1892 ’

149 1936 217 1974 LI.
247 1937 356 1987 Ipsos
377 1938 509 1974 deinde
536 1939 837 1989 adpropinquare
862 1940 1007 1989 legatos
1038 1940 1207 1977 adlatum

59 2019 63 2022 -
97 2005 180 2037 est:
213 2006 293 2038 tum
321 2003 513 2038 enimvero
540 2005 663 2040 omnis
694 2010 784 2040 aetas
809 2018 956 2040 currere
991 2005 1108 2048 obvii,
1130 2006 1207 2055 pri·

97 2077 179 2100 mus
200 2066 357 2114 quisque
377 2067 495 2103 oculis
517 2068 746 2117 auribusque
766 2069 917 2105 haurire
937 2076 1088 2105 tantum
1113 2083 1208 2117 gau-

97 2127 200 2163 dium
229 2130 449 2178 cupientes:
491 2131 537 2167 ad
565 2131 753 2168 Mulvium
784 2145 899 2181 usque
929 2140 1085 2182 pontem
1115 2127 1225 2169 con--

98 2192 221 2228 tinens
249 2205 383 2241 agmen
410 2197 593 2244 pervenit.
650 2196 789 2245 Legati
817 2198 943 2244 (erant
966 2197 1011 2233 L.
1026 2197 1204 2233 Veturius

99 2255 224 2299 Philo,
263 2258 305 2294 P.
338 2258 508 2296 Licinius
543 2261 679 2303 Varus,
717 2261 766 2300 Q.
801 2261 973 2297 Caecilius
1004 2262 1200 2308 Metellus)
1221 2274 1385 2308 Gaudium

100 2320 313 2359 circumfusi
333 2325 454 2361 omnis
475 2326 621 2374 generis
643 2326 839 2362 hominum
859 2326 1071 2376 frequentia
1092 2328 1129 2364 in
1143 2327 1203 2364 fo·
1220 2318 1383 2390 {2⁰n‘1230‘2··
1417 2356 1421 2360 .
