1507 2656
335 208 486 238 LIBER
510 204 652 234 XXIX.
686 205 792 233 CAP.
816 205 961 233 xxvl·
1110 204 1184 246 193

84 314 217 340 omnes
240 299 321 352 jam
349 300 388 335 in
420 297 577 334 navibus
607 302 727 338 erant,
750 295 906 345 scaphas
928 293 1186 335 circummisit,
1202 296 1243 326 U.
1258 293 1293 324 C.
1311 301 1382 325 543-

87 372 131 402 ut
149 379 195 402 ex
213 364 366 401 navibus
384 361 727 410 gubernatoresque
744 363 781 393 et
797 358 965 406 magistri
983 358 1135 393 navium
1152 365 1190 394 et

89 429 169 465 bini
188 427 323 464 milites
354 427 392 462 in
418 425 545 461 forum
565 422 811 458 convenirent
836 421 883 457 ad
907 422 1063 470 imperia
1092 422 1190 457 acci-

88 491 234 542 pienda.
262 491 469 539 Postquam
491 494 762 531 convenerunt,
783 488 945 537 primum
965 488 1011 523 ab
1028 488 1071 523 iis
1090 501 1192 537 quae-

31 554 35 555 ⁷
88 555 188 597 sivit,
209 555 240 589 si
273 566 406 602 aquam
436 552 652 589 hominibus
676 551 936 602 jumentisque
965 552 1003 586 in
1033 552 1192 588 totidem

85 617 178 661 dies,
199 622 292 666 quot
309 616 553 659 frumentum,
575 615 844 665 inposuissent.
890 614 967 650 Ubi
988 615 1192 665 responde-

86 687 188 724 runt,
209 693 343 730 aquam
363 681 504 717 dierum
524 680 689 729 quinque
709 685 747 715 et
763 679 1012 728 quadraginta
1028 680 1065 715 in
1085 680 1193 716 navi-

87 744 157 781 bus
177 757 280 789 esse5
312 750 393 781 tum
421 744 538 780 edixit
566 742 764 785 militibus,
785 748 828 778 ut
857 742 1045 779 silentium
1076 744 1194 792 quieti

90 809 216 845 nautis
236 809 316 844 sine
335 809 538 844 certamine
558 808 604 844 ad
621 807 829 843 ministeria
845 808 1080 855 exsequenda
1099 807 1195 844 bene

89 871 306 908 obedientes
336 877 580 921 praestarent:
613 884 698 906 cum
726 870 860 919 viginti
890 871 1059 906 rostratis
1087 883 1125 906 se
1149 884 1193 907 ac

87 934 134 971 L.
155 935 370 985 Scipionem
389 933 436 970 ab
457 934 589 970 dextro
610 946 742 975 cornu,
766 933 914 975 laevum,
932 934 1090 969 totidem
1111 947 1193 970 ros-

88 1003 221 1041 tratas,
242 1004 280 1033 et
299 999 343 1034 C.
359 997 519 1034 Laelium
536 997 756 1047 praefectum
773 997 900 1032 classis
922 1010 1005 1032 cum
1025 997 1080 1033 M.
1100 997 1194 1034 Por-

91 1062 150 1098 cio
172 1062 319 1098 Catone
345 1064 529 1111 (quaestor
548 1062 578 1096 is
599 1067 680 1097 tum
701 1062 797 1108 erat)
821 1062 1001 1097 onerariis
1027 1061 1195 1099 futurum

89 1126 276 1176 praesidio.
308 1126 473 1162 Lumina
492 1126 529 1161 in
550 1125 708 1161 navibus
731 1124 881 1174 singula
900 1132 1086 1168 rostratae,
1108 1126 1197 1161 bina

89 1190 272 1226 onerariae
295 1189 506 1226 haberent:
539 1190 577 1224 in
606 1189 785 1238 praetoria
813 1201 907 1225 nave
936 1190 1083 1237 insigne
1106 1203 1197 1226 noc-

89 1259 243 1290 turnum
264 1255 376 1290 trium
396 1253 579 1289 luminum
597 1253 692 1290 fore.
748 1252 931 1302 Emporia
951 1260 991 1289 ut
1010 1260 1196 1303 peterent,

91 1316 406 1365 gubernatoribus
445 1318 575 1354 edixit.
631 1317 899 1353 Fertilissimus
937 1329 1040 1365 ager,
1076 1331 1196 1367 eoque

93 1380 287 1417 abundans
308 1381 476 1417 omnium
493 1381 603 1430 copia
622 1392 746 1417 rerum
766 1387 822 1415 est
842 1381 962 1428 regio,
984 1387 1020 1416 et
1040 1381 1195 1416 inbelles

94 1444 211 1492 (quod
230 1444 449 1496 plerumque
465 1445 503 1480 in
521 1444 627 1480 uberi
647 1456 739 1492 agro
758 1444 900 1489 evenit)
918 1443 1067 1479 barbari
1087 1450 1193 1480 sunt:

89 1510 280 1558 priusque,
319 1521 432 1558 quam
464 1508 705 1556 Karthagine
734 1507 1008 1549 subveniretur,
1034 1507 1194 1557 obprimi

89 1571 310 1609 videbantur
330 1584 452 1623 posse.
509 1572 560 1607 Iis
583 1572 691 1608 editis
719 1572 898 1621 imperiis,
920 1572 1039 1607 redire
1060 1572 1104 1607 ad
1127 1584 1194 1607 na·

90 1635 282 1686 vesjussi:
315 1644 352 1672 et
371 1643 524 1686 postero
544 1636 617 1680 die,
638 1635 731 1672 Deis
752 1635 850 1672 bene
862 1635 1100 1685 juvantibus,
1119 1637 1194 1684 sig-

91 1712 142 1736 no
162 1701 251 1737 dato
267 1700 410 1737 solvere
429 1714 555 1738 naves,

144 1763 297 1800 XXVI.
326 1764 460 1800 Multae
492 1764 627 1800 classes
657 1763 842 1801 Romanae
874 1777 893 1800 e
924 1764 1052 1801 Sicilia
1083 1771 1194 1814 atque

91 1828 174 1878 ipso
207 1828 273 1864 illo
305 1836 417 1878 portu
447 1829 627 1878 profectae
660 1836 778 1865 erant.
838 1829 1014 1864 Ceterum
1046 1842 1124 1865 non
1150 1843 1194 1865 eo

91 1891 192 1928 bello
225 1892 360 1936 solum,
395 1897 480 1941 (nec
507 1893 542 1929 id
574 1894 725 1935 mirum,
755 1893 962 1942 praedatum
991 1894 1089 1929 enim
1109 1901 1194 1930 tan-

90 1955 285 1992 tummodo
306 1955 492 2006 pleraeqne
512 1956 646 1992 classes
669 1956 805 2002 ierant)
829 1956 955 1992 sedne
971 1957 1095 2006 priore
1113 1958 1194 2006 qui-

91 2018 187 2061 dem,
203 2018 277 2056 ulla
297 2019 483 2069 profectio
499 2020 595 2056 tanti
616 2020 819 2070 spectaculi
839 2020 935 2056 fuit:
968 2034 1194 2069 quamquam

91 2082 122 2117 si
140 2083 398 2130 magnitudine
427 2082 555 2119 classis
583 2085 843 2126 aestimaretur,
866 2092 902 2119 et
921 2083 1001 2120 bini
1022 2084 1193 2120 consules

93 2158 177 2181 cum
208 2145 306 2181 binis
337 2147 562 2184 exercitibus
600 2154 688 2183 ante
720 2146 971 2197 trajecerant3
1009 2154 1046 2183 et
1078 2160 1195 2197 prope

94 2208 251 2244 totidem
272 2216 442 2246 rostratae
461 2212 500 2247 in
520 2210 592 2247 illis
613 2212 793 2249 classibus
814 2212 976 2255 fuerant,
999 2220 1090 2262 quot
1103 2226 1194 2249 one*

95 2272 200 2308 rai-iis
224 2273 348 2323 Scipio
371 2280 451 2310 tum
480 2275 718 2325 trajiciebat:
750 2290 852 2320 nam,
880 2284 1015 2327 praeter
1035 2278 1192 2326 quadra-

93 2336 199 2384 ginta
211 2335 342 2384 longas
360 2350 487 2383 naveS,
503 2340 784 2389 quadi-ingentis
802 2342 918 2379 ferme
931 2342 1110 2378 onerariis
1130 2355 1192 2379 ex-

146 2397 243 2435 Vox..
277 2398 349 2437 111.
619 2403 658 2439 lx

1200 340 1241 370 A.
1256 338 1294 368 C.
1310 344 1384 369 204.
