1523 2666
300 192 386 233 440
763 194 810 223 T.
835 196 968 225 mvn

103 287 148 318 U.
165 288 201 318 C.
220 295 289 326 ⁵57.
307 285 410 321 laret.
460 285 610 330 Coetum,
637 291 671 323 et
699 288 899 332 seditiones,
926 295 959 325 et
989 291 1170 327 interdum
1194 293 1417 329 secessionem

107 332 147 362 A.
163 331 200 363 C.
219 340 288 365 195.

306 349 511 386 muliebrem
547 352 760 400 adpellmrit,
797 355 891 401 quod
922 359 1097 390 niatrona’
1124 356 1162 392 iri
1186 356 1329 404 publico
1357 368 1419 392 vos

301 420 499 462 rogassent,
520 421 559 451 ut
580 417 706 464 legem,
729 419 763 453 in
781 430 816 453 se
836 419 949 454 latam
970 431 1038 467 per
1056 419 1188 456 bellum
1207 421 1421 469 temporibus

302 481 415 522 (luris,
434 481 470 515 in
486 492 577 529 pace
595 486 629 516 et
634 481 754 531 floren
761 487 793 517 te
807 494 850 518 ac
865 484 968 519 beata
987 485 1172 532 republica
1186 484 1418 533 abrogaretis.

305 544 420 580 Verba
441 557 584 592 magna,
603 558 680 593 quae
698 547 749 581 rei
764 548 936 593 augendae
955 561 1079 584 caussa
1098 551 1368 597 conquirantur,
1385 554 1421 586 et

300 609 387 652 haec,
418 615 453 646 et
481 611 557 646 alia
586 622 658 646 esse
683 612 780 646 scio:
809 616 844 647 et
873 612 928 648 M.
951 612 1122 649 Catonem
1150 619 1328 650 oratorem
1346 627 1418 651 non

299 674 415 710 solum
432 687 592 721 gravem,
611 676 673 710 sed
693 676 872 711 interdum
899 677 1007 712 etiam
1035 681 1182 720 trucem,
1203 690 1273 714 esse
1290 680 1422 715 scimus

300 750 432 780 omnes,
454 752 560 787 quum
583 741 724 787 iugenio
741 742 789 776 sit
806 742 913 776 mitis.
952 741 1049 776 Nam
1069 743 1155 790 quid
1174 743 1422 778 tandem‘novi

301 809 476 840 matronoe
483 804 670 853 fecerunt,
692 807 786 853 quod
794 804 1007 854 frequentes
1025 808 1063 842 in
1078 819 1202 842 caussa
1217 808 1265 842 ad
1282 819 1319 843 se
1332 819 1420 856 per-

302 871 437 905 tinente
458 872 490 907 in
514 871 697 918 publicum
718 872 998 919 processerunt?
1025 872 1231 920 Numquam
1254 877 1337 908 ante
1355 872 1422 909 hoc

302 939 440 982 ternpus
460 936 494 970 in
512 936 656 983 publico
675 937 926 984 aclparzcerunt
940 938 960 972 ,9
984 937 1079 973 Tuas
1097 939 1266 974 adversus
1285 942 1319 974 te
1336 937 1419 975 Ori-

297 1000 397 1046 gines
417 1000 606 1036 revolvam.
663 1002 809 1049 Accipe,
831 1003 967 1050 quoties
986 1002 1024 1038 id
1031 1001 1206 1051 fecerint,
1223 1006 1259 1038 et
1274 1003 1420 1050 quidem

299 1079 435 1116 semper
457 1068 543 1104 bono
569 1068 723 1116 publico.
779 1069 868 1106 Jam
893 1083 916 1106 a
931 1072 1124 1119 principio,
1150 1075 1323 1118 regnante
1343 1069 1418 1105 Ro-

299 1133 413 1174 mulo,
435 1145 543 1180 qzium
565 1133 746 1181 Capitolio
768 1133 812 1169 ab
835 1134 977 1170 Sabinis
1003 1140 1123 1183 capto,
1143 1135 1261 1170 medio
1280 1136 1316 1170 in
1327 1133 1420 1183 foro

302 1199 412 1245 signis
431 1199 581 1234 conlatis
607 1200 854 1242 dimicaretur,
874 1212 990 1236 nonne
1016 1202 1213 1236 intercursu
1232 1204 1418 1235 niatrona-

298 1274 379 1298 rum
401 1265 492 1298 inter
511 1264 604 1299 acies
623 1264 712 1298 duas
727 1265 889 1311 praelium
911 1266 1072 1300 sedatum
1091 1269 1142 1299 est
1155 1265 1177 1298 ?
1208 1263 1304 1303 Quid
1317 1264 1337 1298 ,9
1361 1274 1420 1298 re-

296 1327 400 1373 gibus
432 1329 578 1368 emetis,
607 1339 713 1374 quum
746 1327 938 1364 Coriolano
968 1328 1110 1364 Marcio
1138 1328 1240 1370 duce,
1269 1327 1422 1374 legiones

304 1390 508 1428 Volscorum
531 1397 648 1428 castra
665 1393 714 1428 ad
730 1394 892 1441 quintum
909 1394 1062 1441 lapidem
1080 1393 1288 1441 posuissent,
1303 1402 1422 1427 nonne

296 1456 337 1492 iel
355 1468 495 1504 agmen,
517 1470 586 1504 quo
604 1457 729 1493 obruta
756 1457 829 1494 haec
853 1457 935 1493 urbs
960 1462 1059 1500 esset,
1082 1462 1254 1493 matronae
1281 1460 1420 1492 averte-

297 1522 418 1557 runt?
456 1522 556 1564 Jarn,
588 1522 674 1558 urbe
702 1528 810 1570 capta
843 1535 865 1558 a
902 1523 1031 1564 Gallis,
1060 1534 1128 1570 quo
1157 1523 1318 1558 redemta
1338 1520 1421 1556 urbs

298 1590 350 1621 est
364 1587 384 1621 f>
411 1598 538 1634 nempe
556 1599 683 1623 aurum
700 1593 875 1624 matronoe
890 1599 1053 1624 consensu
1070 1588 1229 1623 omnium
1245 1587 1280 1622 in
1295 1585 1419 1634 publi-

297 1662 378 1687 cum
398 1652 636 1688 contulerunt.
696 1653 866 1688 Proximo
881 1653 973 1688 bello
995 1655 1057 1700 (ne
1076 1653 1228 1700 antiqua
1239 1649 1417 1699 repetam)

295 1726 412 1751 norme
437 1721 485 1758 et,
513 1729 623 1764 quum
649 1719 804 1765 pecunia
838 1730 926 1765 opus
937 1717 1035 1766 fuit,
1049 1718 1238 1753 viduarum
1264 1717 1422 1764 pecuniae

297 1778 514 1825 adiuverunt
546 1783 728 1825 (erarium,
756 1787 803 1824 et,
841 1795 947 1830 quum
985 1782 1058 1818 Dii
1094 1793 1231 1830 quoque
1265 1781 1347 1818 novi
1371 1780 1420 1815 ad

298 1857 401 1893 opem.
425 1845 621 1894 ferendam
653 1847 767 1883 dubiis
806 1847 907 1883 rebus
936 1852 1212 1888 arcesserentur,
1247 1849 1420 1881 matronoe

295 1911 467 1945 universa?
500 1911 548 1946 ad
582 1923 679 1946 mare
710 1910 885 1960 profectae
909 1916 991 1948 sunt
1021 1912 1069 1946 acl
1096 1915 1247 1946 matrem
1281 1909 1420 1945 Idaeam

296 1976 575 2023 accipiendam.O
603 1977 821 2019 Dissimiles,
854 1978 984 2024 inquis,
1024 1988 1156 2012 caussae
1189 1979 1282 2011 sunt.
1341 1974 1419 2009 Nec

293 2038 384 2075 ‘mihi
417 2051 557 2075 caussas
589 2052 731 2088 (equare
757 2042 979 2089 propositum
1006 2046 1078 2076 est:
1105 2039 1197 2075 nihil
1226 2039 1308 2074 novi
1327 2037 1417 2087 fac-

295 2109 385 2147 tum,
414 2116 573 2153 purgare
592 2108 678 2141 satis
711 2110 771 2141 est.
829 2105 1008 2148 Ceterum,
1043 2106 1138 2154 quod
1167 2106 1203 2140 in
1237 2104 1337 2139 rebus
1369 2105 1420 2140 ad

296 2181 416 2205 omnes
450 2172 591 2218 pariter
626 2172 719 2207 viros
740 2170 973 2220 feminasque
1001 2170 1261 2219 pertinentibus
1286 2168 1420 2219 fecisse

294 2245 354 2269 eas
390 2246 492 2270 nemo
530 2237 681 2272 miratus
718 2240 783 2278 est,
822 2236 859 2271 in
897 2247 1021 2272 caussa
1054 2237 1202 2284 proprie
1236 2235 1285 2270 ad
1322 2235 1418 2282 ipsas

290 2299 495 2349 pertinente
526 2302 700 2338 miramur
718 2300 883 2350 fecisse?
924 2301 1021 2342 Quid
1057 2305 1178 2337 autem
1204 2298 1412 2349 fecerunt?
