1523 2666
332 181 421 228 554
785 185 830 213 Τ.
858 184 993 214 LIVH

137 269 181 344 H·
195 270 236 346 gt·
249 276 322 304 ⁵⁶0·
334 274 541 312 alienarum
558 279 735 312 eventum
747 274 828 312 sine
842 274 918 311 ullo
934 275 1149 312 discrimine
1162 288 1286 313 rerum
1299 288 1452 313 suarum

170 335 178 345 ⁰
224 339 231 347 ‘
249 323 610 392 ¹⁹²'0bperirentur.
667 341 874 377 Provectus
901 341 1037 378 deinde
1068 347 1125 378 est
1157 341 1451 393 intemperantia

330 405 471 455 linguae
491 406 531 442 in
550 405 765 449 maledicta,
779 419 882 442 nunc
899 406 1152 443 communiter
1167 405 1448 450 Romanorum,

329 484 431 508 nunc
454 472 606 522 proprie
626 471 741 522 ipsius
762 471 935 510 Quinctii
953 486 960 507 :
993 473 1156 520 ingratos
1182 470 1390 522 adpellanS,
1411 477 1451 508 et

329 537 564 587 exprobrans
590 549 661 573 non
689 537 879 573 victoriam
910 538 1016 574 modo
1044 539 1086 573 de
1117 537 1292 586 Philippo
1318 538 1452 574 virtute

328 603 541 640 AEtolorum
570 607 732 651 partam,
761 603 822 638 sed
850 604 961 638 etiam
988 603 1141 638 salutem
1157 619 1169 646 ,·
1199 604 1385 652 ipsumque
1412 607 1449 639 et

327 670 519 705 exercitam
539 680 605 704 sua
623 680 734 716 opera
751 672 907 704 servatos
919 683 931 703 .·
960 679 1029 715 quo
1045 669 1138 703 enim
1155 668 1258 704 illum
1277 680 1449 717 umquam

326 734 554 782 imperatoris
571 732 747 782 functum
766 732 883 781 officio
902 744 973 768 esse
986 734 1008 768 ?
1038 733 1310 780 Auspicantern,
1331 733 1448 768 inmo-

328 799 545 847 lantenzque,
567 802 602 834 et
624 801 706 833 vota
736 802 1002 845 nuncupantem
1019 797 1212 847 sacrificuli
1231 797 1323 833 *vatis
1341 797 1448 833 modo

326 865 363 899 in
383 865 460 900 acie
477 864 618 905 vidisse,
640 874 749 911 quum
768 864 841 911 ipse
860 874 986 911 corpus
1003 874 1107 898 suum
1122 873 1191 910 pro
1210 874 1250 898 eo
1269 862 1348 898 telis
1366 861 1447 898 hos-

329 929 418 965 tium
437 926 627 974 objiceret.

129 985 273 1060 ἔίἰῐῑὲῃὲο
379 993 534 1031 XLIX.
571 992 632 1030 Ad
660 1005 704 1029 ea
736 991 956 1035 Quinctius,
988 991 1121 1028 Coram
1158 991 1282 1041 quibus
1318 993 1446 1040 magis,

131 1072 213 1102 futat
276 1039 314 1060 n·
325 1072 432 1109 quam
461 1060 562 1108 apud
590 1070 687 1108 quos,
708 1058 813 1094 verba
834 1056 994 1106 faceret,
1025 1056 1163 1100 dicere,
1183 1056 1448 1093 Archidamum

127 1116 257 1189 32³⁰&
323 1127 500 1162 rationem
521 1124 689 1160 habuisse.
747 1122 895 1158 Achoeos
924 1124 1016 1158 enim
1040 1122 1152 1171 probe
1175 1123 1277 1164 scire,
1297 1122 1445 1158 AEtolo-

195 1182 202 1190 ⁸
323 1204 405 1227 rum
424 1202 562 1227 omnem
581 1188 765 1238 ferociam
789 1189 823 1223 in
843 1187 969 1230 verbis,
990 1199 1059 1223 non
1081 1188 1117 1223 in
1134 1186 1268 1235 factis,
1289 1198 1359 1222 esse
1370 1203 1383 1230 ,·
1412 1191 1447 1223 et

322 1259 359 1293 in
380 1256 536 1293 conciliis
564 1256 679 1302 magis
708 1253 1012 1301 concionibusqne,
1035 1264 1143 1300 qaam
1162 1253 1197 1287 in
1218 1252 1307 1294 acie,
1329 1252 1446 1300 adpa-

324 1334 424 1358 rere:
455 1323 576 1369 itaque
602 1320 710 1368 parvi
740 1318 954 1354 Achaeorum
983 1318 1294 1359 existimationem,
1322 1317 1447 1366 quibus

320 1392 421 1423 notos
439 1398 511 1422 esse
528 1397 564 1422 se
581 1386 725 1427 scirent,
750 1383 907 1433 fecisse3
943 1383 1071 1431 legatis
1099 1384 1206 1430 regis,
1237 1387 1271 1418 et
1298 1394 1363 1431 per
1387 1394 1446 1420 eos

320 1452 458 1488 absenti
476 1452 554 1499 regi
572 1462 650 1486 eum
668 1461 704 1486 se
714 1447 884 1495 jactasse.
945 1448 1049 1488 Quod
1066 1448 1096 1483 si
1115 1449 1193 1495 quis
1213 1451 1322 1483 antea
1342 1448 1444 1495 igno-

318 1522 444 1560 rasset,
475 1528 552 1564 quae
577 1527 632 1551 res
656 1513 876 1550 Antiochum
903 1518 937 1549 et
963 1514 1111 1549 AEtolos
1134 1511 1380 1559 conjunxisset,
1403 1524 1445 1548 ex

321 1583 523 1631 legatorum
537 1592 695 1617 sermone
712 1581 868 1628 potuisse
886 1579 1088 1627 adparere:
1115 1578 1317 1614 mentiendo
1337 1579 1373 1613 in
1391 1579 1445 1613 vi-

319 1660 393 1684 cem
401 1646 650 1694 jactandoque
669 1646 772 1687 vires,
795 1656 883 1694 quas
900 1656 971 1679 non
990 1643 1170 1687 haberent,
1191 1643 1331 1693 inflasse
1348 1655 1445 1679 vana

317 1725 393 1762 spe,
411 1717 518 1761 atque
536 1711 677 1762 inflatos
692 1723 787 1747 esse:
807 1712 892 1746 duni
912 1711 938 1746 ii
956 1709 1000 1745 ab
1011 1721 1047 1745 se
1063 1709 1277 1757 Philippum
1292 1709 1440 1751 victum,

317 1790 384 1815 sua
401 1779 536 1814 virtute
553 1780 731 1825 protectos
747 1775 942 1817 Romanos,
960 1779 995 1810 et
1013 1786 1090 1822 quoe
1108 1775 1213 1810 modo
1227 1773 1440 1815 audiebatis,

318 1847 472 1879 narrant
484 1859 497 1886 ,-
526 1854 587 1878 vos
605 1846 807 1888 ceterasque
826 1842 988 1876 civitates
1003 1844 1038 1875 et
1053 1844 1175 1887 gentes
1192 1851 1293 1875 snam
1308 1842 1442 1874 sectam

318 1920 390 1944 esse
408 1912 619 1944 secuturos:
647 1919 710 1942 rex
738 1910 864 1942 contra
890 1906 1057 1953 pediturn
1082 1906 1310 1952 equitumque
1336 1903 1443 1939 nubes

308 1971 448 2019 jactat,
469 1977 503 2008 et
532 1972 723 2007 consternit
751 1972 870 2006 maria
893 1971 967 2005 suis
992 1969 1169 2005 classibus.
1226 1968 1294 2004 Est
1320 1973 1441 2004 autem

316 2050 372 2074 res
389 2037 578 2074 simillima
603 2049 706 2073 coenoe
736 2036 981 2072 Chalcidensis
1009 2034 1159 2083 hospitis
1185 2034 1269 2076 mei,
1291 2033 1444 2069 hominis

315 2107 351 2139 et
370 2102 463 2145 boni,
477 2106 513 2138 et
528 2102 609 2138 sciti
628 2102 890 2137 convivatoris:
912 2101 1012 2148 apud
1027 2111 1129 2148 quem
1146 2099 1332 2135 solstitiali
1352 2103 1441 2134 tem-

313 2179 402 2216 pore
422 2168 569 2203 comiter
588 2167 728 2215 accepti
747 2178 853 2214 quum
872 2166 1099 2207 miraremur,
1113 2164 1208 2200 unde
1223 2164 1280 2199 illi
1293 2175 1333 2199 eo
1351 2167 1441 2199 tem-

311 2246 404 2283 pore
422 2236 510 2270 anni
530 2238 605 2269 tam
623 2233 740 2269 multa
760 2237 794 2268 et
808 2233 913 2268 varia
927 2233 1069 2268 venatio
1081 2248 1093 2275 ‚-
1113 2231 1217 2267 homo
1229 2242 1314 2273 non,
1331 2242 1441 2278 quam

314 2300 377 2334 isti
394 2303 491 2342 sunt,
509 2299 702 2346 gloriosus,
724 2298 903 2340 renidens,
924 2297 1173 2338 condimentis,
1195 2297 1261 2337 ait,
1283 2295 1443 2331 varieta-

315 2367 387 2400 tem
409 2364 515 2401 illam
543 2368 578 2400 et
606 2364 758 2413 speciem
776 2362 915 2413 ferinoe
947 2364 1064 2400 carnis
1096 2373 1138 2399 ex
1165 2365 1352 2398 mansueto
1381 2372 1443 2397 sue
