1523 2666
122 291 212 322 U.C.
233 298 305 322 540.

122 337 161 365 A.
176 334 211 364 C.
231 341 303 365 ⁵203.

123 389 259 419 Incensa
276 397 293 418 a

123 432 284 472 Scipione.

308 176 387 218 218
766 186 814 215 T.
842 186 980 217 mvn

371 275 418 311 V.
448 275 520 311 His
550 275 784 325 praeparatis,
809 276 1067 325 advocatoque
1096 273 1272 318 consilio,
1292 275 1438 313 edicere

318 340 621 391 exploratoribus
642 338 772 389 jussis,
797 353 878 389 quae
903 346 1098 391 comperta
1125 338 1329 383 adferrent,
1349 339 1438 376 Ma-

318 405 542 453 sinissaque,
564 404 624 440 cui
644 403 772 440 omnia
791 404 960 440 hostium
974 410 1067 441 nota
1082 409 1213 449 erant;
1245 409 1439 454 postremo

318 470 413 520 ipse,
441 469 529 518 quid
560 474 710 518 pararet
739 469 779 504 in
809 469 1021 518 proximam
1049 475 1218 511 noctem,
1245 469 1439 518 proponit.

316 533 499 570 Tribunis
538 533 665 575 edicit,
700 539 756 576 ut,
792 532 870 575 ubi,
908 533 1088 583 praetorio
1121 533 1292 575 dimisso,
1330 533 1441 581 signa

317 598 616 640 concinuissent,
645 596 837 646 extemplo
867 598 1069 635 educerent
1097 598 1232 634 castris
1258 596 1441 646 legiones,

316 663 393 705 Ita,
416 669 457 698 ut
486 662 749 711 imperaverat,
771 662 880 710 signa
908 661 978 698 sub
998 674 1175 698 occasum
1204 661 1294 698 solis
1317 661 1441 699 efferri

318 734 407 764 sunt
427 733 575 776 coepta:
609 726 655 762 ad
685 727 844 775 primam
873 725 990 762 ferme
1017 725 1188 774 vigiliam
1218 737 1355 773 agmen
1375 737 1441 761 ex-

316 792 577 844 plicaverunt:
610 791 734 827 media
758 797 871 826 nocte
895 792 1056 841 (septem
1076 791 1176 826 enim
1196 789 1314 826 millia
1330 790 1444 826 itine-

318 858 368 893 ris
390 856 514 901 erant)
538 855 689 891 modico
713 855 832 903 gradu
862 855 908 891 ad
937 861 1061 891 castra
1087 854 1256 890 hostium
1283 866 1442 904 perven-

318 928 413 957 tum.
470 919 531 956 Ibi
562 920 689 970 Scipio
710 926 854 969 partem
883 920 1076 969 copiarum
1104 918 1240 961 Laelio,
1260 918 1442 955 Masinis-

320 998 475 1034 samque
502 997 544 1021 ac
572 984 772 1027 Numidas,
795 983 1000 1020 adtribuit:
1034 989 1071 1020 et
1101 990 1225 1019 castra
1254 982 1438 1033 Syphacis

319 1050 510 1091 invadere,
533 1050 714 1097 ignesque
735 1047 1061 1098 conjicerejubet.
1105 1046 1284 1096 Singulos
1304 1046 1440 1083 deinde

321 1113 525 1164 separatim
544 1111 706 1148 Laelium
728 1125 770 1148 ac
789 1111 1049 1154 Masinissam,
1072 1112 1247 1148 seductos
1269 1110 1440 1147 obtesta-

320 1184 397 1221 tur,
418 1183 471 1221 ut,
491 1182 664 1226 quantum
682 1190 752 1213 nox
766 1178 1003 1225 providentia?
1022 1179 1174 1220 adimat,
1197 1181 1336 1213 tantum
1356 1176 1442 1212 dili-

318 1244 445 1290 genna
465 1243 632 1289 expleant
651 1254 818 1289 curaque.
876 1241 924 1277 Se
950 1241 1215 1277 Hasdrubalem
1235 1242 1444 1288 Punicaque

321 1311 441 1342 castra
478 1308 741 1353 adgressurum.
802 1305 966 1341 Ceterum
1006 1317 1076 1341 non
1113 1309 1197 1341 ante
1233 1309 1441 1353 coepturzcm,

323 1386 431 1423 quam
459 1375 577 1421 ignem
606 1375 642 1409 in
670 1374 775 1420 regiis
804 1374 928 1409 castris
948 1374 1188 1421 conspexisset.
1244 1371 1380 1421 Neque
1399 1384 1444 1408 ea

323 1450 381 1475 res
400 1443 550 1474 morata
568 1436 631 1473 diu
652 1442 731 1473 est:
764 1449 867 1479 nam,
890 1443 930 1472 ut
950 1437 1132 1486 proximis
1156 1436 1250 1472 casis
1281 1434 1442 1486 injectus

322 1502 422 1552 ignis
451 1501 577 1545 haesit,
599 1500 790 1551 extemplo
810 1502 983 1551 proxima
1011 1513 1183 1549 quaeque,
1204 1506 1242 1536 et
1267 1500 1443 1549 deinceps

325 1566 508 1603 continua
526 1564 736 1615 amplexuS,
752 1565 844 1600 totis
865 1576 904 1600 se
923 1565 1063 1613 passim
1080 1563 1277 1614 dissipavit
1293 1563 1439 1600 castris.

324 1630 378 1668 Et
405 1629 609 1680 trepidatio
630 1629 795 1679 quidem,
816 1634 958 1677 quanta
986 1640 1140 1665 necesse
1169 1633 1263 1671 erat,
1286 1628 1325 1663 in
1344 1639 1438 1664 noc-

323 1702 440 1731 turno
470 1694 588 1730 effuso
618 1701 696 1730 tam
721 1692 800 1730 late
828 1693 1004 1729 incendio
1034 1699 1119 1730 orta
1146 1699 1225 1729 est:
1259 1698 1442 1735 ceterum,

324 1759 541 1802 fortuitum,
558 1771 637 1795 non
648 1758 827 1795 hostilem
847 1771 891 1795 ac
905 1757 1098 1801 bellicum,
1117 1758 1244 1807 ignem
1258 1756 1331 1793 rati
1347 1768 1442 1799 esse,

325 1823 406 1859 sine
436 1823 548 1859 armis
579 1822 626 1858 ad
660 1822 968 1870 restinguendum
1002 1821 1217 1857 incendium
1250 1820 1370 1864 effusi,
1404 1820 1447 1856 in

325 1892 491 1923 armatos
512 1884 677 1922 incidere
707 1885 850 1929 hostes,
870 1885 1034 1922 maxime
1063 1884 1264 1927 Numidas,
1289 1884 1335 1921 ab
1354 1882 1444 1920 Ma-

324 1952 462 1987 sinissa
482 1950 621 1986 notitia
647 1950 837 1998 regiorum
868 1956 1079 1986 castrorum
1104 1949 1150 1985 ad
1177 1949 1299 1985 exitus
1328 1948 1443 1984 itine-

323 2028 406 2052 rum
427 2015 572 2051 idoneis
594 2013 687 2050 locis
708 2014 924 2064 dispositos.
980 2013 1127 2050 Multos
1157 2014 1196 2049 in
1226 2013 1315 2064 ipsis
1336 2013 1443 2050 cubi-

324 2079 423 2116 libus
444 2079 691 2116 semisomnos
717 2079 845 2114 hausit
863 2078 1036 2114 flamma:
1069 2077 1179 2114 multi
1198 2078 1236 2114 in
1256 2077 1442 2128 praecipiti

323 2143 430 2192 fuga,
452 2150 602 2180 ruentes
623 2155 734 2194 super
753 2142 847 2179 alios
871 2142 948 2187 alii,
970 2143 1010 2179 in
1031 2143 1215 2192 angustiis
1245 2148 1443 2193 portarum

325 2207 458 2244 obtriti
477 2213 578 2244 sunt.

377 2270 446 2308 VI.
476 2270 727 2308 Relucentem
747 2271 937 2309 flammam
966 2272 1090 2322 primo
1109 2271 1240 2321 vigiles
1269 2270 1440 2309 Kartha-

324 2335 568 2384 giniensium,
600 2335 735 2372 deinde
768 2336 923 2372 excitati
954 2335 1018 2373 alii
1051 2342 1242 2373 nocturno
1274 2334 1441 2373 tumultu

323 2412 439 2451 quum
459 2400 760 2453 conspexissent,
781 2400 828 2439 ab
850 2401 983 2440 eodem
999 2413 1125 2439 errore
1146 2400 1296 2440 exedere
1315 2406 1352 2437 et
1372 2399 1443 2451 ipsi
