<?xml version="1.0" encoding="UTF-8"?>
<!DOCTYPE html PUBLIC "-//W3C//DTD XHTML 1.0 Transitional//EN"
    "http://www.w3.org/TR/xhtml1/DTD/xhtml1-transitional.dtd">
<html xmlns="http://www.w3.org/1999/xhtml" xml:lang="en" lang="en">
 <head>
  <title>
</title>
<meta http-equiv="Content-Type" content="text/html;charset=utf-8" />
  <meta name='ocr-system' content='tesseract 3.04.00' />
  <meta name='ocr-capabilities' content='ocr_page ocr_carea ocr_par ocr_line ocrx_word'/>
</head>
<body>
  <div class='ocr_page' id='page_1' title='image "./historiarumquaes03livyuoft/historiarumquaes03livyuoft_0370.png"; bbox 0 0 1523 2666; ppageno 0'>
   <div class='ocr_carea' id='block_1_1' title="bbox 148 265 334 298">
    <p class='ocr_par' dir='ltr' id='par_1_1' title="bbox 148 265 334 298">
     <span class='ocr_line' id='line_1_1' title="bbox 148 265 334 298; baseline 0 -1"><span class='ocrx_word' id='word_1_1' title='bbox 148 267 198 297; x_wconf 68' lang='grc' dir='ltr'>Ἡ.</span> <span class='ocrx_word' id='word_1_2' title='bbox 209 265 246 296; x_wconf 90' lang='lat' dir='ltr'>C.</span> <span class='ocrx_word' id='word_1_3' title='bbox 261 272 334 298; x_wconf 75' lang='lat'>554.</span> 
     </span>
    </p>
   </div>
   <div class='ocr_carea' id='block_1_2' title="bbox 156 310 328 343">
    <p class='ocr_par' dir='ltr' id='par_1_2' title="bbox 156 310 328 343">
     <span class='ocr_line' id='line_1_2' title="bbox 156 310 328 343; baseline 0 -2"><span class='ocrx_word' id='word_1_4' title='bbox 156 310 243 341; x_wconf 70' lang='lat' dir='ltr'><strong>A.C.</strong></span> <span class='ocrx_word' id='word_1_5' title='bbox 256 316 328 343; x_wconf 86' lang='lat'>198.</span> 
     </span>
    </p>
   </div>
   <div class='ocr_carea' id='block_1_3' title="bbox 153 1564 327 1724">
    <p class='ocr_par' dir='ltr' id='par_1_3' title="bbox 153 1564 327 1724">
     <span class='ocr_line' id='line_1_3' title="bbox 153 1564 281 1595; baseline 0 -1"><span class='ocrx_word' id='word_1_6' title='bbox 153 1564 281 1595; x_wconf 70' lang='lat' dir='ltr'>Relicta</span> 
     </span>
     <span class='ocr_line' id='line_1_4' title="bbox 159 1608 304 1637; baseline -0.007 0"><span class='ocrx_word' id='word_1_7' title='bbox 159 1608 304 1637; x_wconf 78' lang='lat' dir='ltr'>Corinthi</span> 
     </span>
     <span class='ocr_line' id='line_1_5' title="bbox 157 1651 327 1690; baseline 0 -10"><span class='ocrx_word' id='word_1_8' title='bbox 157 1651 327 1690; x_wconf 76' lang='lat' dir='ltr'>obpugna-</span> 
     </span>
     <span class='ocr_line' id='line_1_6' title="bbox 157 1695 212 1724; baseline 0.018 -1"><span class='ocrx_word' id='word_1_9' title='bbox 157 1695 212 1724; x_wconf 61' lang='lat' dir='ltr'>tic„</span> 
     </span>
    </p>
   </div>
   <div class='ocr_carea' id='block_1_4' title="bbox 349 164 1009 218">
    <p class='ocr_par' dir='ltr' id='par_1_4' title="bbox 349 164 1009 218">
     <span class='ocr_line' id='line_1_7' title="bbox 349 164 1009 218; baseline -0.006 -13"><span class='ocrx_word' id='word_1_10' title='bbox 349 164 434 218; x_wconf 81' lang='lat'>360</span> <span class='ocrx_word' id='word_1_11' title='bbox 806 173 852 201; x_wconf 78' lang='grc' dir='ltr'>Τ.</span> <span class='ocrx_word' id='word_1_12' title='bbox 878 173 1009 202; x_wconf 78' lang='lat' dir='ltr'>L1v11</span> 
     </span>
    </p>
   </div>
   <div class='ocr_carea' id='block_1_5' title="bbox 350 262 1465 443">
    <p class='ocr_par' dir='ltr' id='par_1_5' title="bbox 350 262 1465 443">
     <span class='ocr_line' id='line_1_8' title="bbox 354 262 1463 314; baseline 0.001 -15"><span class='ocrx_word' id='word_1_13' title='bbox 354 276 467 313; x_wconf 86' lang='lat' dir='ltr'>quam</span> <span class='ocrx_word' id='word_1_14' title='bbox 486 263 606 300; x_wconf 86' lang='lat' dir='ltr'>civem</span> <span class='ocrx_word' id='word_1_15' title='bbox 626 269 663 300; x_wconf 89' lang='lat' dir='ltr'>et</span> <span class='ocrx_word' id='word_1_16' title='bbox 682 263 863 311; x_wconf 81' lang='lat' dir='ltr'>suffragio</span> <span class='ocrx_word' id='word_1_17' title='bbox 883 269 1052 299; x_wconf 84' lang='lat' dir='ltr'>creatum</span> <span class='ocrx_word' id='word_1_18' title='bbox 1072 274 1155 307; x_wconf 86' lang='lat' dir='ltr'>suo,</span> <span class='ocrx_word' id='word_1_19' title='bbox 1175 263 1334 314; x_wconf 59' lang='lat' dir='ltr'>impe‘rio</span> <span class='ocrx_word' id='word_1_20' title='bbox 1353 262 1463 314; x_wconf 76' lang='lat' dir='ltr'>justo</span> 
     </span>
     <span class='ocr_line' id='line_1_9' title="bbox 351 328 1465 379; baseline 0 -15"><span class='ocrx_word' id='word_1_21' title='bbox 351 328 618 379; x_wconf 74' lang='lat' dir='ltr'>patiebantur,</span> <span class='ocrx_word' id='word_1_22' title='bbox 652 328 774 364; x_wconf 90' lang='lat' dir='ltr'>omnis</span> <span class='ocrx_word' id='word_1_23' title='bbox 801 328 887 364; x_wconf 92' lang='lat' dir='ltr'>inde</span> <span class='ocrx_word' id='word_1_24' title='bbox 911 341 994 378; x_wconf 89' lang='lat' dir='ltr'>spes</span> <span class='ocrx_word' id='word_1_25' title='bbox 1018 328 1276 378; x_wconf 78' lang='lat' dir='ltr'>pugnantibus</span> <span class='ocrx_word' id='word_1_26' title='bbox 1296 330 1334 364; x_wconf 90' lang='lat' dir='ltr'>in</span> <span class='ocrx_word' id='word_1_27' title='bbox 1355 329 1405 372; x_wconf 89' lang='lat' dir='ltr'>vi,</span> <span class='ocrx_word' id='word_1_28' title='bbox 1426 335 1465 364; x_wconf 87' lang='lat' dir='ltr'>et</span> 
     </span>
     <span class='ocr_line' id='line_1_10' title="bbox 350 392 1464 443; baseline -0.002 -13"><span class='ocrx_word' id='word_1_29' title='bbox 350 395 478 436; x_wconf 86' lang='lat' dir='ltr'>armis,</span> <span class='ocrx_word' id='word_1_30' title='bbox 500 401 538 429; x_wconf 91' lang='lat' dir='ltr'>et</span> <span class='ocrx_word' id='word_1_31' title='bbox 557 392 733 443; x_wconf 82' lang='lat' dir='ltr'>operibus</span> <span class='ocrx_word' id='word_1_32' title='bbox 754 400 853 428; x_wconf 78' lang='lat' dir='ltr'>erat:</span> <span class='ocrx_word' id='word_1_33' title='bbox 878 393 1042 441; x_wconf 90' lang='lat' dir='ltr'>undique</span> <span class='ocrx_word' id='word_1_34' title='bbox 1062 404 1218 441; x_wconf 80' lang='lat' dir='ltr'>aggeres</span> <span class='ocrx_word' id='word_1_35' title='bbox 1238 393 1341 429; x_wconf 81' lang='lat' dir='ltr'>haud</span> <span class='ocrx_word' id='word_1_36' title='bbox 1358 392 1464 429; x_wconf 84' lang='lat' dir='ltr'>facili</span> 
     </span>
    </p>
   </div>
   <div class='ocr_carea' id='block_1_6' title="bbox 349 456 1514 573">
    <p class='ocr_par' dir='ltr' id='par_1_6' title="bbox 349 456 1514 573">
     <span class='ocr_line' id='line_1_11' title="bbox 350 456 1505 506; baseline -0.003 -12"><span class='ocrx_word' id='word_1_37' title='bbox 350 459 455 495; x_wconf 89' lang='lat' dir='ltr'>aditu</span> <span class='ocrx_word' id='word_1_38' title='bbox 475 458 522 494; x_wconf 83' lang='lat' dir='ltr'>ad</span> <span class='ocrx_word' id='word_1_39' title='bbox 542 457 683 493; x_wconf 72' lang='lat' dir='ltr'>moenia</span> <span class='ocrx_word' id='word_1_40' title='bbox 702 456 1011 493; x_wconf 80' lang='lat' dir='ltr'>admovebantur.</span> <span class='ocrx_word' id='word_1_41' title='bbox 1067 457 1178 492; x_wconf 87' lang='lat' dir='ltr'>Aries</span> <span class='ocrx_word' id='word_1_42' title='bbox 1202 469 1249 492; x_wconf 83' lang='lat' dir='ltr'>ex</span> <span class='ocrx_word' id='word_1_43' title='bbox 1272 469 1316 493; x_wconf 86' lang='lat' dir='ltr'>ea</span> <span class='ocrx_word' id='word_1_44' title='bbox 1340 462 1462 506; x_wconf 85' lang='lat' dir='ltr'>parte,</span> <span class='ocrx_word' id='word_1_45' title='bbox 1504 463 1505 502; x_wconf 56' lang='lat' dir='ltr'><strong>J</strong></span> 
     </span>
     <span class='ocr_line' id='line_1_12' title="bbox 349 520 1514 573; baseline -0.003 -14"><span class='ocrx_word' id='word_1_46' title='bbox 349 536 463 573; x_wconf 89' lang='lat' dir='ltr'>quam</span> <span class='ocrx_word' id='word_1_47' title='bbox 486 521 655 557; x_wconf 86' lang='lat' dir='ltr'>Romani</span> <span class='ocrx_word' id='word_1_48' title='bbox 677 520 966 570; x_wconf 84' lang='lat' dir='ltr'>obpugnabant,</span> <span class='ocrx_word' id='word_1_49' title='bbox 988 521 1225 570; x_wconf 84' lang='lat' dir='ltr'>aliquantum</span> <span class='ocrx_word' id='word_1_50' title='bbox 1244 521 1341 557; x_wconf 90' lang='lat' dir='ltr'>muri</span> <span class='ocrx_word' id='word_1_51' title='bbox 1362 520 1462 556; x_wconf 86' lang='lat' dir='ltr'>diru-</span> <span class='ocrx_word' id='word_1_52' title='bbox 1512 544 1514 546; x_wconf 35' lang='lat' dir='ltr'>v</span> 
     </span>
    </p>
   </div>
   <div class='ocr_carea' id='block_1_7' title="bbox 346 584 1465 764">
    <p class='ocr_par' dir='ltr' id='par_1_7' title="bbox 346 584 1465 764">
     <span class='ocr_line' id='line_1_13' title="bbox 350 584 1465 634; baseline -0.003 -11"><span class='ocrx_word' id='word_1_53' title='bbox 350 593 451 623; x_wconf 85' lang='lat' dir='ltr'>erat:</span> <span class='ocrx_word' id='word_1_54' title='bbox 474 587 514 621; x_wconf 87' lang='lat' dir='ltr'>in</span> <span class='ocrx_word' id='word_1_55' title='bbox 534 598 646 634; x_wconf 85' lang='lat' dir='ltr'>quem</span> <span class='ocrx_word' id='word_1_56' title='bbox 665 584 804 627; x_wconf 84' lang='lat' dir='ltr'>locum,</span> <span class='ocrx_word' id='word_1_57' title='bbox 827 585 914 633; x_wconf 82' lang='lat' dir='ltr'>quia</span> <span class='ocrx_word' id='word_1_58' title='bbox 933 585 1095 621; x_wconf 82' lang='lat' dir='ltr'>nudatus</span> <span class='ocrx_word' id='word_1_59' title='bbox 1114 587 1351 621; x_wconf 87' lang='lat' dir='ltr'>munimento</span> <span class='ocrx_word' id='word_1_60' title='bbox 1368 590 1465 627; x_wconf 86' lang='lat' dir='ltr'>erat,</span> 
     </span>
     <span class='ocr_line' id='line_1_14' title="bbox 346 649 1464 702; baseline -0.003 -15"><span class='ocrx_word' id='word_1_61' title='bbox 346 650 629 702; x_wconf 82' lang='lat' dir='ltr'>protegendum</span> <span class='ocrx_word' id='word_1_62' title='bbox 648 650 760 685; x_wconf 76' lang='lat' dir='ltr'>armis</span> <span class='ocrx_word' id='word_1_63' title='bbox 781 661 897 698; x_wconf 89' lang='lat' dir='ltr'>quum</span> <span class='ocrx_word' id='word_1_64' title='bbox 915 649 1147 686; x_wconf 81' lang='lat' dir='ltr'>Macedones</span> <span class='ocrx_word' id='word_1_65' title='bbox 1169 650 1464 693; x_wconf 83' lang='lat' dir='ltr'>concurrissent,</span> 
     </span>
     <span class='ocr_line' id='line_1_15' title="bbox 352 712 1464 764; baseline -0.003 -13"><span class='ocrx_word' id='word_1_66' title='bbox 352 722 463 751; x_wconf 81' lang='lat' dir='ltr'>atrox</span> <span class='ocrx_word' id='word_1_67' title='bbox 483 713 660 764; x_wconf 81' lang='lat' dir='ltr'>proelium</span> <span class='ocrx_word' id='word_1_68' title='bbox 680 714 778 749; x_wconf 89' lang='lat' dir='ltr'>inter</span> <span class='ocrx_word' id='word_1_69' title='bbox 799 726 862 748; x_wconf 90' lang='lat' dir='ltr'>eos</span> <span class='ocrx_word' id='word_1_70' title='bbox 880 726 923 749; x_wconf 85' lang='lat' dir='ltr'>ac</span> <span class='ocrx_word' id='word_1_71' title='bbox 943 712 1142 749; x_wconf 85' lang='lat' dir='ltr'>Romanos</span> <span class='ocrx_word' id='word_1_72' title='bbox 1162 720 1287 749; x_wconf 77' lang='lat' dir='ltr'>ortum</span> <span class='ocrx_word' id='word_1_73' title='bbox 1309 720 1378 748; x_wconf 87' lang='lat' dir='ltr'>cst.</span> <span class='ocrx_word' id='word_1_74' title='bbox 1407 713 1464 748; x_wconf 90' lang='lat' dir='ltr'>Ac</span> 
     </span>
    </p>
   </div>
   <div class='ocr_carea' id='block_1_8' title="bbox 350 779 1507 832">
    <p class='ocr_par' dir='ltr' id='par_1_8' title="bbox 350 779 1507 832">
     <span class='ocr_line' id='line_1_16' title="bbox 350 779 1507 832; baseline -0.003 -15"><span class='ocrx_word' id='word_1_75' title='bbox 350 783 475 832; x_wconf 84' lang='lat' dir='ltr'>primo</span> <span class='ocrx_word' id='word_1_76' title='bbox 495 780 736 817; x_wconf 84' lang='lat' dir='ltr'>multitudine</span> <span class='ocrx_word' id='word_1_77' title='bbox 751 779 862 815; x_wconf 81' lang='lat' dir='ltr'>facile</span> <span class='ocrx_word' id='word_1_78' title='bbox 881 779 1166 829; x_wconf 80' lang='lat' dir='ltr'>expellebantur</span> <span class='ocrx_word' id='word_1_79' title='bbox 1185 779 1351 815; x_wconf 85' lang='lat' dir='ltr'>Romani</span> <span class='ocrx_word' id='word_1_80' title='bbox 1368 794 1375 814; x_wconf 93' lang='lat'>:</span> <span class='ocrx_word' id='word_1_81' title='bbox 1399 779 1465 814; x_wconf 86' lang='lat' dir='ltr'>ad·</span> <span class='ocrx_word' id='word_1_82' title='bbox 1506 787 1507 791; x_wconf 76' lang='grc'>’</span> 
     </span>
    </p>
   </div>
   <div class='ocr_carea' id='block_1_9' title="bbox 345 842 1469 1931">
    <p class='ocr_par' dir='ltr' id='par_1_9' title="bbox 345 842 1469 1931">
     <span class='ocr_line' id='line_1_17' title="bbox 353 842 1465 892; baseline -0.004 -10"><span class='ocrx_word' id='word_1_83' title='bbox 353 847 486 882; x_wconf 89' lang='lat' dir='ltr'>sumtis</span> <span class='ocrx_word' id='word_1_84' title='bbox 511 845 646 881; x_wconf 88' lang='lat' dir='ltr'>deinde</span> <span class='ocrx_word' id='word_1_85' title='bbox 671 845 900 880; x_wconf 80' lang='lat' dir='ltr'>Achaeorum</span> <span class='ocrx_word' id='word_1_86' title='bbox 927 844 1124 892; x_wconf 79' lang='lat' dir='ltr'>Attalique</span> <span class='ocrx_word' id='word_1_87' title='bbox 1153 842 1318 886; x_wconf 78' lang='lat' dir='ltr'>auxiliis,</span> <span class='ocrx_word' id='word_1_88' title='bbox 1340 856 1465 892; x_wconf 86' lang='lat' dir='ltr'>aequa-</span> 
     </span>
     <span class='ocr_line' id='line_1_18' title="bbox 351 907 1466 957; baseline -0.004 -10"><span class='ocrx_word' id='word_1_89' title='bbox 351 911 447 947; x_wconf 87' lang='lat' dir='ltr'>bant</span> <span class='ocrx_word' id='word_1_90' title='bbox 467 915 679 946; x_wconf 84' lang='lat' dir='ltr'>certamen:</span> <span class='ocrx_word' id='word_1_91' title='bbox 712 921 781 944; x_wconf 86' lang='lat' dir='ltr'>nec</span> <span class='ocrx_word' id='word_1_92' title='bbox 811 908 967 944; x_wconf 87' lang='lat' dir='ltr'>dubium</span> <span class='ocrx_word' id='word_1_93' title='bbox 998 915 1091 951; x_wconf 86' lang='lat' dir='ltr'>erat,</span> <span class='ocrx_word' id='word_1_94' title='bbox 1113 909 1205 957; x_wconf 78' lang='lat' dir='ltr'>quin</span> <span class='ocrx_word' id='word_1_95' title='bbox 1233 907 1466 944; x_wconf 77' lang='lat' dir='ltr'>Macedonas</span> 
     </span>
     <span class='ocr_line' id='line_1_19' title="bbox 347 971 1467 1023; baseline -0.004 -12"><span class='ocrx_word' id='word_1_96' title='bbox 347 976 586 1023; x_wconf 39' lang='lat' dir='ltr'>*Graecosque</span> <span class='ocrx_word' id='word_1_97' title='bbox 610 973 722 1010; x_wconf 78' lang='lat' dir='ltr'>facile</span> <span class='ocrx_word' id='word_1_98' title='bbox 749 973 837 1009; x_wconf 88' lang='lat' dir='ltr'>loco</span> <span class='ocrx_word' id='word_1_99' title='bbox 858 973 1002 1023; x_wconf 83' lang='lat' dir='ltr'>pulsuri</span> <span class='ocrx_word' id='word_1_100' title='bbox 1021 973 1174 1009; x_wconf 77' lang='lat' dir='ltr'>fuerint.</span> <span class='ocrx_word' id='word_1_101' title='bbox 1231 971 1467 1020; x_wconf 86' lang='lat' dir='ltr'>Transfuga-</span> 
     </span>
     <span class='ocr_line' id='line_1_20' title="bbox 351 1037 1466 1086; baseline -0.003 -10"><span class='ocrx_word' id='word_1_102' title='bbox 351 1053 436 1077; x_wconf 88' lang='lat' dir='ltr'>rum</span> <span class='ocrx_word' id='word_1_103' title='bbox 473 1039 695 1075; x_wconf 86' lang='lat' dir='ltr'>Italicorum</span> <span class='ocrx_word' id='word_1_104' title='bbox 732 1050 871 1086; x_wconf 86' lang='lat' dir='ltr'>magna</span> <span class='ocrx_word' id='word_1_105' title='bbox 907 1037 1111 1073; x_wconf 84' lang='lat' dir='ltr'>multitudo</span> <span class='ocrx_word' id='word_1_106' title='bbox 1149 1043 1249 1081; x_wconf 52' lang='lat' dir='ltr'>e0rat3</span> <span class='ocrx_word' id='word_1_107' title='bbox 1300 1047 1386 1086; x_wconf 85' lang='lat' dir='ltr'>pars</span> <span class='ocrx_word' id='word_1_108' title='bbox 1419 1048 1466 1073; x_wconf 75' lang='lat' dir='ltr'>ex</span> 
     </span>
     <span class='ocr_line' id='line_1_21' title="bbox 351 1100 1467 1151; baseline -0.004 -11"><span class='ocrx_word' id='word_1_109' title='bbox 351 1103 582 1141; x_wconf 77' lang='lat' dir='ltr'>Hannibalis</span> <span class='ocrx_word' id='word_1_110' title='bbox 603 1102 770 1138; x_wconf 81' lang='lat' dir='ltr'>exercitu</span> <span class='ocrx_word' id='word_1_111' title='bbox 798 1107 902 1137; x_wconf 85' lang='lat' dir='ltr'>metu</span> <span class='ocrx_word' id='word_1_112' title='bbox 925 1114 1049 1151; x_wconf 80' lang='lat' dir='ltr'>poenae</span> <span class='ocrx_word' id='word_1_113' title='bbox 1072 1114 1093 1137; x_wconf 86' lang='lat' dir='ltr'>a</span> <span class='ocrx_word' id='word_1_114' title='bbox 1112 1100 1299 1136; x_wconf 86' lang='lat' dir='ltr'>Romanis</span> <span class='ocrx_word' id='word_1_115' title='bbox 1320 1100 1467 1149; x_wconf 84' lang='lat' dir='ltr'>Philip-</span> 
     </span>
     <span class='ocr_line' id='line_1_22' title="bbox 351 1165 1467 1219; baseline -0.003 -14"><span class='ocrx_word' id='word_1_116' title='bbox 351 1182 442 1219; x_wconf 84' lang='lat' dir='ltr'>pum</span> <span class='ocrx_word' id='word_1_117' title='bbox 462 1168 595 1210; x_wconf 85' lang='lat' dir='ltr'>secuti,</span> <span class='ocrx_word' id='word_1_118' title='bbox 616 1179 708 1217; x_wconf 23' lang='lat' dir='ltr'>,pars</span> <span class='ocrx_word' id='word_1_119' title='bbox 729 1166 879 1202; x_wconf 78' lang='lat' dir='ltr'>navales</span> <span class='ocrx_word' id='word_1_120' title='bbox 902 1167 1009 1209; x_wconf 88' lang='lat' dir='ltr'>socii,</span> <span class='ocrx_word' id='word_1_121' title='bbox 1031 1165 1171 1201; x_wconf 87' lang='lat' dir='ltr'>relictis</span> <span class='ocrx_word' id='word_1_122' title='bbox 1198 1178 1318 1215; x_wconf 86' lang='lat' dir='ltr'>nuper</span> <span class='ocrx_word' id='word_1_123' title='bbox 1337 1165 1467 1202; x_wconf 85' lang='lat' dir='ltr'>classi-</span> 
     </span>
     <span class='ocr_line' id='line_1_23' title="bbox 351 1229 1466 1281; baseline -0.003 -12"><span class='ocrx_word' id='word_1_124' title='bbox 351 1233 437 1276; x_wconf 85' lang='lat' dir='ltr'>bus,</span> <span class='ocrx_word' id='word_1_125' title='bbox 459 1233 505 1268; x_wconf 85' lang='lat' dir='ltr'>ad</span> <span class='ocrx_word' id='word_1_126' title='bbox 533 1243 638 1281; x_wconf 83' lang='lat' dir='ltr'>spem</span> <span class='ocrx_word' id='word_1_127' title='bbox 664 1230 922 1265; x_wconf 83' lang='lat' dir='ltr'>honoratioris</span> <span class='ocrx_word' id='word_1_128' title='bbox 944 1229 1088 1265; x_wconf 84' lang='lat' dir='ltr'>militiae</span> <span class='ocrx_word' id='word_1_129' title='bbox 1114 1230 1363 1277; x_wconf 72' lang='lat' dir='ltr'>transgressi:</span> <span class='ocrx_word' id='word_1_130' title='bbox 1396 1230 1466 1266; x_wconf 81' lang='lat' dir='ltr'>hos</span> 
     </span>
     <span class='ocr_line' id='line_1_24' title="bbox 350 1293 1466 1347; baseline -0.004 -14"><span class='ocrx_word' id='word_1_131' title='bbox 350 1298 551 1347; x_wconf 86' lang='lat' dir='ltr'>desperata</span> <span class='ocrx_word' id='word_1_132' title='bbox 569 1295 684 1337; x_wconf 83' lang='lat' dir='ltr'>salus,</span> <span class='ocrx_word' id='word_1_133' title='bbox 707 1295 738 1329; x_wconf 88' lang='lat' dir='ltr'>si</span> <span class='ocrx_word' id='word_1_134' title='bbox 757 1293 925 1329; x_wconf 85' lang='lat' dir='ltr'>Romani</span> <span class='ocrx_word' id='word_1_135' title='bbox 945 1294 1138 1337; x_wconf 76' lang='lat' dir='ltr'>vicissent,</span> <span class='ocrx_word' id='word_1_136' title='bbox 1158 1293 1207 1329; x_wconf 83' lang='lat' dir='ltr'>ad</span> <span class='ocrx_word' id='word_1_137' title='bbox 1226 1293 1370 1329; x_wconf 85' lang='lat' dir='ltr'>rabiem</span> <span class='ocrx_word' id='word_1_138' title='bbox 1387 1306 1466 1329; x_wconf 91' lang='lat' dir='ltr'>ma—</span> 
     </span>
     <span class='ocr_line' id='line_1_25' title="bbox 352 1359 1466 1411; baseline -0.003 -13"><span class='ocrx_word' id='word_1_139' title='bbox 352 1364 424 1411; x_wconf 78' lang='lat' dir='ltr'>giS,</span> <span class='ocrx_word' id='word_1_140' title='bbox 443 1374 556 1411; x_wconf 86' lang='lat' dir='ltr'>quam</span> <span class='ocrx_word' id='word_1_141' title='bbox 571 1360 780 1403; x_wconf 82' lang='lat' dir='ltr'>audaciam,</span> <span class='ocrx_word' id='word_1_142' title='bbox 802 1359 1045 1396; x_wconf 84' lang='lat' dir='ltr'>accendebat.</span> <span class='ocrx_word' id='word_1_143' title='bbox 1075 1359 1390 1395; x_wconf 86' lang='lat' dir='ltr'>Promontorium</span> <span class='ocrx_word' id='word_1_144' title='bbox 1409 1366 1466 1395; x_wconf 85' lang='lat' dir='ltr'>est</span> 
     </span>
     <span class='ocr_line' id='line_1_26' title="bbox 345 1424 1466 1474; baseline -0.003 -11"><span class='ocrx_word' id='word_1_145' title='bbox 345 1427 529 1463; x_wconf 70' lang='lat' dir='ltr'>adversus</span> <span class='ocrx_word' id='word_1_146' title='bbox 557 1426 773 1474; x_wconf 82' lang='lat' dir='ltr'>Sicyonem,</span> <span class='ocrx_word' id='word_1_147' title='bbox 790 1424 960 1460; x_wconf 74' lang='lat' dir='ltr'>vJunonis</span> <span class='ocrx_word' id='word_1_148' title='bbox 981 1438 1094 1473; x_wconf 84' lang='lat' dir='ltr'>quam</span> <span class='ocrx_word' id='word_1_149' title='bbox 1118 1433 1259 1460; x_wconf 80' lang='lat' dir='ltr'>vocant</span> <span class='ocrx_word' id='word_1_150' title='bbox 1277 1425 1466 1467; x_wconf 83' lang='lat' dir='ltr'>Acraeam,</span> 
     </span>
     <span class='ocr_line' id='line_1_27' title="bbox 352 1489 1467 1539; baseline -0.004 -11"><span class='ocrx_word' id='word_1_151' title='bbox 352 1494 392 1528; x_wconf 85' lang='lat' dir='ltr'>in</span> <span class='ocrx_word' id='word_1_152' title='bbox 413 1491 531 1528; x_wconf 87' lang='lat' dir='ltr'>altum</span> <span class='ocrx_word' id='word_1_153' title='bbox 551 1502 772 1535; x_wconf 79' lang='lat' dir='ltr'>excurrens;</span> <span class='ocrx_word' id='word_1_154' title='bbox 806 1489 986 1539; x_wconf 83' lang='lat' dir='ltr'>trajectus</span> <span class='ocrx_word' id='word_1_155' title='bbox 1011 1490 1098 1525; x_wconf 85' lang='lat' dir='ltr'>inde</span> <span class='ocrx_word' id='word_1_156' title='bbox 1118 1490 1360 1531; x_wconf 86' lang='lat' dir='ltr'>Corinthum,</span> <span class='ocrx_word' id='word_1_157' title='bbox 1383 1502 1467 1539; x_wconf 70' lang='lat' dir='ltr'>sep-</span> 
     </span>
     <span class='ocr_line' id='line_1_28' title="bbox 353 1554 1469 1604; baseline -0.004 -11"><span class='ocrx_word' id='word_1_158' title='bbox 353 1564 431 1593; x_wconf 87' lang='lat' dir='ltr'>tem</span> <span class='ocrx_word' id='word_1_159' title='bbox 458 1556 577 1592; x_wconf 82' lang='lat' dir='ltr'>millia</span> <span class='ocrx_word' id='word_1_160' title='bbox 604 1555 722 1591; x_wconf 86' lang='lat' dir='ltr'>ferme</span> <span class='ocrx_word' id='word_1_161' title='bbox 750 1567 948 1604; x_wconf 84' lang='lat' dir='ltr'>passuum:</span> <span class='ocrx_word' id='word_1_162' title='bbox 982 1567 1027 1590; x_wconf 89' lang='lat' dir='ltr'>eo</span> <span class='ocrx_word' id='word_1_163' title='bbox 1054 1554 1259 1597; x_wconf 78' lang='lat' dir='ltr'>Philocles,</span> <span class='ocrx_word' id='word_1_164' title='bbox 1280 1555 1405 1604; x_wconf 80' lang='lat' dir='ltr'>regius</span> <span class='ocrx_word' id='word_1_165' title='bbox 1430 1560 1469 1589; x_wconf 87' lang='lat' dir='ltr'>et</span> 
     </span>
     <span class='ocr_line' id='line_1_29' title="bbox 354 1617 1468 1672; baseline -0.004 -14"><span class='ocrx_word' id='word_1_166' title='bbox 354 1622 433 1672; x_wconf 88' lang='lat' dir='ltr'>ipse</span> <span class='ocrx_word' id='word_1_167' title='bbox 458 1620 677 1671; x_wconf 61' lang='lat' dir='ltr'>praefectus,</span> <span class='ocrx_word' id='word_1_168' title='bbox 698 1619 801 1655; x_wconf 84' lang='lat' dir='ltr'>mille</span> <span class='ocrx_word' id='word_1_169' title='bbox 821 1625 859 1654; x_wconf 91' lang='lat' dir='ltr'>et</span> <span class='ocrx_word' id='word_1_170' title='bbox 881 1620 1109 1668; x_wconf 77' lang='lat' dir='ltr'>quingentos</span> <span class='ocrx_word' id='word_1_171' title='bbox 1130 1618 1268 1654; x_wconf 82' lang='lat' dir='ltr'>milites</span> <span class='ocrx_word' id='word_1_172' title='bbox 1290 1631 1356 1667; x_wconf 81' lang='lat' dir='ltr'>per</span> <span class='ocrx_word' id='word_1_173' title='bbox 1375 1617 1468 1655; x_wconf 71' lang='grc' dir='ltr'>Βω-</span> 
     </span>
     <span class='ocr_line' id='line_1_30' title="bbox 355 1682 1468 1733; baseline -0.002 -11"><span class='ocrx_word' id='word_1_174' title='bbox 355 1686 472 1722; x_wconf 83' lang='lat' dir='ltr'>otiam</span> <span class='ocrx_word' id='word_1_175' title='bbox 494 1685 620 1721; x_wconf 65' lang='lat' dir='ltr'>duxit:</span> <span class='ocrx_word' id='word_1_176' title='bbox 654 1691 793 1733; x_wconf 81' lang='lat' dir='ltr'>praesto</span> <span class='ocrx_word' id='word_1_177' title='bbox 820 1683 925 1719; x_wconf 81' lang='lat' dir='ltr'>fuere</span> <span class='ocrx_word' id='word_1_178' title='bbox 955 1683 1002 1719; x_wconf 89' lang='lat' dir='ltr'>ab</span> <span class='ocrx_word' id='word_1_179' title='bbox 1035 1683 1223 1720; x_wconf 87' lang='lat' dir='ltr'>Corintho</span> <span class='ocrx_word' id='word_1_180' title='bbox 1253 1682 1382 1726; x_wconf 79' lang='lat' dir='ltr'>lembi,</span> <span class='ocrx_word' id='word_1_181' title='bbox 1403 1684 1468 1732; x_wconf 85' lang='lat' dir='ltr'>qui</span> 
     </span>
     <span class='ocr_line' id='line_1_31' title="bbox 353 1748 1468 1801; baseline -0.001 -15"><span class='ocrx_word' id='word_1_182' title='bbox 353 1750 571 1801; x_wconf 76' lang='lat' dir='ltr'>praesidium</span> <span class='ocrx_word' id='word_1_183' title='bbox 591 1749 628 1784; x_wconf 85' lang='lat' dir='ltr'>id</span> <span class='ocrx_word' id='word_1_184' title='bbox 649 1755 845 1799; x_wconf 80' lang='lat' dir='ltr'>acceptum</span> <span class='ocrx_word' id='word_1_185' title='bbox 861 1748 1067 1784; x_wconf 81' lang='lat' dir='ltr'>Lechaeum</span> <span class='ocrx_word' id='word_1_186' title='bbox 1086 1748 1318 1798; x_wconf 81' lang='lat' dir='ltr'>trajicerent.</span> <span class='ocrx_word' id='word_1_187' title='bbox 1362 1749 1468 1785; x_wconf 85' lang='lat' dir='ltr'>Auc-</span> 
     </span>
     <span class='ocr_line' id='line_1_32' title="bbox 354 1813 1468 1863; baseline -0.002 -12"><span class='ocrx_word' id='word_1_188' title='bbox 354 1824 416 1851; x_wconf 81' lang='lat' dir='ltr'>tor</span> <span class='ocrx_word' id='word_1_189' title='bbox 442 1820 523 1850; x_wconf 85' lang='lat' dir='ltr'>erat</span> <span class='ocrx_word' id='word_1_190' title='bbox 549 1813 716 1856; x_wconf 82' lang='lat' dir='ltr'>Attalus,</span> <span class='ocrx_word' id='word_1_191' title='bbox 738 1813 900 1849; x_wconf 75' lang='lat' dir='ltr'>incensis</span> <span class='ocrx_word' id='word_1_192' title='bbox 932 1813 1125 1863; x_wconf 82' lang='lat' dir='ltr'>operibus,</span> <span class='ocrx_word' id='word_1_193' title='bbox 1153 1813 1373 1849; x_wconf 76' lang='lat' dir='ltr'>omittendae</span> <span class='ocrx_word' id='word_1_194' title='bbox 1403 1826 1468 1849; x_wconf 82' lang='lat' dir='ltr'>ex-</span> 
     </span>
     <span class='ocr_line' id='line_1_33' title="bbox 345 1880 1468 1931; baseline -0.002 -13"><span class='ocrx_word' id='word_1_195' title='bbox 345 1881 498 1931; x_wconf 60' lang='lat' dir='ltr'>‘templo</span> <span class='ocrx_word' id='word_1_196' title='bbox 533 1880 846 1930; x_wconf 79' lang='lat' dir='ltr'>obpugnationis.</span> <span class='ocrx_word' id='word_1_197' title='bbox 910 1880 1148 1916; x_wconf 83' lang='lat' dir='ltr'>Pertinacius</span> <span class='ocrx_word' id='word_1_198' title='bbox 1188 1880 1390 1920; x_wconf 81' lang='lat' dir='ltr'>Quinctius</span> <span class='ocrx_word' id='word_1_199' title='bbox 1429 1881 1468 1916; x_wconf 87' lang='lat' dir='ltr'>iu</span> 
     </span>
    </p>
   </div>
   <div class='ocr_carea' id='block_1_10' title="bbox 354 1944 1521 1996">
    <p class='ocr_par' dir='ltr' id='par_1_10' title="bbox 354 1944 1521 1996">
     <span class='ocr_line' id='line_1_34' title="bbox 354 1944 1521 1996; baseline -0.003 -13"><span class='ocrx_word' id='word_1_200' title='bbox 354 1949 508 1996; x_wconf 84' lang='lat' dir='ltr'>incepto</span> <span class='ocrx_word' id='word_1_201' title='bbox 528 1945 745 1995; x_wconf 80' lang='lat' dir='ltr'>perstabat:</span> <span class='ocrx_word' id='word_1_202' title='bbox 779 1946 809 1979; x_wconf 89' lang='lat' dir='ltr'>is</span> <span class='ocrx_word' id='word_1_203' title='bbox 831 1958 982 1993; x_wconf 80' lang='lat' dir='ltr'>quoque</span> <span class='ocrx_word' id='word_1_204' title='bbox 1003 1952 1044 1980; x_wconf 83' lang='lat' dir='ltr'>ut</span> <span class='ocrx_word' id='word_1_205' title='bbox 1064 1958 1132 1993; x_wconf 79' lang='lat' dir='ltr'>pro</span> <span class='ocrx_word' id='word_1_206' title='bbox 1153 1944 1328 1980; x_wconf 82' lang='lat' dir='ltr'>omnibus</span> <span class='ocrx_word' id='word_1_207' title='bbox 1348 1945 1468 1994; x_wconf 77' lang='lat' dir='ltr'>portis</span> <span class='ocrx_word' id='word_1_208' title='bbox 1519 1944 1521 1947; x_wconf 68' lang='grc'>’</span> 
     </span>
    </p>
   </div>
   <div class='ocr_carea' id='block_1_11' title="bbox 354 2009 1523 2061">
    <p class='ocr_par' dir='ltr' id='par_1_11' title="bbox 354 2009 1523 2061">
     <span class='ocr_line' id='line_1_35' title="bbox 354 2009 1523 2061; baseline -0.001 -14"><span class='ocrx_word' id='word_1_209' title='bbox 354 2012 539 2061; x_wconf 85' lang='lat' dir='ltr'>disposita</span> <span class='ocrx_word' id='word_1_210' title='bbox 562 2010 655 2046; x_wconf 72' lang='lat' dir='ltr'>vidit</span> <span class='ocrx_word' id='word_1_211' title='bbox 685 2010 859 2059; x_wconf 64' lang='lat' dir='ltr'>praesidia</span> <span class='ocrx_word' id='word_1_212' title='bbox 886 2010 1004 2057; x_wconf 79' lang='lat' dir='ltr'>regia,</span> <span class='ocrx_word' id='word_1_213' title='bbox 1030 2022 1098 2045; x_wconf 81' lang='lat' dir='ltr'>nec</span> <span class='ocrx_word' id='word_1_214' title='bbox 1131 2009 1242 2046; x_wconf 81' lang='lat' dir='ltr'>facile</span> <span class='ocrx_word' id='word_1_215' title='bbox 1269 2022 1468 2059; x_wconf 82' lang='lat' dir='ltr'>erumpen-</span> <span class='ocrx_word' id='word_1_216' title='bbox 1512 2039 1523 2059; x_wconf 13' lang='grc' dir='ltr'>ἵ,</span> 
     </span>
    </p>
   </div>
   <div class='ocr_carea' id='block_1_12' title="bbox 353 2067 1513 2125">
    <p class='ocr_par' dir='ltr' id='par_1_12' title="bbox 353 2067 1513 2125">
     <span class='ocr_line' id='line_1_36' title="bbox 353 2067 1513 2125; baseline -0.002 -12"><span class='ocrx_word' id='word_1_217' title='bbox 353 2077 450 2113; x_wconf 85' lang='lat' dir='ltr'>tium</span> <span class='ocrx_word' id='word_1_218' title='bbox 483 2076 633 2124; x_wconf 83' lang='lat' dir='ltr'>inpetus</span> <span class='ocrx_word' id='word_1_219' title='bbox 665 2075 843 2110; x_wconf 82' lang='lat' dir='ltr'>sustineri</span> <span class='ocrx_word' id='word_1_220' title='bbox 873 2087 998 2125; x_wconf 81' lang='lat' dir='ltr'>posse,</span> <span class='ocrx_word' id='word_1_221' title='bbox 1023 2075 1062 2109; x_wconf 90' lang='lat' dir='ltr'>in</span> <span class='ocrx_word' id='word_1_222' title='bbox 1090 2073 1213 2110; x_wconf 81' lang='lat' dir='ltr'>Attali</span> <span class='ocrx_word' id='word_1_223' title='bbox 1240 2075 1468 2111; x_wconf 73' lang='lat' dir='ltr'>sententiam</span> <span class='ocrx_word' id='word_1_224' title='bbox 1512 2067 1513 2070; x_wconf 11' lang='grc' dir='ltr'><strong>Ἴ</strong></span> 
     </span>
    </p>
   </div>
   <div class='ocr_carea' id='block_1_13' title="bbox 354 2136 1523 2189">
    <p class='ocr_par' dir='ltr' id='par_1_13' title="bbox 354 2136 1523 2189">
     <span class='ocr_line' id='line_1_37' title="bbox 354 2136 1523 2189; baseline 0 -14"><span class='ocrx_word' id='word_1_225' title='bbox 354 2141 561 2176; x_wconf 83' lang='lat' dir='ltr'>concessit:</span> <span class='ocrx_word' id='word_1_226' title='bbox 594 2140 648 2175; x_wconf 81' lang='lat' dir='ltr'>ita</span> <span class='ocrx_word' id='word_1_227' title='bbox 675 2139 782 2174; x_wconf 84' lang='lat' dir='ltr'>irrito</span> <span class='ocrx_word' id='word_1_228' title='bbox 810 2140 978 2189; x_wconf 80' lang='lat' dir='ltr'>incepto,</span> <span class='ocrx_word' id='word_1_229' title='bbox 1001 2139 1162 2175; x_wconf 76' lang='lat' dir='ltr'>dimissis</span> <span class='ocrx_word' id='word_1_230' title='bbox 1182 2139 1348 2182; x_wconf 64' lang='lat' dir='ltr'>Achaeis,</span> <span class='ocrx_word' id='word_1_231' title='bbox 1370 2140 1468 2176; x_wconf 84' lang='lat' dir='ltr'>redi-</span> <span class='ocrx_word' id='word_1_232' title='bbox 1519 2136 1523 2169; x_wconf 68' lang='grc' dir='ltr'><em>ἒ</em></span> 
     </span>
    </p>
   </div>
   <div class='ocr_carea' id='block_1_14' title="bbox 353 2203 1466 2385">
    <p class='ocr_par' dir='ltr' id='par_1_14' title="bbox 353 2203 1466 2385">
     <span class='ocr_line' id='line_1_38' title="bbox 353 2203 1466 2247; baseline 0 -6"><span class='ocrx_word' id='word_1_233' title='bbox 353 2213 433 2241; x_wconf 77' lang='lat' dir='ltr'>tum</span> <span class='ocrx_word' id='word_1_234' title='bbox 456 2204 501 2240; x_wconf 83' lang='lat' dir='ltr'>ad</span> <span class='ocrx_word' id='word_1_235' title='bbox 523 2216 634 2239; x_wconf 77' lang='lat' dir='ltr'>naves</span> <span class='ocrx_word' id='word_1_236' title='bbox 656 2209 723 2240; x_wconf 86' lang='lat' dir='ltr'>est.</span> <span class='ocrx_word' id='word_1_237' title='bbox 780 2203 934 2241; x_wconf 83' lang='lat' dir='ltr'>Attalus</span> <span class='ocrx_word' id='word_1_238' title='bbox 961 2204 1162 2247; x_wconf 68' lang='lat' dir='ltr'>Piraeeum,</span> <span class='ocrx_word' id='word_1_239' title='bbox 1184 2203 1351 2240; x_wconf 81' lang='lat' dir='ltr'>Romani</span> <span class='ocrx_word' id='word_1_240' title='bbox 1371 2205 1466 2241; x_wconf 88' lang='lat' dir='ltr'>Cor-</span> 
     </span>
     <span class='ocr_line' id='line_1_39' title="bbox 353 2269 704 2319; baseline -0.006 -13"><span class='ocrx_word' id='word_1_241' title='bbox 353 2282 479 2319; x_wconf 68' lang='lat' dir='ltr'>cyram</span> <span class='ocrx_word' id='word_1_242' title='bbox 500 2269 704 2318; x_wconf 75' lang='lat' dir='ltr'>petierunt.</span> 
     </span>
     <span class='ocr_line' id='line_1_40' title="bbox 404 2333 1465 2385; baseline -0.001 -14"><span class='ocrx_word' id='word_1_243' title='bbox 404 2333 561 2371; x_wconf 61' lang='lat' dir='ltr'>XXIV.</span> <span class='ocrx_word' id='word_1_244' title='bbox 591 2333 694 2370; x_wconf 86' lang='lat' dir='ltr'>Dum</span> <span class='ocrx_word' id='word_1_245' title='bbox 726 2335 806 2371; x_wconf 78' lang='lat' dir='ltr'>haec</span> <span class='ocrx_word' id='word_1_246' title='bbox 839 2334 885 2371; x_wconf 83' lang='lat' dir='ltr'>ab</span> <span class='ocrx_word' id='word_1_247' title='bbox 916 2333 1040 2372; x_wconf 76' lang='lat' dir='ltr'>navali</span> <span class='ocrx_word' id='word_1_248' title='bbox 1070 2335 1239 2371; x_wconf 79' lang='lat' dir='ltr'>exercitu</span> <span class='ocrx_word' id='word_1_249' title='bbox 1272 2341 1465 2385; x_wconf 81' lang='lat' dir='ltr'>geruntur,</span> 
     </span>
    </p>
   </div>
  </div>
 </body>
</html>
