1523 2666
142 297 187 329 U.
200 297 237 328 C.
253 303 325 329 560.

141 341 182 374 Α.
197 341 234 373 C.
253 347 326 374 192.

141 682 304 723 Gythium

140 732 274 765 captum
290 736 309 757 a

138 768 275 801 Nabide.

135 1829 298 1870 Philopoe-

136 1874 243 1905 menis
258 1884 307 1905 so-

135 1915 225 1947 lertia
242 1918 275 1947 in

135 1959 214 1991 locis
231 1970 282 1991 ca-

139 2008 274 2048 piendis.

333 206 420 250 530
793 208 838 237 T.
863 208 993 239 mvn

338 302 376 333 et
390 296 540 333 Achaeis
560 302 598 333 et
617 295 728 333 sociis
754 296 912 341 indicto,
932 298 972 334 in
991 311 1066 348 quo
1085 305 1123 336 et
1140 300 1385 352 Epirotarum
1401 308 1441 341 et

337 361 581 398 Acarnanum
609 360 713 397 fuere
739 361 940 412 principes,
969 364 1116 407 statuit,
1145 365 1324 414 quoniam
1348 367 1441 403 satis

336 432 376 462 et
408 437 560 461 suorum
594 437 617 461 a
640 425 781 474 pudore
807 426 1002 463 maritimae
1030 427 1247 477 ignominias
1275 430 1442 467 restituti

336 490 468 533 animi,
489 496 526 526 et
554 489 721 526 hostium
748 491 942 526 conterriti
965 499 1102 537 essent,
1124 493 1171 530 ad
1196 493 1441 531 Lacedaemo-

335 568 422 593 nem
441 555 595 592 ducere:
628 567 673 590 eo
698 554 811 590 modo
837 567 913 590 uno
938 561 1040 592 ratus
1069 556 1117 594 ab
1143 557 1341 596 obsidione
1360 559 1440 610 Gy-

335 621 408 657 thii
439 620 590 656 hostem
621 617 757 655 abduci
785 630 908 668 posse.
963 620 1025 656 Ad
1050 621 1191 672 Caryas
1216 624 1378 673 primum
1401 625 1441 662 in

334 684 504 721 hostium
524 688 624 719 terra
651 682 779 732 posuit
798 688 932 719 castra.
987 683 1048 720 Eo
1074 685 1157 735 ipso
1176 686 1236 722 die
1255 687 1441 736 Gythium

335 753 591 799 expugnatum
622 753 701 784 est:
744 745 849 797 cujus
880 747 933 783 rei
969 748 1122 796 ignarus
1160 750 1440 801 Philopoemen,

335 821 458 851 castra
473 813 519 850 ad
538 811 841 849 Barbosthenem
861 813 986 861 (mons
1005 820 1061 848 est
1076 813 1205 850 decem
1224 814 1341 852 millia
1355 829 1441 866 pas-

334 891 445 916 suum
476 876 523 913 ab
557 875 849 921 Lacedaemone)
881 876 1083 924 promovit.
1138 877 1191 913 Et
1214 877 1350 922 Nabis,
1381 892 1440 916 re-

332 948 445 992 cepto
465 939 624 990 Gythio,
646 952 731 975 cum
747 938 922 988 expedito
942 940 1109 976 exercitu
1129 940 1216 978 inde
1232 942 1438 992 profectuS,

330 1018 448 1055 quum
467 1009 603 1054 praeter
621 1002 931 1039 Lacedaemonem
950 1004 1087 1053 raptim
1108 1004 1290 1048 duxisset,
1303 1005 1441 1055 Pyrrhi

335 1072 436 1119 (quae
456 1067 610 1114 vocant)
634 1073 756 1103 castra
775 1067 993 1116 occupavit:
1027 1080 1136 1116 quem
1152 1070 1229 1119 peti
1249 1069 1374 1107 locum
1390 1071 1438 1108 ab

330 1133 497 1176 Ach'aeis,
513 1145 591 1168 non
610 1131 829 1168 dubitabat.-
851 1130 937 1166 inde
955 1131 1128 1168 hostibus
1146 1131 1326 1171 obcurrit.
1356 1134 1439 1171 Ob·

330 1197 506 1234 tinebant
525 1202 651 1232 autem
677 1194 793 1243 longo
814 1194 963 1242 agmine
983 1201 1137 1244 propter
1156 1198 1349 1244 angustias
1370 1200 1439 1236 viae

331 1273 450 1312 prope
467 1260 633 1308 quinque
652 1258 768 1294 millia
787 1270 987 1307 passuum:
1011 1257 1218 1306 cogebatur
1237 1272 1372 1308 agmen
1389 1262 1437 1299 ab

330 1323 534 1374 equitibus,
554 1329 591 1358 et
607 1323 767 1358 maxime
783 1335 805 1357 a
821 1327 929 1370 parte
943 1321 1168 1358 auxiliorum
1177 1337 1188 1369 5
1221 1324 1322 1372 quod
1339 1327 1438 1363 exis-

329 1388 491 1426 timabat
515 1387 793 1437 Philopoemen,
813 1392 1016 1435 tyrannum
1042 1388 1280 1424 mercenariis
1309 1389 1440 1428 militi-

328 1453 415 1496 bus,
437 1452 570 1502 quibus
593 1450 796 1502 plurimum
819 1448 962 1492 fideret,
984 1449 1030 1486 ab
1051 1455 1159 1499 tergo
1178 1463 1266 1488 suos
1287 1453 1439 1503 adgres-

329 1529 471 1553 surum.
517 1516 615 1552 Duae
635 1528 692 1552 res
713 1513 825 1551 simul
843 1514 1050 1564 inopinatae
1070 1515 1311 1565 perculerunt
1330 1530 1435 1556 eum:

330 1594 419 1625 una,
452 1586 751 1631 praeoccupatus,
790 1590 900 1626 quem
933 1577 1100 1627 petebat,
1134 1577 1262 1616 locus:
1300 1580 1433 1626 altera,

330 1645 432 1696 quod
447 1645 570 1696 primo
589 1643 731 1692 agmini
746 1642 957 1679 obcurrisse
975 1642 1124 1678 hostem
1144 1644 1335 1688 cernebat,
1357 1645 1436 1689 ubi,

330 1723 448 1759 quum
472 1705 538 1759 per
561 1708 646 1744 loca
673 1706 899 1755 confragosa
929 1706 999 1741 iter
1029 1713 1140 1750 esset,
1161 1708 1242 1744 sine
1267 1707 1357 1745 levis
1377 1723 1437 1746 ar-

329 1780 488 1811 maturae
504 1773 679 1823 praesidio
699 1772 807 1820 signa
826 1770 911 1807 ferri
934 1783 1010 1806 non
1030 1770 1181 1807 videbat
1200 1785 1323 1823 posse.

385 1837 582 1875 XXVIII.
613 1836 707 1872 Erat
739 1842 864 1871 autem
887 1834 1150 1885 Philopoemen
1177 1837 1374 1888 praecipuae
1397 1840 1436 1876 in

330 1902 500 1939 ducendo
531 1902 680 1950 agmine
713 1899 879 1948 locisque
910 1900 1099 1949 capiendis
1135 1900 1297 1938 solertiae
1323 1908 1436 1952 atque

330 1978 441 2002 usus:
474 1978 543 2001 nec
575 1963 664 2000 belli
697 1969 846 1998 tantum
879 1962 1127 2012 temporibus,
1161 1964 1226 1999 sed
1258 1965 1372 2002 etiam
1397 1967 1436 2003 in

329 2046 436 2085 pace,
458 2032 502 2068 ad
537 2031 574 2067 id
600 2030 762 2067 maxime
790 2029 957 2065 anilnum
983 2037 1212 2067 exercuerat.
1270 2032 1347 2069 Ubi
1366 2034 1438 2069 iter

332 2097 510 2147 quopiam
530 2094 685 2137 faceret,
706 2100 744 2130 et
763 2093 809 2129 ad
829 2092 1015 2129 difficilem
1035 2094 1197 2131 transitu
1215 2095 1353 2133 saltum
1371 2110 1435 2134 ve·-
1499 2124 1510 2142 ,1

330 2162 463 2204 nisset,
492 2158 767 2210 contemplatus
794 2158 841 2195 ab
867 2159 971 2195 omni
1002 2165 1109 2209 parte
1141 2159 1216 2196 loci
1245 2167 1434 2206 naturam,

330 2238 443 2275 quum
465 2223 566 2260 solus
593 2224 677 2266 iret,
699 2235 825 2258 secum
845 2223 924 2273 ipse
945 2223 1114 2272 agitabat
1136 2223 1263 2260 animo
1275 2239 1287 2270 ς
1319 2237 1434 2274 quum

330 2289 487 2326 comites
512 2287 682 2330 haberet,
707 2286 754 2323 ab
783 2287 827 2322 iis
858 2285 1063 2336 quaerebat,
1093 2287 1135 2323 Si
1163 2287 1271 2324 hostis
1292 2301 1331 2325 eo
1355 2290 1431 2326 loco

330 2355 567 2401 adparuisset,
588 2354 688 2401 quid,
715 2353 747 2389 si
774 2364 798 2388 α
813 2350 956 2400 fronte,
977 2352 1078 2401 quid,
1103 2354 1134 2388 si
1162 2352 1205 2390 ab
1231 2353 1342 2391 latere
1369 2353 1434 2390 hoc

1512 1390 1515 1402 ι

1512 1457 1523 1482 n

1511 1487 1515 1507 i

1508 1526 1515 1604 ἕ

1507 1615 1519 1689 ἐι

1508 1695 1512 1728 ἔ

1507 1732 1517 1748 ι,

1503 1774 1517 1809 ‚fi

1500 1819 1509 1941 ξ

1513 1931 1514 1942 1

1500 1950 1504 1958 .

1502 1963 1513 1971 .,

1500 1974 1513 2042 ἓ]

1500 2083 1502 2090 ,

1499 2097 1511 2124 ζ,
