1507 2656
301 239 455 270 LIBER
481 235 625 265 xxx1.
658 234 765 262 CAr.
788 232 970 262 xxxa.
1111 233 1193 277 315

87 340 262 371 venturos
284 333 419 370 sciret:
452 336 489 366 et
509 326 717 370 consulem,
739 339 854 375 quum
874 325 1086 374 equitatum
1104 324 1194 361 hos·
1208 338 1298 370 uc,
1317 347 1389 372 552,

86 399 180 435 tium
199 398 392 446 levemque
419 399 649 430 armaturam
668 391 842 433 fudisset,
863 403 906 425 ac
929 401 1047 439 prope
1066 402 1196 438 regem
1206 383 1293 414 A·C·
1311 390 1384 416 20⁰·

84 462 208 512 ipsum
239 461 412 511 cepisset,
439 459 613 509 protinus
645 457 692 493 ad
723 463 848 493 castra
866 456 1034 492 hostium
1061 455 1197 492 ducere

84 525 279 562 debuisse:
311 536 381 560 nec
411 523 512 559 enim
541 533 739 557 mansuros
770 521 825 556 ita
853 518 1045 570 perculsos
1066 519 1196 556 hostes

81 590 211 633 fuisse,
229 588 482 637 debellarique
497 593 693 623 momento
708 586 890 635 temporis
911 585 1095 636 potuisse.
1152 584 1198 622 Id

82 654 200 699 dictu,
221 667 333 704 quam
349 667 403 697 re,
425 660 467 689 ut
485 653 678 704 pleraque,
694 651 842 688 facilius
860 665 867 686 :
899 663 1002 695 nam,
1021 651 1052 686 si
1072 651 1196 687 omni-

80 717 151 756 bus
171 720 339 770 peditum
366 731 516 768 quoque
545 718 663 768 copiis
694 730 761 753 rex
791 729 1015 765 congressus
1045 714 1194 759 fuisset,

81 783 244 828 forsitan
264 784 362 819 inter
380 782 600 825 tumultum,
622 794 738 830 quum
754 792 885 816 omnes
906 781 997 816 victi
1017 786 1195 829 metuque

81 849 244 900 perculsi
264 862 310 885 ex
328 849 464 899 proelio
477 849 578 884 intra
594 847 747 890 vallum,
766 847 938 897 protinus
958 845 1045 882 inde
1065 857 1195 896 super-

80 913 279 950 vadentem
294 914 529 949 munimenta
544 913 725 948 victorem
739 912 888 947 hostem
904 909 1094 959 fugerent,
1109 909 1196 962 exui

79 978 211 1013 castris
231 978 399 1027 potuerit
425 990 510 1013 rex:
544 990 658 1026 quum
682 989 771 1012 vero
795 976 953 1024 integrae
984 975 1102 1025 copiae
1128 987 1195 1025 pe-

77 1041 199 1078 ditum
228 1043 268 1078 in
298 1044 429 1078 castris
457 1044 698 1086 mansissent,
724 1042 908 1078 stationes
936 1047 1025 1078 ante
1047 1048 1192 1092 portas,

75 1106 324 1157 praesidiaque
344 1108 529 1157 disposita
548 1113 687 1150 essent,
715 1107 818 1156 quid,
842 1108 914 1143 nisi
938 1113 979 1142 ut
1001 1107 1193 1142 temerita-

75 1175 151 1206 tem
172 1171 285 1220 regis,
307 1171 421 1207 effuse
446 1171 575 1221 paullo
596 1177 685 1207 aute
715 1171 835 1207 secuti
864 1170 1057 1221 perculsos
1087 1170 1193 1220 equi·

74 1239 146 1277 tes,
184 1235 409 1278 imitaretur,
440 1235 691 1285 profecisset?
720 1247 843 1284 neque
881 1235 982 1270 enim
1015 1247 1063 1270 ne
1093 1234 1190 1283 regis

73 1299 223 1347 quidem
242 1301 405 1350 primum
426 1301 642 1344 consilium,
664 1314 739 1350 quo
766 1302 938 1351 inpetum
962 1301 1001 1337 in
1020 1300 1190 1336 frumen-

72 1369 214 1399 tatores
235 1364 382 1414 palatos
402 1378 469 1414 per
489 1378 599 1414 agros
621 1365 726 1408 fecit,
755 1365 1107 1416 reprehendendum
1126 1365 1186 1401 fo-

69 1433 141 1470 ret,
181 1428 211 1462 si
248 1428 402 1463 modum
432 1442 621 1479 prosperae
656 1443 791 1480 pugnae
827 1430 1067 1480 inposuisset.
1123 1428 1184 1466 Eo

70 1503 220 1540 quoque
253 1493 377 1527 minus
406 1501 463 1528 est
490 1495 639 1536 mirum,
662 1500 828 1530 tentasse
860 1508 945 1530 eum
972 1494 1181 1538 fortunam,

67 1555 168 1604 quod
197 1555 299 1592 fama
328 1563 422 1600 erat,
449 1557 670 1595 Pleuratum
700 1559 991 1608 Dardanosque,
1013 1559 1179 1607 ingenti-

64 1618 135 1656 bus
170 1621 287 1670 copiis
324 1621 516 1670 profectos
555 1622 684 1666 domo,
713 1622 796 1673 jam
834 1624 872 1659 in
909 1623 1179 1662 Macedoniam

64 1684 354 1720 transcendisse.
411 1685 560 1724 Quibus
581 1687 611 1721 si
634 1687 798 1736 undique
816 1687 1092 1724 circumventus
1113 1703 1178 1730 co-

63 1747 135 1797 piis
161 1747 275 1790 foret,
297 1747 490 1784 sedentem
519 1748 738 1786 Romanum
767 1750 1054 1795 debellaturum,
1077 1752 1178 1788 credi

61 1816 226 1860 poterat.
284 1811 432 1860 Itaque,
454 1814 660 1849 secundum
680 1814 770 1850 duas
789 1816 962 1851 adversas
984 1823 1174 1866 equestres

63 1885 225 1923 pugnas,
246 1875 366 1911 multo
387 1877 509 1912 minus
530 1884 650 1913 tutam
679 1891 824 1915 moram
853 1880 890 1915 in
911 1880 1044 1916 iisdem
1064 1881 1173 1917 stati-

59 1938 114 1972 vis
134 1937 215 1973 fore
236 1937 431 1989 Philippus
453 1948 569 1984 ratus,
592 1955 706 1991 quum
737 1943 840 1979 abire
867 1944 953 1980 inde
980 1951 1018 1980 et
1042 1944 1173 1982 fallere
1187 1959 1230 1990 Ph

1235 1960 1349 2001 {lippus

60 2000 190 2038 abiens
210 2003 359 2039 hostem
379 2004 504 2048 vellet,
527 2006 775 2044 caduceatore
795 2008 863 2044 sub
884 2022 1062 2045 occasum
1080 2011 1168 2046 solis
1184 2008 1309 2037 recedit.

59 2066 106 2102 ad
142 2067 335 2103 consulem
372 2070 501 2113 misso,
541 2072 604 2119 qui
643 2073 810 2108 inducias
849 2073 895 2109 ad
932 2075 1167 2124 sepeliendos

56 2131 200 2179 equites
230 2139 388 2180 peteret,
419 2135 619 2172 frustratus
649 2137 814 2180 hostem,
836 2139 1000 2175 secunda
1024 2140 1167 2189 vigilia,

55 2193 183 2229 multis
205 2195 353 2244 ignibus
373 2211 440 2248 per
459 2205 542 2235 tota
557 2207 681 2236 castra
695 2201 850 2246 relictis,
869 2202 996 2239 silenti
1016 2206 1168 2253 agmine

55 2257 163 2294 abiit.

108 2321 310 2361 XXXIX.
340 2325 486 2376 Corpus
501 2326 583 2377 jam
604 2330 761 2367 curabat
784 2332 931 2376 consul,
953 2346 1082 2382 quum,
1102 2348 1165 2372 ve-

50 2388 151 2424 nisse
189 2388 487 2434 caduceatorem,
526 2398 563 2428 et
596 2394 685 2441 quid
725 2396 902 2440 venisset,
943 2399 1166 2436 nunciatum
