1507 2656
264 178 417 207 tumn
441 175 620 205 xxxw.
652 172 758 204 eAP.
781 156 939 202 XLIX(
1059 160 1149 216 485

44 272 133 304 sunt
160 268 308 313 audita3
340 272 588 317 praeterquam
607 277 721 313 quum
741 264 788 300 ad
807 263 1036 299 mentionem
1062 261 1143 332 Na·-
1157 264 1246 340 X'g
1265 272 1338 341 ig:-

43 330 139 367 hidis
165 339 318 371 ventum
337 336 447 373 esset,
468 329 506 365 id
532 328 685 364 minime
714 326 940 364 conveniens
969 324 1146 361 liberanti

42 394 227 431 Graeciam
255 393 463 436 videbatur,
490 399 691 442 tyrannum
721 391 928 440 reliquisse,
958 402 1035 425 non
1069 402 1145 425 suae

0 460 3 484 3*
42 458 164 495 solum
182 459 312 508 patriae
335 470 500 506 gravem,
522 457 586 492 sed
609 456 783 493 omnibus
810 456 910 491 circa
929 453 1144 490 civitatibus

40 522 295 566 metuendum,
321 522 526 558 haerentem
555 520 758 557 visceribus
789 519 1034 556 nobilissimae
1053 518 1145 554 civi-

39 587 140 623 tatis.

91 649 243 686 XLIX.
273 649 355 686 Nec
394 651 544 699 ignarus
588 648 700 698 hujus
742 648 894 684 habitus
933 647 1145 684 animorum

36 714 253 758 Quinctius,
275 715 317 750 Si
334 717 406 751 sine
424 716 560 757 excidio
580 714 844 750 Lacedaemonis
855 714 942 761 fieri
958 714 1143 760 potuisset,

35 779 240 822 fatebatur,
260 781 358 827 pacis
377 791 457 816 cum
479 784 628 826 tyranno
650 779 862 814 mentionem
883 778 1146 813 admittendam

35 844 178 880 auribus
202 856 272 879 non
286 842 417 892 fuisse.
474 844 594 886 Nunc,
616 855 723 891 quum
756 842 876 885 aliter,
906 854 1014 890 quam
1038 843 1145 877 ruina

34 908 247 954 gravissima
274 908 445 949 civitatis,
473 907 622 954 obprimi
649 918 718 942 non
745 911 872 954 posset,
894 907 1005 941 satius
1032 907 1146 942 cisum

35 983 119 1014 esse,
149 976 338 1019 tyrannum
370 971 605 1013 debilitatum,
629 983 673 1006 ae
702 972 784 1006 totis
804 982 917 1018 prope
942 970 1072 1005 viribus
1095 970 1146 1005 ad

36 1036 231 1072 nocendum
251 1037 416 1083 cuiquam
442 1037 605 1077 ademtis,
628 1036 801 1083 relinqui;
831 1047 937 1082 quam
959 1035 1146 1070 intermori

35 1099 358 1143 vehementioribus,
379 1112 486 1147 quam
505 1111 582 1146 quae
596 1102 678 1147 pati
694 1103 823 1147 posset,
840 1099 1001 1134 remediis
1016 1099 1142 1133 civita-

35 1170 107 1201 tem
125 1167 251 1207 sinere,
272 1166 309 1200 in
327 1166 405 1212 ipsa
423 1165 583 1200 vindicta
603 1163 777 1199 libertatis
791 1165 1004 1211 perituram.
1039 1161 1143 1197 Prae-

37 1227 234 1264 teritorum
254 1228 608 1272 commemorationi
627 1227 801 1277 subjecit,
824 1228 1006 1276 Proficisci
1022 1226 1087 1262 sibi
1105 1228 1144 1263 in

0 1295 1 1299 ’
37 1293 202 1335 Italiam,
223 1297 328 1340 atque
356 1305 494 1328 omnem
517 1294 708 1328 exercitum
732 1293 934 1340 deportare,
962 1293 998 1327 in
1022 1292 1144 1327 animo

35 1367 117 1392 esse.
174 1356 422 1392 Demetriadis
453 1356 700 1405 Chalcidisque
723 1357 889 1404 praesidia
918 1357 1015 1392 intra
1046 1356 1143 1391 deci-

36 1432 134 1457 mum
153 1421 245 1456 diem
263 1421 449 1456 audituros
467 1421 640 1457 deducta:
668 1420 965 1457 Acrocorinthum
982 1422 1067 1468 ipsis
1084 1432 1144 1455 ea:-

38 1485 172 1534 templo
189 1485 385 1521 videntibus
402 1497 551 1520 vacuam
575 1485 714 1521 Achaez's
733 1486 955 1521 traditurum
967 1501 981 1520 .-
1008 1489 1051 1519 ut
1068 1496 1146 1520 om-

0 1588 1 1593 *
37 1561 97 1585 nes
122 1551 266 1592 scirent,
294 1554 413 1585 utrum
443 1549 629 1592 Romanis,
657 1562 704 1585 an
725 1550 875 1592 AEtolis,
902 1549 1044 1584 mentiri
1071 1561 1148 1584 mos

36 1617 123 1649 esset
135 1629 146 1656 ,-
176 1614 237 1661 qui
254 1614 349 1649 male
365 1615 585 1649 commissam
607 1613 806 1649 libertatem
824 1613 960 1661 populo
980 1612 1143 1648 Romano

34 1677 249 1713 sermonibus
284 1678 501 1719 distulerint,
540 1682 575 1713 et
604 1682 760 1713 mutatos
790 1689 856 1725 pro
889 1677 1145 1713 Macedonibus

38 1740 221 1776 Romanos
253 1742 422 1777 dominos.
481 1741 554 1776 Sed
583 1741 667 1782 illis,
690 1753 754 1776 nec
782 1742 869 1789 quid
894 1742 1061 1783 dicerent,
1082 1752 1145 1776 nec

37 1804 124 1851 quid
131 1803 314 1853 facerent,
335 1805 526 1852 quidquam
546 1816 713 1851 umquam
739 1806 838 1852 pensi
856 1803 985 1852 fuisse.
1044 1804 1146 1840 Reli-

38 1879 125 1916 quas
140 1869 300 1903 civitates
318 1880 470 1909 monere,
491 1872 531 1903 ut
555 1880 597 1903 ex
610 1866 742 1916 factis,
764 1880 831 1903 non
854 1880 895 1903 ex
913 1869 1030 1909 dictis,
1051 1869 1143 1903 ami-

37 1945 94 1968 cos
122 1938 295 1980 pensent:
341 1934 626 1981 intelligantque,
647 1933 769 1981 quibus
797 1935 1023 1976 credendam,
1054 1938 1089 1969 et
1120 1946 1144 1969 α

38 1996 161 2044 quibus
180 1998 373 2032 cavendum
391 1998 449 2032 sit.
506 1997 690 2033 Libertate
705 1998 840 2032 modice
853 2002 1002 2032 utantur
1014 2013 1025 2033 .·
1054 2002 1143 2033 tem-

33 2064 201 2107 peratam
224 2072 318 2102 eam,
337 2060 511 2096 salubrem
530 2065 565 2096 et
587 2061 749 2107 singulis,
770 2065 804 2096 et
829 2061 1029 2096 civitatibus
1046 2073 1117 2096 esse
1128 2076 1138 2105 3

35 2125 184 2159 nimiam
209 2129 245 2159 et
263 2125 344 2160 aliis
367 2136 527 2171 gravem,
548 2128 583 2159 et
605 2125 702 2171 ipsis,
724 2125 784 2172 qui
803 2123 969 2166 habeant,
989 2125 1142 2173 effrena-

39 2192 113 2223 tam
132 2192 167 2223 et
182 2190 400 2235 praecipitem
421 2199 501 2224 esse.
534 2188 737 2223 Concordiae
753 2190 787 2223 iu
808 2188 1020 2230 civitatibus,
1038 2190 1144 2236 prin·

38 2253 132 2298 cipes
150 2256 184 2287 et
198 2253 341 2288 ordines
357 2254 448 2288 inter
462 2264 510 2294 se,
532 2257 567 2288 et
585 2254 622 2288 in
641 2264 821 2288 commune
836 2264 952 2288 omncs
969 2254 1143 2295 civitates,

39 2315 281 2352 consulerent:
310 2317 479 2353 adversus
509 2318 761 2353 consentientes
782 2329 846 2353 nec
877 2328 992 2363 regem
1025 2329 1143 2365 quem·

552 2379 630 2417 3'3
