1523 2666
119 255 211 288 U.C.
227 262 300 286 544.

117 300 155 330 A.
169 299 206 329 C.
221 305 295 329 208.

115 353 282 391 Crispinus

114 397 140 426 it
156 396 215 426 Ca-

114 448 228 479 puam.

112 1758 227 1788 [lassis

110 1803 259 1831 Romana

109 1846 253 1874 Africam

111 1887 244 1926 popula-

111 1939 171 1961 ztir.

107 2256 169 2303 Res
187 2256 276 2287 Grae-

107 2308 175 2331 2*OEoe

311 159 367 211 48
775 170 823 199 T.
850 170 985 200 mvn

366 258 527 296 XXIX.
559 258 772 309 CrispinuS,
793 265 996 309 postquam
1021 259 1060 296 in
1081 259 1256 296 Bruttios
1283 260 1434 311 profec-

312 332 394 361 tum
414 322 675 361 Hannibalem
695 324 828 366 sensit,
846 325 1069 368 exercitum,
1091 325 1151 361 cui
1168 324 1316 374 collega
1334 338 1430 376 prae-

313 389 452 432 fuerat,
479 388 536 425 M.
559 387 788 425 Marcellum
813 388 1009 425 tribunum
1036 389 1198 425 militum
1225 389 1433 427 Venusiam

312 452 499 490 abducere
512 451 653 503 jussit:
686 452 780 502 ipse,
802 465 889 488 cum
915 452 1131 501 legionibus
1155 454 1232 490 suis
1260 454 1432 504 Capuam

309 517 520 569 profectus,
541 518 606 553 vix
624 516 769 553 lecticae
785 517 1038 565 agitationem
1056 530 1134 567 prae
1150 518 1337 567 gravitate
1349 518 1432 555 vul-

310 594 446 619 nerum
482 582 646 633 patienS‚
676 580 843 617 Romam
879 581 1007 617 literas
1037 582 1082 619 de
1114 589 1238 619 morte
1274 583 1432 632 collegae

310 646 476 696 scripsit,
498 651 718 695 quantoque
737 645 818 695 ipse
844 645 884 681 in
904 645 1120 682 diScrimine
1139 654 1247 684 esset.
1307 648 1356 684 Se
1374 661 1434 685 co-

307 712 493 747 mitiorum
523 720 649 746 caussa
676 722 748 745 non
769 722 873 758 posse
899 710 1055 746 Romam
1079 713 1224 747 venire:
1259 714 1344 760 quia
1369 725 1435 750 nec

307 776 374 812 viae
394 775 551 811 laborem
566 786 738 823 passurus
756 775 950 817 videretur,
966 779 1002 810 et
1021 776 1063 810 de
1084 775 1239 810 Tarento
1257 776 1434 814 sollicitus

309 844 410 882 esset,
440 852 484 876 ne
512 851 554 876 ex
580 839 736 876 Bruttiis
764 839 950 874 Hannibal
977 850 1018 875 eo
1047 844 1267 875 converteret
1295 853 1435 888 agmen.

310 905 470 952 Legatos
491 916 579 952 opus
605 916 677 939 esse
705 904 755 939 ad
781 915 817 939 se
841 904 953 945 mitti,
983 904 1079 939 viros
1105 906 1325 952 prudentes:
1353 918 1435 942 cum

310 970 448 1017 quibus,
472 981 550 1017 quoe
576 969 697 1011 vellet,
719 969 763 1004 de
791 960 977 1016 republica
1006 968 1223 1016 loqueretur.
1280 969 1354 1006 Hae
1382 969 1430 1006 li-

311 1040 402 1070 terae
423 1034 592 1070 recitatae
611 1045 792 1081 magnum
808 1039 846 1068 et
864 1031 1007 1068 luctum
1029 1039 1151 1069 morte
1167 1033 1321 1070 alterius
1338 1048 1431 1072 con-

311 1097 417 1140 sulis,
443 1104 483 1133 et
511 1103 655 1134 metum
685 1097 730 1133 de
763 1096 883 1133 altero
913 1097 1096 1134 fecerunt.
1154 1097 1290 1147 Itaque
1319 1104 1358 1135 et
1379 1100 1430 1139 Q.

310 1161 472 1198 Fabium
492 1161 608 1198 filium
631 1162 676 1197 ad
698 1161 907 1197 exercitum
924 1161 1130 1198 Venusiam
1150 1163 1357 1200 miserunt:
1391 1170 1429 1200 et

311 1227 357 1263 ad
382 1226 578 1263 consulem
609 1234 683 1262 tres
714 1226 831 1275 legati
862 1226 980 1269 missi,
1012 1226 1116 1263 Sext.
1131 1226 1255 1264 Julius
1287 1229 1429 1273 Caesar,

310 1290 357 1327 L,
375 1291 544 1326 Licinius
561 1290 702 1333 Pollio,
724 1290 769 1326 L.
786 1290 938 1325 Cincius
956 1289 1186 1334 Alimentus,
1204 1304 1320 1340 quum
1335 1305 1429 1342 pau-

311 1356 362 1391 cis
384 1362 473 1391 ante
489 1355 619 1391 diebus
639 1369 684 1391 ex
702 1355 831 1390 Sicilia
850 1354 1020 1390 redisset.
1068 1354 1120 1390 Hi
1140 1356 1321 1392 nunciare
1338 1369 1430 1393 con-

310 1419 380 1454 suli
395 1418 509 1468 jussi,
531 1426 586 1461 ut,
608 1419 637 1454 si
666 1418 713 1454 ad
738 1417 894 1454 comitia
914 1418 993 1467 ipse
1012 1417 1176 1454 Romam
1198 1420 1324 1455 venire
1351 1432 1430 1456 non

307 1489 450 1533 posset,
473 1483 699 1519 dictatorem
720 1484 757 1518 in
779 1495 872 1530 agro
892 1482 1072 1518 Romano
1093 1483 1234 1519 diceret
1250 1485 1427 1521 comitio-

307 1561 390 1584 rum
417 1560 561 1584 caussa.
621 1548 660 1583 Si
681 1547 816 1583 consul
846 1546 1056 1583 Tarentum
1087 1547 1280 1597 profectus
1312 1556 1426 1593 esset,

306 1613 355 1651 Q.
371 1611 570 1648 Claudium
593 1618 793 1661 praetorem
815 1610 962 1661 placere
991 1612 1028 1647 in
1050 1624 1133 1647 eam
1152 1612 1349 1660 regionem
1369 1613 1428 1649 in-

307 1677 352 1712 de
373 1676 561 1712 abducere
581 1675 766 1724 legiones,
788 1676 827 1711 in
848 1688 922 1725 qua
946 1675 1125 1726 plurimas
1153 1676 1345 1713 sociorum
1366 1691 1427 1713 ur-

305 1740 371 1776 bes
399 1742 495 1776 tueri
524 1748 665 1790 posset.
722 1740 868 1777 Eadem
903 1747 1034 1776 aestate
1064 1740 1121 1777 M.
1137 1740 1311 1777 Valerius
1343 1755 1429 1778 cum

307 1805 426 1840 classe
454 1812 607 1840 centum
641 1805 793 1840 navium
821 1817 868 1840 ex
892 1804 1021 1840 Sicilia
1048 1805 1087 1840 in
1106 1804 1278 1841 Africam
1304 1812 1429 1842 trans-

307 1870 433 1914 misit3
467 1875 517 1911 et,
557 1869 604 1904 ad
639 1868 823 1918 Clupeam
863 1868 993 1904 urbem
1032 1869 1280 1905 exscensione
1309 1869 1426 1914 facta,

306 1946 440 1982 agrum
473 1933 564 1975 late,
603 1933 709 1969 nullo
739 1932 857 1969 ferme
887 1932 1001 1969 obvio
1039 1941 1201 1976 arniatO,
1241 1933 1428 1972 vastabat.

304 1998 400 2034 Inde
424 1999 469 2034 ad
500 2011 613 2034 naves
645 1998 783 2047 raptim
814 1998 1044 2048 praedatores
1075 1999 1232 2048 recepti,
1254 2000 1343 2047 quia
1371 2012 1431 2035 re·

303 2069 417 2111 pente
448 2062 551 2098 fama
589 2062 742 2106 accidit,
782 2062 941 2098 classem
977 2062 1162 2099 Punicam
1201 2063 1428 2100 adventare:

303 2127 504 2175 octoginta
525 2133 634 2162 erant
653 2133 691 2162 et
712 2133 787 2162 tres
808 2139 935 2163 naves.
994 2127 1091 2162 Cum
1112 2127 1156 2162 iis
1177 2127 1278 2163 haud
1296 2127 1432 2176 procul

303 2188 450 2239 Clupea
477 2202 660 2240 prospere
691 2197 840 2240 pugnat
865 2189 1088 2226 Romanus:
1123 2190 1253 2226 decem
1279 2197 1317 2226 et
1343 2198 1432 2233 octo

301 2253 462 2290 navibus
497 2255 635 2305 captiS‚
666 2255 810 2304 fugatis
842 2255 942 2300 aliis,
974 2268 1060 2291 cum
1094 2268 1234 2303 magna
1263 2256 1434 2292 terrestri

302 2317 501 2369 navalique
527 2320 668 2372 praeda,
696 2320 913 2371 Lilybaeum
947 2320 1072 2358 rediit.
1130 2319 1277 2358 Eadem
1310 2327 1441 2360 astate
