1523 2666
304 194 394 251 136
759 203 805 235 Τ.
829 203 962 236 mvn

103 302 147 335 U.
159 302 195 333 C.
215 297 389 335 546.inde
417 294 577 332 navibus
607 293 655 332 ad
686 293 883 344 Pityusam
912 293 1090 338 insulam,
1122 302 1276 334 centum
1300 298 1426 337 mimz

103 347 143 378 A·
157 347 194 377 C·
213 352 287 377 ²⁰⁶·
300 361 419 398 ferme
438 373 461 396 a
480 359 708 402 continenti,
733 359 861 408 (Poeni
880 365 962 395 tum
980 372 1063 395 eam
1083 360 1323 410 incolebant)
1343 370 1422 400 tra-

293 424 415 475 jecit:
454 425 584 474 itaque
617 423 745 460 classis
778 423 882 460 bona
912 437 998 460 cum
1031 437 1124 474 pace
1157 434 1315 476 accepta
1348 434 1420 470 est,

300 502 370 526 nec
390 495 623 526 commeatus
653 490 767 525 modo
786 489 950 538 benigne
979 490 1143 539 praebiti,
1166 492 1232 528 sed
1260 493 1301 529 in
1329 505 1420 543 sup-

300 553 535 604 plementum
555 553 683 589 classis
698 553 880 603 juventus
908 567 1088 603 armaque
1115 556 1225 593 data:
1258 569 1421 606 quorum

103 623 283 655 Transmit-
301 617 439 654 fiducia
474 617 615 653 Poenus
654 617 691 652 in
730 617 900 653 Baliares
939 617 1079 653 insulas
1121 620 1422 669 (quinquaginta

105 668 143 696 tit
159 668 191 697 in
208 667 265 696 Ba-

105 709 264 741 liaresin·

102 752 200 784 sulas.
294 746 447 790 -insulae,
476 746 598 796 major
629 745 749 782 altera
778 752 891 794 atque
918 746 1138 796 opulentior
1167 748 1279 783 armis
1310 748 1422 784 viris-

301 682 389 718 inde
408 681 527 718 millia
547 681 703 728 absunt)
726 682 947 717 transmisit.
1005 682 1102 718 Duae
1132 691 1221 719 sunt
1249 683 1419 720 Baliares

299 823 372 860 que
390 825 396 845 ;
430 817 467 846 et
486 817 637 860 portum
656 809 786 852 habet,
815 809 880 844 ubi
901 811 1099 846 commode
1128 810 1424 848 hibernaturum

299 887 339 911 se
363 874 514 924 (etjam
534 880 744 910 extremum
769 874 942 909 autumni
962 875 1060 920 erat)
1084 875 1284 912 credebat:
1318 882 1420 912 cete-

299 951 397 982 rum,
417 938 520 974 haud
549 951 654 974 secus
676 950 789 986 quam
818 938 850 973 si
869 937 1036 974 Romani
1055 951 1137 974 eam
1167 938 1331 975 insulam
1359 940 1419 976 in-

298 1003 483 1045 colerent,
514 1001 704 1037 hostiliter
731 1001 840 1036 classi
862 1001 1064 1037 obcursum
1086 1008 1154 1039 est.
1212 1002 1355 1038 Fundis
1376 1009 1419 1039 ut

299 1080 402 1103 nunc
431 1067 649 1117 plurimum,
679 1067 731 1102 ita
765 1072 856 1101 tunc
887 1066 970 1101 solo
999 1079 1044 1101 eo
1078 1066 1157 1102 telo
1185 1066 1414 1103 utebantur:

301 1143 371 1167 nec
401 1132 599 1179 quisquam
630 1130 782 1166 alterius
810 1131 933 1177 gentis
967 1142 1060 1165 unus
1088 1135 1239 1166 tantum
1258 1143 1303 1166 ea
1322 1137 1416 1174 arte,

302 1202 486 1243 quantum
506 1197 604 1230 inter
624 1195 718 1231 alios
739 1208 870 1231 omnes
900 1196 1072 1232 Baliares
1094 1196 1286 1233 excellunt
1305 1212 1311 1231 ε
1345 1197 1418 1233 ita-

300 1272 372 1307 que
399 1264 507 1295 tanta
536 1260 590 1294 vis
620 1259 788 1308 lapidum
818 1259 1053 1295 creberrimae
1082 1260 1276 1308 grandinis
1304 1261 1418 1296 modo

299 1324 337 1358 in
368 1325 687 1373 propinquantem
711 1323 793 1373 jam
812 1330 922 1359 terrae
944 1323 1099 1359 classem
1131 1324 1248 1360 effusa
1267 1330 1338 1368 est,
1362 1331 1419 1368 ut,

300 1387 441 1423 intrare
471 1394 623 1436 portum
643 1400 720 1422 non
742 1388 836 1429 ausi,
859 1393 1072 1423 averterent
1091 1388 1130 1423 in
1151 1387 1270 1424 altum
1290 1401 1420 1427 naves,

106 1459 232 1488 Minore
302 1451 347 1487 In
378 1452 564 1487 minorem
597 1452 683 1487 inde
721 1451 930 1486 Baliarium
966 1451 1130 1487 insulam
1166 1451 1413 1501 trajecerunt,

107 1502 234 1542 potitur.
299 1516 462 1552 fertilem
501 1529 617 1564 agro,
668 1517 770 1557 viris,
810 1517 921 1551 armis
959 1516 1060 1552 haud
1100 1529 1204 1565 aeque
1242 1516 1416 1554 validam.

300 1581 435 1629 Itaque
465 1581 605 1628 egressi
635 1580 793 1616 navibus
825 1593 938 1629 supra
967 1587 1120 1630 portum
1150 1581 1236 1616 loco
1266 1582 1416 1618 munito

299 1651 423 1680 castra
443 1644 594 1680 locant:
628 1657 684 1685 ac,
707 1645 786 1679 sine
808 1644 1013 1679 certamine
1034 1644 1126 1680 urbe
1150 1657 1316 1693 agroque
1345 1658 1417 1695 po-

298 1711 373 1752 titi,
405 1709 552 1745 duobus
586 1709 750 1744 millibus
783 1709 1021 1745 auxiliarium
1056 1710 1144 1746 inde
1174 1711 1414 1760 conscriptis,

297 1775 496 1823 missisque
517 1773 811 1821 Karthaginem,
830 1774 876 1809 ad
896 1774 1173 1811 hibernandum
1189 1787 1304 1811 naves
1325 1775 1416 1811 sub-

299 1839 498 1874 duxerunt.
557 1838 650 1873 Post
669 1838 849 1886 Magonis
880 1838 926 1873 ab
948 1839 1081 1874 oceani
1107 1852 1174 1875 ora
1194 1839 1415 1883 discessum,

299 1902 479 1938 Gaditani
500 1901 686 1937 Romanis
708 1901 904 1937 deduntur.

103 1972 208 2011 Scipio
222 1972 285 2002 Ro·
352 1965 592 2001 XXXVIII.
623 1965 718 2001 Haee
746 1967 784 2001 in
806 1965 995 2015 Hispania
1025 1966 1067 2003 P.
1088 1967 1278 2016 Scipionis
1300 1967 1416 2004 ductu

105 2026 194 2045 lnam
212 2026 256 2045 ΓΕ·

102 2059 157 2087 dit.
298 2031 541 2080 auspicioque
561 2036 678 2078 gesta.
737 2030 837 2079 Ipse,
864 2030 911 2066 L.
930 2030 1099 2066 Lentulo
1130 2036 1167 2066 et
1195 2030 1242 2066 L.
1262 2030 1419 2068 Manlio,

297 2095 461 2130 Acidino
491 2095 686 2143 provincia
715 2095 868 2138 tradita,
900 2095 1030 2131 decem
1057 2095 1215 2131 navibus
1248 2095 1416 2132 Romam

293 2159 403 2194 rediit
420 2174 426 2194 :
460 2166 511 2201 et,
532 2164 667 2194 senatu
686 2166 794 2195 extra
811 2159 941 2195 urbem
958 2160 1046 2195 dato
1067 2161 1104 2195 in
1127 2160 1205 2196 aede
1225 2159 1414 2204 Bellonae,

294 2236 384 2272 quas
416 2235 472 2258 res
504 2223 542 2258 in
574 2223 764 2272 Hispania
794 2224 986 2272 gessisset,
1018 2225 1216 2260 disseruit:
1265 2225 1414 2273 quoties

293 2288 410 2335 signis
441 2287 602 2323 conlatis
633 2288 862 2331 dimicasset,
885 2294 978 2338 quot
1007 2288 1148 2339 oppida
1167 2301 1213 2325 ex
1238 2288 1416 2325 hostibus

291 2356 327 2395 vj
348 2355 524 2406 cepisset,
546 2368 638 2406 quas
660 2363 792 2405 gentes
822 2357 862 2394 in
881 2356 1065 2395 ditionem
1094 2354 1227 2408 populi
1243 2351 1418 2393 Romani
