1523 2666
319 228 405 275 254
784 228 830 256 T.
856 229 988 258 L1v11

122 327 165 358 U.
182 327 218 359 C.
233 323 347 359 550.si
354 320 522 369 felicitas
539 318 690 360 adesset,
712 319 872 355 victores.
914 319 1044 362 Roma,
1066 331 1115 355 cm
1133 319 1335 368 Karthago,
1345 320 1435 367 jura

120 372 162 401 Α·
176 370 211 401 C·
229 378 304 404 '²⁰²’
313 385 477 434 gentibus
495 385 638 426 darent,
655 388 740 418 ante
759 385 953 419 crastinam
967 388 1107 420 noctem·
1124 385 1275 420 scituros
1287 401 1299 420 .·
1326 397 1437 434 neque

312 454 408 489 enim
426 449 607 500 Africam,
631 454 696 485 aut
715 450 879 492 Italiam,
899 451 961 486 sed
979 449 1097 486 orbem
1121 455 1299 487 terrarum
1323 452 1435 488 victo-

311 519 376 554 rz'ae
391 513 678 566 praemiumfore
688 531 701 557 ‚-
726 526 799 561 par
814 515 1015 562 periculum
1040 517 1203 563 praemi0‚
1225 515 1349 563 quibus
1367 517 1435 552 ad-

311 594 418 618 versae
446 591 578 628 pngnae
599 577 759 627 fortuna
785 577 943 626 fuisset:
970 591 1059 615 nam
1088 591 1211 628 neque
1246 578 1434 616 Romanis

313 645 494 693 effugium
525 641 642 678 ullum
671 641 827 693 patebat
854 642 894 678 iu
923 641 1046 678 aliena
1073 642 1281 692 ignotaque
1310 649 1433 680 terra:

312 716 352 746 et
371 709 619 758 Karthagini,
650 722 827 760 supremo
848 709 992 747 auxilio
1012 711 1145 755 effuso,
1170 713 1301 748 adesse
1329 712 1435 748 vide-

310 773 425 811 batur
443 786 607 825 praesens
628 774 830 811 excidium.
886 775 947 811 Ad
980 776 1054 812 hoc
1074 775 1274 812 discrimen
1302 788 1436 827 proce-

312 839 407 875 dunt
431 846 586 890 postero
608 838 668 875 die
688 840 849 876 duorum
869 839 1244 890 opulentissimorum
1272 840 1436 891 populo-

311 915 395 939 rum
416 904 490 940 duo
515 903 629 952 longe
650 903 847 940 clarissimi
867 904 995 948 duces,
1016 904 1091 941 duo
1110 903 1308 940 fortissimi
1328 918 1435 942 exer-

311 968 423 1011 citus,
453 967 573 1004 multa
605 973 693 1004 ante
723 974 833 1018 parta
862 969 999 1005 decora
1028 974 1095 1005 aut
1127 967 1354 1005 cumulaturi
1385 981 1431 1005 eo

311 1032 385 1076 die,
407 1039 473 1069 aut
492 1034 668 1069 eversuri.
728 1033 880 1083 Anceps
904 1034 1021 1082 igitur
1040 1045 1124 1083 spes
1144 1039 1183 1070 et
1202 1040 1323 1070 metus
1344 1034 1436 1069 mis·

310 1097 450 1133 cebant
482 1085 652 1133 animos:
702 1098 1126 1148 contemplantibusque
1161 1098 1276 1134 modo
1310 1110 1431 1141 suam,

309 1161 425 1197 modo
444 1162 614 1197 hostium
644 1162 778 1204 aciem,
800 1174 916 1211 quum
937 1161 1055 1198 oculis
1075 1162 1210 1210 magis,
1231 1175 1343 1211 quam
1371 1174 1433 1198 ra-

310 1226 430 1269 tione,
460 1232 665 1276 pensarent
685 1226 795 1268 vires,
817 1225 928 1261 simul
956 1225 1056 1268 laeta,
1078 1225 1190 1261 simul
1217 1226 1342 1262 tristia
1362 1225 1430 1261 ob-

309 1289 571 1327 versabantur.
629 1290 724 1328 Quae
756 1290 846 1339 ipsis
877 1302 944 1326 sua
962 1298 1099 1340 sponte
1127 1303 1206 1326 non
1235 1290 1434 1326 subcurre-

309 1354 418 1398 bant,
445 1367 489 1390 ea
518 1355 630 1390 duces
663 1355 905 1391 admonendo
944 1362 1057 1403 atque
1091 1355 1281 1391 hortando
1312 1353 1431 1405 subji-

310 1420 428 1455 ciunt.
485 1420 627 1455 Poenus
649 1420 809 1455 sedecim
841 1432 1029 1455 annorum
1053 1420 1093 1455 in
1112 1426 1214 1456 terra
1233 1419 1346 1456 Italia
1374 1432 1430 1455 res

310 1492 452 1532 gestas,
473 1491 534 1521 tot
560 1485 671 1522 duces
703 1484 916 1528 Romanos,
937 1491 998 1521 tot
1024 1485 1211 1520 exercitus
1234 1485 1432 1520 occidione

310 1552 471 1594 occisos,
494 1559 531 1587 et
551 1564 619 1587 sua
638 1552 771 1600 cuique
805 1551 955 1593 decora,
979 1550 1042 1586 ubi
1072 1550 1118 1586 ad
1146 1551 1335 1599 insignem
1363 1550 1430 1586 ali-

309 1615 416 1665 cujus
436 1629 592 1665 ,pugnae
622 1616 804 1652 memoria
833 1615 994 1651 militem
1022 1621 1192 1658 venerat,
1229 1615 1430 1651 referebat.

310 1681 438 1730 Scipio
468 1680 689 1730 Hispanias,
722 1687 760 1715 et
788 1680 957 1716 recentia
987 1680 1028 1715 in
1056 1679 1187 1715 Africa
1212 1679 1361 1729 proelia,
1393 1686 1430 1715 et

308 1745 587 1782 confessionem
607 1746 791 1787 hostium,
822 1745 924 1794 quod
949 1757 1071 1794 neque
1101 1757 1178 1780 non
1207 1750 1336 1795 petere
1364 1757 1431 1794 pa-

308 1823 390 1846 cem
410 1817 566 1860 propter
584 1816 740 1851 metum,
762 1822 885 1857 neque
908 1821 1060 1844 manere
1089 1810 1128 1844 in
1149 1822 1192 1845 ea
1211 1821 1286 1858 prae
1315 1809 1431 1844 insita

307 1875 443 1910 animis
461 1874 616 1924 perfidia
633 1875 866 1923 potuissent:
890 1874 937 1909 ad
954 1874 1041 1916 hoc,
1057 1873 1300 1922 conloquium
1318 1873 1428 1909 Han·

307 1939 444 1975 nibalis
471 1940 509 1974 in
540 1945 685 1975 secreto
704 1938 892 1981 habitum,
913 1951 956 1973 ac
980 1938 1141 1974 liberum
1161 1938 1334 1987 fingenti,
1355 1952 1429 1987 qua

306 2004 412 2047 velit,
432 2004 564 2040 flectit.
621 2003 840 2046 Oniinatur,
863 2003 998 2051 quibus
1031 2003 1222 2051 quondam
1251 2005 1427 2053 auspiciis

306 2075 432 2119 patres
464 2082 594 2105 eorum
625 2068 879 2118 pugnaverint
911 2068 959 2103 ad
993 2067 1152 2116 AEgates
1191 2068 1347 2111 insulas,
1383 2081 1428 2104 ea

307 2133 380 2169 illis
401 2134 625 2170 exeuntibus
650 2134 688 2168 in
718 2134 838 2169 aciem
867 2133 1102 2183 portendisse
1123 2132 1240 2169 Deos.
1297 2136 1430 2170 Adesse

294 2200 411 2247 finem
432 2199 512 2234 belli
532 2211 574 2233 ac
594 2199 736 2234 laboris.
795 2198 838 2233 In
868 2198 1029 2233 manibus
1052 2210 1122 2233 esse
1148 2200 1308 2245 prseclam
1329 2199 1426 2234 Kar-

306 2264 476 2310 thaginis,
501 2265 655 2299 reditum
677 2264 822 2298 domum
849 2265 884 2298 in
912 2264 1085 2310 patriam,
1107 2264 1156 2298 acl
1179 2269 1359 2311 parentes,
1382 2266 1426 2300 li-

304 2328 413 2370 heros,
445 2326 622 2375 conjuges,
652 2328 873 2375 Pcnatesque
903 2327 1015 2362 Deos.
1073 2326 1204 2362 Celsus
1233 2328 1314 2363 haec
1340 2340 1423 2364 cor·

304 2404 410 2442 pore,
433 2391 611 2441 vultuque
641 2392 695 2428 ita
721 2391 824 2436 laeto,
848 2398 887 2427 ut
909 2392 1040 2428 vicisse
1062 2390 1144 2441 jain
1166 2392 1347 2435 crederes,
1369 2393 1426 2429 di-
