1507 2656
328 219 479 247 LIBER
506 215 674 245 XXXII.
707 215 813 242 CAP.
838 215 922 243 XV.
1096 211 1176 257 347

63 313 160 356 bitu,
191 321 227 349 et
258 326 301 348 ea
330 313 410 361 ipsa
440 309 623 346 facilitate
651 309 770 345 veniae
801 308 946 344 animos
979 318 1108 343 eorum
1138 307 1175 342 in
1193 310 1374 343 U.C.554‚

62 387 253 430 posterum
285 376 474 414 conciliat.
531 375 661 411 Missis
692 375 826 411 deinde
855 374 1002 410 nunciis
1035 374 1177 422 Corcy-
1189 354 1280 386 A'C'
1300 361 1371 389 ¹⁹8·

62 457 156 487 ram,
179 451 219 479 ut
238 443 418 478 onerariae
439 453 552 477 naves
574 441 612 475 in
643 440 766 475 sinum
787 439 958 475 venirent
976 437 1177 474 Ambraci-

63 522 149 554 un13
183 510 273 558 ipse,
295 518 515 557 progressus
540 505 696 541 modicis
728 504 940 546 itineribus,
961 509 1096 553 quarto
1117 502 1177 539 die

62 573 99 608 in
121 579 249 608 monte
270 572 444 607 Cercetio
465 570 592 620 posuit
619 574 756 611 castra,
777 568 909 604 eodem
929 567 1176 617 Amynandro

60 650 145 673 cum
166 637 241 672 suis
263 636 412 672 auxiliis
433 635 579 680 adcit03
603 647 681 670 uon
700 640 778 670 tam
796 635 928 669 virium
949 632 1029 683 ejus
1046 644 1175 681 egens,

60 714 173 750 quam
201 707 242 736 ut
271 701 382 736 duces
414 701 451 735 iu
481 698 719 734 Thessaliam
748 697 927 733 haberet:
965 696 1012 732 ab
1043 696 1175 732 eodem

61 765 220 802 consilio
236 771 273 800 et
291 763 458 814 plerique
473 764 719 813 Epirotarum
736 761 938 798 voluntarii
954 762 1052 796 inter
1067 761 1174 797 auxi-

60 829 109 864 lia
129 829 285 878 accepti.

116 894 204 931 XV.
236 895 401 930 Primam
439 893 587 929 urbium
625 892 831 929 Thessaliae
861 890 1077 928 Phaloriam
1117 896 1173 927 est
1186 897 1368 929 Phaloriam

58 960 279 1007 adgressus:
313 961 388 995 duo
408 959 525 995 millia
550 958 807 995 Macedonum
832 958 871 993 in
900 956 1075 1007 praesidio
1106 942 1373 1025 ha-ffi'ggistffa‘

59 1023 187 1066 bebat,
222 1025 285 1073 qui
318 1024 441 1073 primo
475 1036 622 1059 summa
653 1024 688 1058 vi
719 1024 953 1065 restiterunt,
990 1028 1174 1071 quantum

58 1101 175 1131 arma,
197 1095 379 1137 quantum
400 1088 541 1124 moenia
569 1088 666 1123 tueri
697 1094 898 1137 poterant:
931 1086 995 1122 sed
1025 1086 1173 1136 obpug-

58 1153 164 1188 natio
185 1153 380 1194 continua,
401 1165 477 1187 non
508 1151 581 1194 die,
603 1164 681 1187 non
707 1158 820 1186 nocte
847 1151 1016 1193 remissa,
1041 1152 1175 1199 (quum

57 1217 191 1253 consul
213 1218 252 1252 in
278 1230 324 1253 eo
350 1218 443 1253 verti
470 1217 636 1252 crederet
665 1224 877 1252 ceterorum
903 1215 1175 1252 Thessalorum

58 1284 219 1326 animos,
241 1284 271 1319 si
298 1285 407 1333 primi
429 1285 502 1319 vim
528 1283 746 1319 Romanam
776 1296 854 1319 non
885 1282 1170 1329 sustinuissent)

57 1349 146 1384 vicit
166 1349 413 1397 pertinaciam
434 1348 704 1385 Macedonum.
762 1349 886 1399 Capta
905 1347 1097 1390 Phaloria,
1118 1346 1173 1384 le-

58 1414 135 1462 gati
157 1426 177 1449 a
196 1412 405 1462 Metropoli
422 1420 460 1448 et
474 1425 496 1448 a
512 1412 623 1448 Piera
642 1412 819 1449 dedentes
842 1413 949 1449 urbes
966 1418 1169 1448 venerunt:

57 1478 166 1513 venia
186 1477 324 1513 eisdem
345 1476 562 1526 petentibus
583 1476 704 1514 datur.
758 1476 938 1513 Phaloria
956 1477 1110 1512 incensa
1128 1488 1172 1513 ac

54 1541 202 1590 ‹lirepta
238 1547 307 1576 est.
363 1539 458 1575 Inde
495 1540 695 1588 fflginium
732 1541 828 1591 petit
846 1556 852 1576 z
897 1553 1008 1589 quem
1044 1539 1172 1577 locum

54 1618 169 1655 quum
189 1605 247 1640 vel
267 1605 416 1640 modico
437 1605 613 1654 praesidio
639 1611 764 1641 tutum
785 1619 828 1642 ac
848 1618 966 1656 prope
985 1606 1170 1656 inexpug-

53 1669 218 1706 nabilem
236 1670 402 1712 vidisset,
419 1671 548 1719 paucis
570 1671 607 1706 in
629 1672 832 1707 stationem
853 1671 1065 1720 proximam
1085 1670 1168 1707 telis

53 1734 252 1784 conjectis,
274 1734 319 1769 ad
343 1734 607 1782 Gomphorum
637 1736 832 1783 regionem
863 1747 997 1784 agmen
1030 1735 1165 1771 vertit:

53 1799 324 1848 degressusque
345 1799 382 1834 in
404 1811 555 1847 campos
572 1799 793 1843 Thessaliae,
811 1813 925 1849 quum
935 1799 1018 1850 jam
1039 1800 1169 1836 omnia

52 1864 233 1899 exercitui
249 1864 434 1906 deessent,
452 1865 539 1912 quia
554 1864 800 1913 Epirotarum
818 1871 1035 1915 pepercerat
1051 1865 1167 1913 agris,

52 1927 250 1978 explorato
270 1934 372 1970 ante,
394 1935 520 1964 utrum
542 1929 770 1972 Leucadem,
792 1943 840 1966 an
860 1931 984 1966 sinum
1003 1929 1167 1966 Ambra-

51 1993 150 2028 cium
178 1993 359 2028 onerariae
386 1994 611 2036 tenuissent,
632 1994 903 2030 frumentatum
923 1994 1168 2031 Ambraciam

50 2060 89 2096 in
108 2060 227 2096 vicem
247 2060 424 2096 cohortes
445 2060 570 2096 misit:
601 2068 637 2097 et
657 2068 713 2097 est
734 2062 804 2097 iter
824 2075 846 2097 a
865 2062 1052 2111 Gomphis
1072 2062 1166 2098 Am-

48 2123 230 2167 braciam,
252 2126 349 2161 sicut
369 2126 577 2175 inpeditum
600 2139 643 2162 ac
667 2126 828 2170 difficile,
850 2128 904 2163 ita
931 2128 1055 2177 spatio
1080 2140 1166 2178 per-

49 2187 166 2224 brevi.
223 2188 329 2225 Intra
350 2202 490 2238 paucos
511 2190 637 2238 itaque
657 2190 749 2233 dies,
771 2191 994 2227 transvectis
1021 2203 1044 2227 a
1071 2191 1166 2227 mari

51 2253 340 2297 commeatibus,
360 2253 504 2304 repleta
524 2255 628 2290 omni
647 2267 771 2291 rerum
792 2256 902 2305 copia
922 2261 1009 2291 sunt
1029 2262 1164 2293 castra.

50 2316 144 2353 Inde
163 2318 342 2354 Atracem
362 2325 417 2355 est
438 2319 630 2369 profectus
649 2334 656 2354 t
690 2320 818 2356 decem
835 2319 953 2356 ferme
972 2319 1090 2356 millia
1116 2320 1163 2356 ab
1175 2321 1275 2351 Atrax

49 2379 203 2418 Larissa
222 2381 351 2420 abest:
384 2395 431 2420 ex
450 2383 667 2420 Perrhaebia
687 2384 838 2421 oriundi
863 2389 973 2422 sunt:
1007 2385 1079 2421 sita
1109 2365 1313 2422 est⁰b⁵e⁵⁸a'

567 2450 648 2490 06
