1523 2666
314 199 398 255 556
776 210 820 238 T.
848 209 980 239 mvn

117 305 160 335 U.
172 303 209 335 C.
228 309 300 336 560.
314 301 518 341 Quinctius
539 305 597 336 est
616 299 776 343 adcitus,
795 307 846 344 et,
861 305 1065 337 accusante
1085 298 1234 337 Leonte
1254 302 1431 351 quodam,

117 348 208 379 A'C‘
228 356 570 418 192'Apollodorus
597 371 735 401 auctor
764 365 989 401 defectionis
1011 365 1226 409 damnatus,
1252 372 1364 415 atque
1394 367 1433 403 in

312 430 490 468 exsilium
520 435 576 466 est
606 428 762 479 ejectus.
821 429 871 465 Et
901 429 948 465 ab
979 429 1130 465 Achaeis
1171 430 1320 479 quidem
1348 443 1432 466 cum

312 496 413 533 tristi
434 507 617 546 responso
638 493 780 542 legatio
802 493 847 529 ad
868 506 995 543 regem
1016 494 1139 531 rediit.
1186 495 1318 531 Boeoti
1338 494 1434 531 nihil

316 562 410 598 certi
434 560 734 611 responderunt:
769 571 876 607 quum
898 560 1094 596 Antiochus
1118 562 1155 596 in
1175 561 1351 597 Boeotiam
1377 573 1436 601 ve-

311 630 432 669 nisset,
456 632 545 668 tum,
567 626 654 673 quid
672 624 736 659 sibi
758 623 983 673 faciundum
1006 631 1105 667 esset,
1125 638 1161 661 se
1180 627 1437 664 deliberaturos

312 704 396 729 esse.
454 689 686 731 Antiochus,
708 701 824 737 quum
855 689 903 724 ad
927 687 1120 725 Chalcidis
1144 690 1374 739 praesidium,
1399 699 1435 729 et

312 756 477 793 Achaeos
499 760 537 790 et
558 753 769 790 Eumenem
791 753 1086 801 regem'misisse
1113 753 1292 797 audisset,
1313 761 1436 791 matu-

313 821 472 858 randum
495 825 614 862 ratus,
638 827 677 854 ut
699 824 736 854 et
756 818 1009 868 praevenirent
1029 819 1099 861 sui,
1122 825 1160 854 et
1179 820 1386 864 venientes,
1408 821 1439 857 si

315 892 487 937 possent,
526 885 760 934 exciperent,
791 882 1020 934 Menippum
1053 897 1138 920 cum
1170 884 1290 921 tribus
1323 885 1441 923 ferme

314 951 480 988 millibus
507 949 687 992 militum,
710 955 747 985 et
777 962 863 985 cum
890 950 994 985 omni
1018 949 1135 986 classe
1165 949 1439 1000 Polyxenidam

313 1016 433 1053 mittit
453 1031 459 1052 :
494 1015 573 1066 ipse
594 1026 734 1065 paucos
756 1021 844 1065 post
864 1015 941 1050 dies
963 1027 1027 1050 sex
1048 1014 1166 1051 millia
1192 1027 1345 1052 suorum
1366 1016 1437 1053 mi·

314 1081 439 1125 litum,
460 1086 497 1117 et
524 1093 570 1116 ex
600 1092 644 1115 ea
674 1079 799 1129 copia,
822 1092 905 1127 quae
935 1078 1080 1115 Lamiae
1110 1087 1265 1130 repente
1296 1080 1436 1130 conligi

314 1147 454 1197 potuit,
475 1158 555 1182 non
582 1145 636 1181 ita
656 1144 795 1180 multos
818 1144 972 1180 AEtolos
994 1145 1109 1181 ducit.
1167 1146 1298 1182 Achaei
1326 1147 1436 1196 quin-

315 1211 433 1261 genti,
453 1217 489 1247 et
504 1210 550 1247 ab
566 1210 739 1246 Eumene
756 1222 843 1258 rege
857 1210 1047 1246 modicum
1065 1210 1248 1246 auxilium
1265 1212 1434 1255 missum,

314 1278 408 1314 duce
428 1275 644 1313 Xenoclide
666 1274 923 1318 Chalcidensi,
944 1275 1118 1312 nondum
1141 1276 1304 1312 obsessis
1324 1277 1438 1313 itine-

316 1342 435 1385 ribus,
456 1347 542 1377 tnto
562 1340 788 1389 transgressi
808 1340 1008 1391 Euripum,
1027 1341 1245 1377 Chalcidem
1259 1354 1440 1392 pervene-

317 1414 418 1443 runt.
449 1405 617 1442 Romani
639 1404 793 1448 milites,
815 1405 1013 1454 quingenti
1033 1406 1151 1442 ferme
1168 1412 1205 1442 et
1224 1407 1310 1457 ipsi,
1325 1419 1440 1456 quum

310 1470 392 1521 jam
414 1470 621 1520 Menippus
644 1475 768 1504 castra
791 1475 879 1505 ante
910 1469 1098 1519 Salganea
1127 1471 1173 1507 ad
1203 1470 1438 1516 Hermaeum,

317 1548 393 1585 qua
421 1536 603 1571 transitus
635 1546 682 1570 ex
712 1534 866 1570 Boeotia
896 1534 934 1571 in
964 1535 1154 1572 Euboeam
1184 1535 1346 1572 insulam
1367 1544 1438 1580 est,

317 1600 491 1643 haberet,
519 1604 715 1635 venerunt.
771 1599 912 1636 Mictio
941 1606 1022 1636 erat
1049 1614 1135 1637 cum
1160 1601 1220 1644 iis,
1244 1600 1390 1650 legatus
1418 1615 1441 1638 a

320 1664 504 1702 Chalcide
524 1664 571 1700 ad
591 1664 830 1707 Quinctium,
853 1664 899 1700 ad
928 1665 964 1701 id
993 1665 1117 1716 ipsum
1139 1665 1355 1715 praesidium
1375 1680 1442 1717 pe-

319 1730 491 1772 tendum,
510 1729 644 1765 missus
664 1744 671 1764 ε
696 1730 775 1779 qui,
793 1736 995 1780 postquam
1012 1730 1185 1767 obsessas
1202 1730 1250 1767 ab
1265 1731 1440 1768 hostibus

319 1795 448 1832 fauces
465 1794 573 1837 vidit,
591 1794 734 1831 omisso
756 1795 800 1831 ad
815 1794 989 1831 Aulidem
1008 1796 1158 1839 itinere,
1176 1795 1331 1832 Delium
1347 1809 1440 1834 con-

320 1860 449 1903 vertit,
471 1866 513 1895 ut
532 1859 620 1895 inde
640 1859 679 1895 in
700 1858 890 1895 Euboeam
911 1861 1212 1897 transmissurus.

126 1932 174 1961 Ad
191 1931 256 1961 De·
289 1973 295 1978 .
376 1924 444 1961 LI.
464 1923 667 1975 Templum
688 1930 743 1959 est
764 1924 955 1974 Apollinis
973 1924 1141 1968 Delium,
1159 1925 1347 1962 inminens
1362 1939 1444 1963 ma-

125 1976 297 2048 Ῑῐέζῖξζεξᾶδι
322 1991 377 2036 ri,
401 1990 568 2039 quinque
587 1988 704 2025 millia
726 2002 903 2039 passuum
925 2002 947 2025 a
965 1989 1143 2038 Tanagra
1163 1989 1270 2026 abest
1289 2006 1295 2026 :
1321 1990 1444 2028 minus

127 2061 279 2092 Romani.
322 2063 486 2106 quatuor
505 2053 663 2091 millium
691 2055 778 2091 inde
808 2056 847 2090 in
876 2055 1051 2106 proxima
1081 2054 1240 2091 Euboeae
1273 2062 1328 2091 est
1352 2057 1446 2093 mari

321 2119 517 2171 trajectuS.
549 2118 628 2156 Ubi
646 2125 683 2155 et
703 2120 739 2154 in
761 2118 852 2155 fano
873 2119 1050 2169 lucoque,
1072 2132 1116 2155 ea
1134 2119 1320 2168 religione
1340 2127 1378 2157 et
1398 2133 1443 2158 eo

316 2185 406 2238 jure
429 2192 577 2228 sancto,
600 2197 675 2233 qno
702 2191 791 2220 sunt
822 2184 978 2234 templa,
1001 2198 1083 2234 quae
1103 2184 1207 2235 asyla
1228 2185 1352 2222 Graeci
1379 2187 1446 2223 ad-

322 2251 482 2303 pellant,
503 2258 540 2286 et
569 2250 739 2286 nondum
773 2256 839 2286 aut
868 2250 1013 2286 indicto
1043 2249 1159 2292 bello,
1180 2255 1246 2286 aut
1265 2251 1318 2287 ita
1338 2264 1443 2288 com-

323 2317 454 2359 misso,
486 2321 527 2350 ut
555 2314 708 2350 strictos
740 2313 902 2363 gladios,
935 2321 1001 2351 ant
1028 2315 1252 2363 sanguinem
1286 2327 1443 2365 usquam

323 2381 465 2418 factum
487 2379 694 2421 audissent,
716 2392 832 2429 quum
859 2391 925 2430 per
945 2391 1125 2428 magnum
1148 2378 1269 2416 otium
1289 2379 1443 2425 milites,
