1523 2666
171 276 293 312 U.C.⁵

168 321 258 354 A.C.
279 331 291 354 1

136 1509 250 1538 Classis

135 1553 294 1584 Romana.

361 180 445 234 604
813 196 858 224 Τ.
883 196 1016 225 mvn

299 286 349 312 61-
366 282 484 330 Magis
504 284 629 320 mirari
648 296 696 327 se,
717 283 855 328 aiebat,
877 286 972 334 quod
995 297 1065 322 non
1082 284 1164 332 jam
1191 288 1228 323 in
1245 289 1334 326 Asia
1358 298 1469 329 essent

299 332 316 358 9

342 346 534 391 ‘Romana
569 361 677 397 quam
707 354 872 385 venturos
904 350 1076 387 dubitare.
1134 351 1290 400 Propius
1317 365 1399 398 esse,
1429 358 1469 392 in

360 415 486 450 Asiam
501 427 544 451 ex
561 416 714 459 Graecia,
731 429 838 465 quam
854 428 895 452 ex
910 417 1022 453 ltalia
1039 419 1073 453 z'n
1093 418 1268 455 Groeciam
1284 419 1448 467 trajicere
1456 438 1469 460 .-

359 482 395 515 et
413 480 526 515 multo
548 478 717 526 majorem
743 492 903 516 caussam
928 482 1159 526 Antiochum,
1180 496 1288 531 quam
1306 486 1467 530 AEtolos,

357 554 439 580 esse.
496 544 620 590 Neque
652 544 745 579 enim
772 545 866 579 mari
895 545 1024 587 minus,
1055 558 1162 593 quam
1196 551 1305 590 terra,
1333 550 1470 597 pollere

358 607 527 643 Romana
545 619 668 643 arma:
684 606 907 656 jampridem
926 609 1070 644 classem
1090 609 1186 646 circa
1204 611 1366 648 Maleam
1384 624 1467 650 esse.

358 672 498 707 Audire
515 684 599 714 sese,
621 683 734 719 nuper
753 684 860 708 novas
878 685 982 709 naves
1000 685 1197 722 novumque
1215 676 1469 724 imperatorem

355 737 408 772 rei
425 737 590 783 gercndae
608 748 730 772 caussa
749 749 790 772 ex
810 737 923 773 Italia
944 739 1085 775 venisse.
1142 739 1271 788 Itaque
1295 741 1468 777 desineret

355 803 554 838 Antiochus
570 815 693 850 pacem
712 803 775 838 sibi
794 804 867 851 ipse
884 815 945 852 spe
964 816 1057 840 vana
1065 804 1207 854 facere.
1246 806 1290 841 In
1309 807 1411 850 Asia,
1431 811 1468 843 ee

355 867 398 902 de
417 868 495 915 ipsa
513 868 616 910 Asia,
637 867 731 903 brevi
750 872 847 903 terra
865 871 1026 917 marique
1053 870 1297 906 dimicandum
1325 872 1358 906 ei
1385 882 1467 907 cum

355 929 530 967 Romanis
547 943 641 967 esse:
669 935 703 966 et
723 936 787 967 aut
807 933 995 980 imperium
1014 933 1243 969 adimendum
1262 934 1378 970 orbe-m
1394 939 1467 971 ter·

352 1007 476 1030 rarum
512 994 788 1043 adfectantibus,
824 1000 888 1031 aut
932 997 999 1044 ipsi
1037 1008 1185 1044 regnum
1217 999 1466 1035 amittendum.

353 1057 463 1094 Unus
484 1071 571 1094 vera
591 1064 628 1093 et
648 1059 858 1108 providere,
881 1066 917 1095 et
937 1059 1097 1096 fideliter
1118 1060 1321 1111 praedicere
1339 1062 1438 1097 visus
1455 1075 1463 1098 :

349 1123 480 1171 itaque
508 1123 588 1172 ipse
617 1135 683 1159 rex
711 1122 885 1165 navibus,
916 1136 998 1172 quae
1025 1129 1165 1173 paratae
1194 1124 1467 1173 instructaeque

351 1192 472 1230 erant,
495 1187 775 1222 Chersonesum
798 1187 894 1236 petit
911 1205 922 1230 ,-
952 1193 994 1223 ut
1014 1200 1058 1223 ea
1075 1187 1175 1230 loca,
1196 1187 1227 1222 si
1246 1186 1346 1223 forte
1365 1193 1467 1224 terra

349 1252 522 1286 venirent
548 1250 730 1291 Romani,
750 1251 932 1299 praesidiis
960 1250 1149 1286 firmaret:
1182 1256 1347 1287 ceteram
1366 1250 1463 1288 clas-

349 1327 428 1350 sem
459 1314 731 1363 Polyxenidam
760 1326 891 1363 parare
921 1321 958 1349 et
988 1314 1170 1351 deducere
1192 1313 1309 1364 jussit
1325 1331 1336 1360 3
1376 1327 1462 1366 spe-

350 1378 552 1415 culatorias
579 1390 692 1415 naves
720 1378 766 1414 ad
793 1379 922 1414 omnia
951 1378 1183 1430 exploranda
1202 1379 1301 1415 circa
1319 1378 1460 1416 insulas

350 1443 505 1480 dimisit.

403 1507 534 1544 XLII.
566 1507 610 1544 C.
629 1506 760 1543 Livius
781 1506 981 1557 praefectus
1001 1506 1188 1543 Romanae
1208 1506 1352 1550 classis,
1373 1520 1459 1544 cum

349 1573 626 1622 quinquaginta
662 1572 821 1608 navibus
860 1573 969 1609 tectis
1007 1572 1213 1621 profectus,
1249 1572 1296 1609 ab
1333 1572 1461 1610 Roma

350 1636 569 1687 Neapolim,
588 1648 663 1685 quo
683 1636 730 1671 ab
751 1636 862 1671 sociis
883 1634 962 1686 ejus
984 1648 1059 1671 orae
1080 1634 1461 1685 convenii-ejusserat

352 1707 499 1751 apertas
526 1712 655 1744 naves,
677 1713 759 1749 quae
783 1713 829 1736 ex
858 1700 998 1736 foedere
1027 1699 1274 1743 debebantur,
1297 1699 1463 1736 Siciliam

350 1765 438 1801 inde
459 1765 576 1815 petit:
609 1764 782 1812 fretoque
802 1764 1020 1800 Messanam
1047 1770 1326 1814 praetervectuS,
1348 1777 1463 1813 quum

352 1844 416 1869 sex
437 1831 602 1867 Punicas
624 1843 736 1867 naves
758 1831 803 1866 ad
824 1831 1007 1866 auxilium
1025 1831 1157 1867 missas
1177 1830 1397 1881 accepisset,
1414 1829 1462 1866 ab

350 1894 537 1944 Rheginis
557 1894 768 1942 Locrisque
797 1902 834 1929 et
863 1893 1029 1944 ejusdcm
1053 1893 1150 1943 juris
1178 1894 1289 1930 sociis
1316 1892 1461 1930 (lebi'tas

352 1959 538 2006 exegisset
558 1970 686 2001 naves,
707 1958 865 1993 lustrata
891 1957 1009 1993 classe
1035 1957 1082 1993 ad
1104 1956 1318 1998 Lacinium,
1340 1955 1460 1992 altum

350 2024 458 2072 petit.
517 2022 736 2070 Corcyram,
756 2033 868 2069 quam
894 2021 1053 2070 primam
1073 2019 1229 2055 Graeciae
1250 2019 1461 2055 civitatium

351 2088 458 2129 adiit,
490 2099 604 2135 quum
641 2085 817 2126 venisset,
847 2090 1114 2134 percunctatus
1148 2083 1193 2119 de
1222 2089 1324 2119 statu
1355 2081 1460 2126 belli,

356 2151 533 2197 (necdum
553 2150 654 2184 enim
680 2149 809 2184 omnia
828 2149 864 2183 in
886 2148 1034 2184 Graecia
1053 2153 1257 2198 perpacata
1275 2146 1399 2193 erant)
1423 2151 1461 2182 et

351 2215 418 2251 ubi
447 2214 573 2251 classis
604 2213 782 2250 Romana
808 2220 919 2255 esset,
947 2218 1149 2262 postquam
1179 2211 1334 2252 audivit,
1359 2210 1460 2245 circa

352 2276 692 2326 Thermopylarum
730 2276 866 2312 saltum
905 2276 944 2311 in
981 2276 1147 2311 statione
1184 2272 1378 2310 consulem
1415 2285 1458 2309 ac

353 2354 480 2391 regem
499 2353 593 2385 esse,
613 2340 769 2376 classem
789 2339 923 2375 Piraeei
943 2345 1056 2382 stare,
1073 2336 1337 2375 maturandum
1354 2341 1456 2372 ratus
