1507 2656
374 223 528 257 uBER
552 224 746 256 xxvn1.
779 224 886 256 CAP.
909 226 956 256 v.
1167 215 1220 271 87

108 317 263 357 consule
281 331 328 356 ex
343 318 471 355 Sicilia
490 319 528 354 in
544 317 714 354 Africam
733 317 966 361 transmissa,
986 317 1025 356 in
1045 317 1218 357 Uticensi
1232 322 1273 354 U.
1283 323 1321 355 C.
1341 331 1414 359 545.

108 384 495 433 Karthaginiensique
515 395 607 432 agro
627 381 702 418 late
719 381 984 432 populationes
1004 383 1095 421 fecit
1112 398 1120 420 z
1152 397 1219 422 ex·
1228 367 1270 400 A·
1283 367 1320 401 Ο·
1339 374 1415 406 ²⁰7·

108 448 236 484 tremis
260 447 396 484 finibus
424 446 805 495 Karthaginiensium
835 447 935 483 circa
963 448 1045 498 ipsa
1077 449 1221 486 moenia

109 513 233 552 Uticae
270 514 404 564 praedae
447 520 541 550 actae
577 518 676 550 sunt.
732 511 1011 562 Repetentibus
1053 512 1221 550 Siciliam

107 579 236 616 classis
256 579 401 615 Punica
419 578 679 630 (septuaginta
706 584 812 614 erant
841 576 965 625 longae
994 576 1125 622 naves)
1148 575 1219 613 ob-

106 644 247 680 currit:
280 644 409 680 decem
435 650 473 679 et
500 650 644 694 septem
671 655 784 679 naves
815 655 862 679 ex
894 642 938 678 iis
968 647 1088 692 captae
1114 647 1217 687 sunt,

105 715 268 757 quatuor
285 708 324 744 in
345 707 424 744 alto
446 719 576 743 mersae
596 721 603 743 ε
637 714 761 743 cetera
779 706 864 743 fusa
892 718 935 742 ac
964 706 1096 755 fugata
1121 705 1218 743 clas-

106 773 168 808 sis.
223 773 342 809 Terra
370 773 538 821 marique
568 772 690 808 victor
725 771 922 807 Romanus
961 783 1045 807 cum
1079 783 1219 820 magna

106 837 228 871 omnis
249 837 394 885 generis
415 836 541 885 praeda
559 835 773 884 Lilybaeum
801 835 950 884 repetit.
1006 834 1110 870 Toto
1128 835 1218 871 inde

105 900 199 935 mari
218 900 333 949 pulsis
353 901 520 936 hostium
541 900 713 943 navibus,
734 899 863 947 magni
885 906 1116 935 commeatus
1135 898 1217 936 fru-

104 963 222 998 menti
242 962 407 998 Romam
427 962 608 998 subvecti.

157 1025 203 1061 V.
234 1026 427 1075 Principio
448 1026 587 1062 aestatis
608 1025 702 1075 ejus,
724 1039 797 1074 qua
815 1026 896 1062 haec
922 1032 1010 1062 sunt
1029 1032 1149 1074 gesta,
1170 1026 1213 1063 P.
1227 1031 1288 1063 Res
1302 1033 1395 1066 Grae-'-

106 1089 292 1139 Sulpicius
324 1089 527 1140 proconsul
558 1096 595 1125 et
624 1089 776 1125 Attalus
811 1103 877 1126 rex
909 1103 1024 1139 quum
1061 1090 1214 1139 AEginae
1227 1076 1296 1109 ὦδε·

107 1155 222 1202 (sicut
242 1162 330 1190 ante
346 1155 487 1190 dictum
508 1155 580 1199 est)
601 1154 880 1196 hibernassent,
905 1154 1095 1190 Lemnum
1114 1155 1217 1199 inde,

105 1217 222 1254 classe
245 1217 395 1268 juncta,
416 1217 601 1253 Romanae
631 1218 795 1266 quinque
822 1223 859 1253 et
878 1218 1014 1266 viginti
1032 1217 1218 1267 quinque-

105 1293 239 1324 remes,
260 1282 372 1330 regiae
393 1282 556 1329 quinque
576 1287 614 1316 et
632 1281 804 1328 triginta,
824 1281 1124 1318 transmiserunt.
1163 1281 1217 1317 Et

104 1344 317 1394 Philippus,
347 1351 402 1386 ut,
433 1357 498 1380 seu
526 1351 627 1380 terra
655 1357 720 1380 seu
746 1346 841 1381 mari
870 1345 1022 1381 obviam
1050 1346 1214 1382 eundum

104 1408 207 1444 hosti
233 1408 346 1452 foret,
376 1415 527 1457 paratus
563 1409 608 1444 ad
638 1421 768 1444 omnes
803 1416 961 1445 conatus
993 1416 1103 1453 esset,
1134 1410 1216 1459 ipse

104 1472 385 1509 Demetriadem
406 1473 451 1508 ad
470 1485 571 1508 mare
588 1473 780 1508 descendit
799 1489 805 1509 ε
839 1473 1030 1510 Larissam
1050 1474 1148 1509 diem
1168 1472 1218 1510 ad

105 1536 403 1573 conveniendum
425 1536 606 1571 exercitui
630 1536 757 1572 edixit.
816 1535 995 1585 Undique
1024 1536 1071 1572 ab
1101 1537 1215 1573 sociis

103 1599 312 1649 legationes
339 1599 620 1634 Demetriadem
648 1600 693 1635 ad
725 1598 865 1635 famam
897 1600 995 1648 regis
1027 1612 1216 1636 convene-

105 1668 206 1700 runt.
263 1662 500 1698 Sustulerant
533 1663 632 1697 enim
665 1664 810 1698 animos
844 1663 982 1706 AEtoli,
1018 1677 1132 1712 quum
1166 1664 1214 1700 ab

104 1726 282 1763 Romana
310 1726 506 1768 societate,
525 1732 605 1761 tum
636 1732 722 1776 post
741 1726 863 1762 Attali
892 1727 1107 1771 adventum,
1128 1728 1215 1764 fini-

103 1792 291 1839 timosque
329 1790 679 1841 depopulabantur:
729 1803 799 1826 nec
834 1791 1052 1827 Acarnanes
1090 1791 1214 1829 solum

103 1855 321 1903 Boeotique,
339 1861 377 1890 et
396 1855 459 1903 qui
478 1854 667 1890 Euboeam
687 1854 873 1897 incolunt,
892 1856 931 1890 in
949 1867 1089 1903 magno
1109 1862 1215 1892 metu

103 1924 231 1955 erant:
272 1919 336 1955 sed
366 1919 497 1955 Achaei
532 1932 693 1968 quoque,
730 1932 824 1968 quos
858 1932 968 1969 super
1001 1919 1213 1956 AEtolicum

102 1982 243 2020 bellum
262 1983 508 2019 Machanidas
531 1984 644 2019 etiam
673 1983 985 2020 Lacedaemonius
1014 1990 1212 2033 tyrannus,

102 2047 203 2084 haud
230 2046 361 2097 procul
386 2048 613 2095 Argivorum
640 2047 713 2083 fine
747 2049 880 2097 positis
915 2048 1061 2091 castris,
1094 2055 1212 2084 terre-

102 2109 193 2146 bat:
225 2111 266 2145 hi
293 2122 422 2146 omnes
450 2110 524 2146 suis
556 2111 712 2159 quisque
746 2111 915 2154 urbibus,
935 2123 1018 2160 quae
1048 2111 1214 2161 pericula

102 2179 202 2209 terra
221 2174 387 2222 marique
416 2174 753 2224 portendebantur,
783 2182 1050 2217 memoranteS,
1073 2174 1213 2211 auxilia

103 2249 231 2285 regem
256 2237 428 2274 orabant.
486 2237 547 2273 Ne
573 2250 619 2274 ex
644 2250 762 2286 regno
783 2238 932 2286 quidem
961 2238 1076 2288 ipsius
1108 2244 1212 2274 tran-

105 2299 229 2348 quillae
261 2300 540 2338 nunciabantur
571 2313 656 2336 res:
689 2307 725 2336 et
760 2301 1028 2337 Scerdilaedum
1057 2301 1212 2338 Pleura-

104 2368 259 2415 tumque
274 2371 400 2403 motos
421 2377 514 2411 esse,
535 2371 574 2402 et
592 2365 784 2404 Thracum
811 2366 976 2406 maxime
995 2365 1159 2410 Maedos)
1181 2365 1212 2401 si
