1507 2656
336 197 488 227 LIBER
512 197 658 225 xxm.
691 196 798 224 CAP.
820 196 968 225 xx1x.
1122 194 1195 237 197

96 291 176 322 tum
192 286 238 323 ad
262 299 363 323 mare
391 285 674 334 turbandosque
700 284 936 332 egredientes
967 295 1012 319 ex
1041 284 1199 319 navibus
1216 286 1304 317 U.C.
1320 294 1392 318 545.

95 352 212 396 missi,
230 354 266 388 in
281 352 462 388 stationes
475 350 739 387 Romanorum
757 349 989 386 inciderunt:
1006 348 1087 399 jam
1101 350 1201 384 enim
1215 331 1252 360 Α·
1265 330 1302 360 C'
1315 338 1389 361 '²⁰⁴‘

97 416 237 466 Scipio,
258 415 374 452 classe
396 415 546 451 Uticam
578 415 706 456 missa,
729 414 807 464 ipse
832 413 933 449 haud
962 414 1015 449 ita
1042 413 1202 449 multum

95 492 312 530 progressus
356 491 379 515 a
422 480 531 521 mari,
574 478 741 514 tumulos
786 478 979 527 proximos
1025 484 1198 527 ceperat3

96 543 238 592 equites
268 548 305 578 et
334 543 372 578 in
398 541 626 578 stationibus
658 541 751 577 locis
783 541 929 577 idoneis
953 547 1144 590 posucrat,
1165 546 1203 576 et

95 619 161 657 per
180 597 290 654 agros
310 607 464 643 miserat
484 606 705 657 praedatum.

147 670 305 707 XXIX.
335 670 369 706 Ii
389 684 474 707 cum
503 668 815 718 Karthaginiensi
837 669 1006 718 equitatu
1027 668 1200 719 proelium
1213 674 1319 714 Scipio
1329 683 1418 713 agros

1213 717 1404 799 3551?ssssss

95 810 231 847 rosque
243 798 429 848 fugientes
447 799 633 849 persecuti
652 799 707 845 (iu
724 797 859 846 quibus
873 797 1091 847 praefectum
1107 809 1200 845 quo·
1215 810 1281 832 tatu
1302 804 1378 832 Kar-

96 873 168 909 que
187 861 433 905 Hannonem,
455 861 834 912 nobilemjuvenem)
858 860 1088 896 occiderunt.
1120 860 1199 895 Sci·
1214 847 1418 885 thaguuensn.

96 747 210 783 quum
230 736 521 779 commisissent,
541 747 682 785 paucos
709 735 747 769 in
775 734 857 782 ipso
883 734 1101 775 certamine,
1122 731 1200 782 ple—

94 924 159 973 pio
179 937 255 960 non
276 938 386 973 agros
407 926 520 962 modo
540 926 639 962 circa
660 926 833 967 vastavit,
853 925 916 960 sed
937 924 1066 960 urbem
1087 925 1200 960 etiam

94 989 306 1038 proximam
325 990 505 1026 Afrorum
525 991 615 1026 satis
636 990 855 1039 opulentam
876 991 974 1039 cepit
991 1005 997 1025 :
1022 990 1084 1026 ubi
1104 1003 1200 1040 prae-

96 1058 153 1087 ter
172 1059 309 1096 cetera,
330 1065 412 1102 quae
442 1053 633 1103 extemplo
660 1054 697 1088 in
728 1066 842 1089 naves
874 1054 1063 1089 onerarias
1091 1055 1201 1103 inpo-

95 1115 181 1158 sita,
203 1116 389 1165 missaque
414 1116 453 1152 in
475 1116 642 1152 Siciliam
668 1122 789 1158 erant,
811 1122 899 1152 octo
919 1116 1037 1152 millia
1062 1116 1201 1153 libero-

96 1191 177 1215 rum
198 1192 463 1229 servorumque
484 1180 650 1230 capitum
676 1186 764 1216 sunt
790 1186 912 1230 capta.
967 1180 1200 1216 Laetissimus
1217 1192 1383 1221 Masinissa

95 1247 223 1279 tamen
248 1243 433 1279 Romanis
454 1244 492 1279 in
512 1243 701 1293 principio
722 1256 844 1279 rerum
868 1244 1117 1291 gerendarum
1137 1244 1200 1280 ad·
1214 1236 1256 1308 ³2¹)
1270 1235 1388 1308 ¹³33·

95 1313 229 1342 ventus
257 1307 330 1343 fuit
354 1306 592 1343 Masinissae:
625 1320 736 1356 quem
755 1308 906 1356 quidam
927 1321 1010 1344 cum
1031 1289 1235 1345 ducentisn
1258 1288 1271 1309 S
1377 1298 1385 1307 ⁸

96 1369 199 1406 haud
219 1372 376 1421 amplius
399 1373 603 1421 equitibus,
624 1372 794 1423 plerique
815 1387 898 1409 cum
916 1374 1030 1410 dufim
1047 1374 1206 1411 millium

97 1435 268 1482 equitatu
305 1436 459 1471 tradunt
488 1437 648 1472 venisse.
725 1438 904 1472 Ceterum
941 1451 1054 1486 quum
1092 1438 1206 1487 longe

95 1498 280 1533 maximus
302 1500 471 1534 omnium
492 1501 612 1535 aetatis
638 1513 713 1536 suae
742 1514 871 1549 regum
892 1502 952 1537 hic
972 1501 1099 1544 fuerit,
1121 1503 1204 1551 plu-

96 1559 306 1610 rimumque
338 1576 416 1598 rem
448 1564 666 1600 Romanam
692 1564 849 1614 juverit,
888 1578 1010 1614 oper-<e
1042 1567 1203 1616 pretium

97 1624 244 1661 videtur
266 1627 444 1663 excedere
478 1628 685 1677 paullulum
721 1630 766 1665 ad
795 1630 1056 1672 enarrandum,
1093 1644 1203 1679 quam

97 1688 200 1723 varia
218 1689 371 1725 fortuna
391 1703 478 1726 usus
505 1692 554 1726 sit
579 1692 617 1727 in
638 1693 848 1727 amittendo
872 1694 1203 1743 recuperandoque

97 1757 256 1800 paterno
276 1765 405 1800 regno.
461 1754 648 1791 Militanti
669 1769 738 1805 pro
758 1757 1144 1805 Karthaginiensibus
1166 1759 1201 1793 in
1218 1764 1292 1801 Ejus
1309 1764 1393 1792 varia

98 1813 286 1863 Hispania
305 1824 412 1866 pater
433 1818 466 1853 ei
486 1819 669 1854 moritur:
695 1819 800 1855 Galae
821 1833 958 1855 nomen
980 1828 1070 1857 crat.
1101 1821 1203 1870 ch-
1217 1808 1354 1836 somma·

99 1891 187 1915 num
209 1881 254 1916 ad
278 1881 429 1918 fratrem
460 1885 558 1931 regis
588 1883 795 1927 OEsalcem,
824 1885 1071 1934 pergrandem
1098 1892 1203 1928 natu,

100 1944 199 1990 (mos
230 1945 281 1980 ita
312 1947 409 1995 apud
437 1947 622 1984 Numidas
643 1949 717 1995 est)
741 1949 932 1998 pervenit:
965 1949 1066 1984 haud
1086 1949 1206 1985 multo

97 2012 196 2055 post,
218 2007 372 2044 OEsalce
392 2023 541 2059 quoque
562 2020 728 2054 mortim,
750 2011 872 2061 major
892 2024 937 2047 ex
953 2012 1098 2048 duobus
1120 2013 1205 2048 filiis

99 2069 178 2119 ejus
203 2072 365 2121 Capusa,
387 2086 505 2123 puero
533 2075 733 2110 admodum
760 2075 894 2117 altero,
917 2082 1114 2125 paternum
1135 2078 1205 2112 im-

98 2134 242 2181 perium
262 2137 418 2185 acecpit.
477 2138 652 2173 Ceterum
673 2151 787 2186 quum
815 2139 933 2186 magis
950 2138 1038 2187 jure
1065 2142 1203 2186 gentis,

99 2208 212 2243 quam
242 2201 467 2236 auctoritate
497 2202 596 2237 inter
622 2214 709 2237 suos
742 2209 806 2238 aut
836 2203 987 2245 viribus,
1015 2203 1205 2240 obtineret

101 2271 280 2306 regnum3
313 2264 459 2299 exstitit
488 2265 654 2312 quidam,
681 2265 896 2301 Mezetulus
931 2268 1098 2309 nomine,
1127 2281 1204 2304 non

101 2322 244 2361 alienus
271 2329 452 2376 sanguine
483 2330 649 2378 i·egibuS‚
672 2331 822 2368 samiliae
854 2344 999 2382 semper
1028 2333 1201 2375 inimicae,

614 2394 694 2431 153
