1507 2656
339 209 491 239 LIBER
517 203 671 237 XXXV·
703 206 809 234 (ΕΑΓ.
832 205 953 235 XXX.
1103 203 1185 250 533

89 298 165 334 mul
199 299 311 335 ctiam
345 304 571 341 tentaturus,
602 296 631 332 si
659 308 817 346 quorum
850 296 966 332 animi
994 295 1186 332 sollicitari
1201 300 1241 331 U.
1253 299 1288 330 C.
1308 295 1385 333 560.r

86 363 132 398 ad
150 362 400 400 defectionem
419 377 441 399 a
460 370 620 412 tyranno
642 367 809 412 possent.
865 360 957 397 Non
977 367 1056 397 tam
1075 361 1186 397 fidem
1199 344 1238 429 ἓ
1252 344 1288 374 C'
1308 352 1379 427 ¹3²⁹

86 426 193 462 dictis
214 426 371 477 perfuga
389 426 491 468 fecit,
508 437 618 474 quam
639 424 810 475 perculso
831 430 934 460 metu
953 424 1186 473 relinquendi
1199 406 1393 481 55¹5?erss

88 496 211 526 castra
243 502 411 526 caussam
443 489 678 540 probabilem
710 488 882 539 praebuit.
938 488 1098 525 Postero
1129 489 1188 524 die
1201 495 1274 518 nus.

88 553 343 603 Pythagoram
363 567 447 590 cum
467 554 710 591 auxiliaribus
738 561 775 590 et
797 554 966 603 equitatu
986 553 1189 589 stationem

89 629 199 665 agere
218 630 286 668 pro
307 617 404 654 vallo
417 616 556 668 jussit:
589 619 682 668 ipse,
698 624 890 667 tamquam
908 618 948 653 in
968 617 1085 653 aciem
1105 629 1191 653 cum

87 681 224 717 robore
257 682 441 717 exercitus
475 694 658 731 egressus,
679 682 788 731 signa
821 681 924 718 ocius
950 679 1040 717 ferri
1059 680 1106 716 ad
1127 693 1189 716 ur·-

88 745 172 781 bem
186 745 313 796 jussit.

140 810 277 847 XXX.
308 810 583 860 Philopoemen,
622 818 822 860 postquam
858 812 1015 847 citatum
1053 822 1189 858 agmen

88 886 155 923 per
173 881 371 923 angustam
397 882 435 910 et
456 875 657 925 proclivem
684 877 780 911 viam
809 876 892 912 duci
919 876 1056 925 raptim
1081 875 1197 917 vidit,

86 940 295 987 equitatum
315 952 464 975 omnem
483 945 522 975 et
537 939 772 976 Cretensium
789 939 986 975 auxiliares
1003 939 1041 974 in
1058 939 1192 975 statio-

89 1015 175 1038 nem
208 1004 388 1049 hostium,
410 1018 492 1054 quae
522 1019 592 1056 pro
621 1007 751 1042 castris
785 1012 878 1049 erat,
907 1006 1058 1042 emittit.
1114 1004 1191 1048 Illi,

88 1066 151 1101 ubi
182 1067 309 1104 hostes
335 1070 477 1114 adesse,
505 1076 542 1106 et
576 1084 597 1106 a
628 1070 703 1106 suis
735 1081 774 1105 se
807 1070 971 1106 desertos
1003 1069 1191 1111 viderunt,

87 1130 211 1179 primo
239 1132 278 1167 in
315 1139 438 1169 castra
470 1134 635 1183 recipere
669 1144 708 1168 se
741 1133 869 1168 conati
901 1139 1011 1168 sunt:
1044 1132 1190 1175 deinde,

88 1200 289 1243 postquam
307 1197 492 1233 instructa
521 1197 618 1233 acies
649 1202 733 1232 tota
758 1196 986 1232 Achaeorum
1015 1196 1193 1232 admove-

88 1257 212 1302 batur,
234 1267 335 1296 metu
364 1273 411 1297 ne
439 1274 522 1298 cum
550 1262 639 1311 ipsis
666 1261 796 1297 castris
820 1267 1057 1311 caperentur,
1087 1260 1193 1309 sequi

91 1333 244 1358 suorum
280 1336 414 1372 agmen
451 1325 685 1373 aliquantum
719 1337 964 1374 praegressum
999 1325 1193 1361 insistunt.

90 1384 295 1436 Extemplo
315 1389 456 1424 caetrati
478 1389 705 1424 Achaeorum
735 1389 772 1423 in
797 1394 920 1424 castra
946 1389 1114 1437 inpetum
1135 1388 1194 1423 fa-

14 1497 15 1501 *
91 1450 211 1493 ciunt,
236 1456 274 1486 et
298 1451 502 1502 diripiunt:
535 1454 649 1488 ceteri
682 1453 729 1488 ad
760 1452 1037 1502 persequendos
1064 1452 1192 1488 hostes

14 1511 16 1562 ζ
48 1532 56 1536 -
89 1514 143 1549 ire
163 1521 336 1563 pergunt.
390 1515 486 1551 Erat
506 1516 578 1551 iter
596 1504 685 1558 tale,
712 1528 778 1565 per
798 1516 900 1564 quod
919 1516 980 1551 vix
1008 1515 1192 1564 tranquil-

15 1567 16 1574 *
90 1577 169 1614 lum
200 1579 248 1615 ab
273 1580 403 1615 hostili
436 1586 538 1616 metu
572 1593 707 1628 agmen
737 1580 903 1630 expediri
936 1585 1076 1629 posset.
1133 1580 1187 1616 Ut
1207 1586 1363 1633 Funditur

90 1656 179 1680 vero
208 1645 255 1680 ad
284 1652 493 1695 postremos
523 1646 700 1696 proelium
730 1653 855 1682 ortum
884 1652 954 1687 est,
981 1645 1195 1695 clamorque
1207 1638 1380 1703 {Jipssexer-

90 1708 268 1745 terribilis
288 1723 310 1745 a
329 1717 436 1758 tergo
456 1712 672 1760 paventium
692 1711 738 1746 ad
758 1711 877 1760 prima
896 1711 1003 1758 signa
1028 1716 1086 1746 est
1110 1723 1195 1760 per·

88 1771 202 1816 latus,
224 1786 292 1823 pro
312 1787 350 1810 se
370 1776 539 1823 quisque,
561 1776 671 1810 armis
689 1774 860 1824 abjectis,
878 1775 914 1810 in
937 1774 1195 1824 circumjectas

90 1836 216 1872 itineri
237 1837 345 1873 silvas
362 1838 573 1885 diffugiunt,
591 1845 860 1887 momentoque
876 1839 1055 1888 temporis
1071 1845 1196 1887 strage

93 1912 281 1936 armorum
302 1908 407 1951 septa
426 1903 486 1937 via
506 1909 575 1943 est,
597 1902 913 1946 maximehastis3
947 1915 1042 1950 quae,
1063 1901 1195 1952 plerae-

92 1976 163 2012 que
182 1964 344 2000 adversae
365 1965 553 2008 cadentes,
575 1965 675 2001 velut
695 1965 793 2001 vallo
814 1964 980 2015 objecto,
1000 1966 1072 2001 iter
1088 1967 1194 2016 inpe-

93 2027 257 2064 diebant.
293 2028 569 2078 Philopoemen,
588 2036 790 2077 utcumque
810 2035 977 2078 possent,
998 2029 1137 2064 instare
1156 2037 1194 2065 et

92 2092 264 2140 persequi
287 2092 528 2127 auxiliaribus
552 2092 683 2141 jussis,
708 2093 854 2140 (utique
884 2093 982 2127 enim
1004 2092 1193 2141 equitibus

94 2155 193 2190 haud
221 2155 370 2191 facilem
398 2157 562 2192 futuram
589 2156 735 2204 fugam)
765 2157 843 2206 ipse
877 2157 1023 2204 gravius
1057 2170 1194 2206 agmen

92 2200 153 2253 xlia
172 2221 383 2268 patentiore
403 2221 449 2256 ad
470 2221 651 2256 Eurotam
671 2233 819 2256 amnem
836 2220 989 2256 deduxit
1005 2236 1011 2257 :
1046 2221 1095 2257 ibi
1113 2235 1193 2258 cas-

94 2283 161 2317 tris
199 2283 266 2318 snb
297 2296 470 2320 oceasum
504 2285 591 2320 solis
626 2286 773 2334 positis,
808 2285 926 2321 levem
952 2292 1192 2328 armaturam,

95 2358 206 2395 quam
226 2346 272 2382 ad
290 2348 585 2398 persequendum
614 2348 814 2396 reliquerat
839 2349 1001 2392 hostem,
1023 2349 1194 2401 obpetie-

586 2414 617 2448 A
639 2425 659 2447 a
677 2414 699 2449 3
