1507 2656
320 208 473 238 LIBER
497 205 619 234 xxx.
653 205 760 234 cAr’.
785 206 981 238 xxxnr.
1123 207 1204 256 255

91 298 213 336 cebat.
269 297 431 335 Instruit
464 297 596 334 deinde
626 297 767 347 primos
802 298 988 343 hastatos,
1020 307 1108 351 post
1140 316 1205 340 eos
1221 307 1263 337 U.
1277 306 1315 339 C.
1334 316 1409 341 550.

89 364 277 415 principes
294 379 301 399 z
333 363 473 399 triariis
494 368 726 412 postremam
746 363 865 399 aciem
885 363 1033 402 clausit.
1223 352 1261 382 A·
1275 351 1313 382 C·
1331 359 1409 384 202.

143 427 344 465 XXXIII.
382 427 475 463 Non
510 426 700 463 confertas
740 434 868 464 autem
903 430 1080 466 cohortes
1120 437 1209 467 ante
1224 435 1317 483 Acies
1357 478 1362 483 ι

88 505 157 529 sua
185 505 372 542 quamque
407 492 518 540 signa
546 492 774 535 instruebat,
805 493 871 529 sed
896 494 1110 544 manipulos
1141 495 1210 531 ali·
1225 478 1392 518 SC¹P¹⁰¹¹¹³'

88 565 271 608 quantum
300 560 400 595 inter
429 571 468 595 sc
495 559 694 601 distantes,
726 564 770 594 ut
799 564 897 594 esset
926 559 1104 609 spatium,
1137 572 1212 608 quo

87 622 278 672 elephanti
303 623 476 659 hostium
509 623 657 673 accepti
689 621 787 658 nihil
817 622 967 658 ordines
998 622 1211 661 turbarent.

86 686 248 724 Laelium
271 686 396 738 (cujus
427 694 516 724 ante
543 687 674 736 legati,
697 699 742 722 eo
763 699 864 722 anno
887 687 1084 736 quaestoris
1106 693 1214 725 extra

88 757 230 788 sortem
250 764 297 788 ex
316 750 649 788 senatusconsulto
670 763 788 800 opera
806 751 1001 798 utebatur)
1024 764 1108 787 cum
1131 751 1211 788 Ita-

86 815 162 852 lico
193 816 364 865 equitatu
393 815 440 851 ab
471 816 624 851 sinistro
645 828 778 858 cornu,
799 815 1045 852 Masinissam
1073 816 1213 853 Numi-

87 879 229 928 dasque
252 879 299 915 ab
320 880 456 915 dextro
476 879 659 929 obposuit
676 894 684 914 :
716 880 794 915 vias
814 886 988 929 patentes
1012 880 1112 916 inter
1130 893 1211 918 ma-

86 942 237 993 nipulos
268 944 607 991 antesignanorum
627 943 803 980 velitibus
828 945 890 992 (ea
908 950 1000 980 tunc
1026 944 1117 981 levis
1148 958 1208 981 ar-

85 1014 236 1045 matura
255 1009 353 1054 erat)
377 1009 606 1058 complevit,
640 1009 730 1045 dato
758 1016 964 1058 praecepto,
988 1015 1042 1052 ut,
1074 1010 1121 1045 ad
1149 1010 1208 1045 in-

87 1079 217 1124 petum
238 1073 542 1124 elephantorum,
564 1079 629 1109 aut
648 1079 737 1123 post
755 1078 879 1109 rectos
907 1072 1127 1121 refugerent
1146 1086 1207 1109 or-

86 1138 205 1180 dines,
227 1143 307 1181 aut,
329 1138 369 1173 in
388 1138 560 1173 dextram
580 1137 786 1186 laevamque
818 1137 987 1172 discursu
1017 1136 1208 1186 adplican-

84 1207 141 1236 tes
162 1214 201 1236 se
221 1201 495 1249 antesignanis,
519 1201 632 1244 viani,
658 1214 732 1250 qua
750 1201 945 1236 inruerent
967 1201 1007 1235 in
1027 1201 1209 1250 ancipitia

85 1264 176 1307 tela,
199 1264 334 1300 belluis
356 1265 501 1301 darent.
557 1264 755 1301 Hannibal
776 1265 821 1300 ad
842 1270 1023 1300 terrorem
1044 1265 1205 1314 primum
1219 1276 1312 1307 Acies
1324 1276 1415 1310 Han-

86 1328 309 1378 elephantos
335 1330 553 1377 (octoginta
582 1336 708 1365 autem
736 1335 857 1371 crant,
879 1335 972 1377 quot
1001 1328 1105 1365 nulla
1123 1342 1205 1365 um·
1220 1320 1346 1352 nibalss·

86 1406 199 1442 quam
217 1394 257 1429 in
277 1394 357 1430 acie
377 1400 465 1429 ante
484 1394 686 1441 habuerat)
711 1394 911 1430 instruxit:
945 1393 1079 1429 deinde
1099 1394 1206 1430 auxi-

85 1457 137 1493 lia
178 1457 365 1505 Ligurum
403 1458 689 1507 Gallorumque,
728 1458 944 1494 Baliaribus
983 1458 1206 1508 Maurisque

85 1521 286 1566 admixti53
319 1522 359 1557 in
393 1522 557 1558 secunda
590 1523 671 1558 acie
697 1522 1040 1570 Karthaginienses
1069 1522 1205 1559 Afros-

85 1597 158 1633 que
188 1591 226 1620 et
250 1584 508 1621 Macedonum
538 1585 753 1634 legionem,
786 1586 936 1622 modico
969 1586 1054 1622 inde
1086 1588 1203 1623 inter-

84 1648 184 1684 vallo
218 1649 366 1692 relicto,
401 1650 664 1686 subsidiariam
696 1652 816 1687 aciem
850 1650 1072 1687 Italicorum
1105 1651 1203 1687 mili-

87 1719 166 1748 tum
186 1714 345 1760 (Bruttii
366 1714 534 1764 plerique
555 1721 675 1757 erant,
698 1716 733 1750 vi
753 1729 796 1751 ac
815 1716 1041 1751 necessitate
1062 1715 1203 1765 plures,

86 1789 199 1825 quam
229 1789 296 1813 sua
324 1778 534 1821 voluntate,
567 1779 810 1815 decedentem
842 1792 888 1815 ex
918 1778 1030 1815 Italia
1064 1780 1201 1826 secuti)

83 1841 273 1879 instruxit.
329 1843 555 1892 Equitatum
575 1845 688 1880 etiam
709 1845 832 1894 ipsum
853 1844 1098 1880 circumdedit
1118 1857 1202 1881 cor-

82 1905 217 1942 nibus:
251 1907 423 1944 dextrum
453 1909 809 1958 Karthaginienses,
844 1910 1037 1945 sinistrum
1063 1909 1202 1946 Numi-

83 1969 139 2005 dae
159 1976 374 2009 tenuerunt.
422 1973 538 2009 Varia
558 1974 776 2009 adhortatio
798 1980 877 2009 erat
896 1974 934 2009 in
956 1974 1122 2009 exercitu
1142 1975 1201 2010 in-

82 2041 140 2070 ter
158 2042 217 2071 tot
244 2037 433 2082 homiues,
455 2039 589 2087 quibus
620 2052 697 2075 non
727 2039 871 2088 lingua,
894 2052 972 2075 non
1000 2052 1097 2083 moS,
1122 2053 1200 2076 non

83 2103 159 2146 lex,
181 2118 258 2141 non
279 2119 395 2149 arma,
420 2120 498 2143 non
519 2109 676 2143 vestitus
706 2107 948 2157 habitusque,
969 2121 1045 2143 non
1068 2122 1200 2145 caussa

82 2167 267 2204 militandi
287 2170 418 2206 eadem
437 2178 547 2207 esset.
604 2170 863 2207 Auxiliaribus
892 2178 929 2207 et
958 2185 1136 2221 praesens,
1160 2180 1198 2209 et

83 2232 333 2282 multiplicata
353 2248 494 2271 merces
516 2248 560 2271 ex
577 2237 704 2285 praeda
723 2242 948 2273 ostentatur.
990 2236 1090 2273 Galli
1109 2251 1198 2287 pro-

81 2297 164 2345 prio
202 2304 314 2346 atque
352 2300 468 2335 insito
500 2301 537 2335 iu
569 2300 767 2336 Romanos
802 2302 891 2337 odio
929 2302 1198 2340 accenduntur.

81 2359 287 2409 Liguribus
306 2365 428 2415 campi
450 2364 580 2401 uberes
611 2365 746 2410 Italiae,
769 2366 936 2403 deductis
965 2379 1010 2404 ex
1039 2368 1199 2418 asperri-
