1507 2656
307 174 464 204 mmm
490 174 635 202 xxm.
671 174 779 203 cAr.
803 176 898 204 vu.
1086 164 1163 217 167

56 263 236 306 Romani,
258 264 328 300 nisi
350 263 600 299 Locrensium
616 262 835 305 multitudo,
857 262 1082 299 exacerbata
1102 277 1164 300 su-
1180 271 1221 300 U.
1234 269 1271 299 C.
1287 275 1363 305 547.

55 329 185 379 perbia
213 335 325 378 atque
347 328 505 364 avaritia
529 328 751 370 Poenorum,
772 328 818 363 ad
837 327 1035 364 Romanos
1057 328 1165 364 incli-
1177 313 1266 345 A·C‘
1280 320 1357 344 2⁰⁵⁸

55 399 194 429 nasset.

107 457 197 493 VII.
228 455 398 505 Scipioni
416 460 457 490 ut
475 454 699 490 nunciatum
716 460 787 497 est,
810 454 847 489 in
869 454 1013 503 majore
1035 455 1167 491 discri-

56 521 157 557 mine
188 521 319 556 Locris
351 532 429 555 rem
459 519 568 562 verti,
590 519 788 568 ipsumque
816 518 1075 555 Hannibalem
1101 520 1167 556 ad-

54 591 231 630 ventare3
264 597 312 620 ne
346 583 560 633 praesidium
595 584 709 618 etiam
742 582 1033 632 periclitaretur,
1066 583 1168 620 haud

54 648 157 686 facili
182 648 269 684 inde
297 656 465 698 receptu,
495 653 534 683 et
560 647 640 696 ipse
667 660 689 683 a
708 647 901 690 Messana,
923 646 968 683 L.
990 647 1168 696 Scipione

55 713 172 750 fratre
189 714 226 748 in
243 714 417 763 praesidio
434 712 487 748 ibi
508 711 655 755 relicto,
672 725 786 760 quum
804 712 967 760 primum
984 718 1075 746 aestu
1093 712 1168 747 fre-

56 784 138 814 tum
165 777 389 813 inclinatum
416 783 486 819 est,
507 788 621 812 naves
642 776 737 812 mari
758 775 924 811 secundo
945 775 1060 813 misit.
1116 775 1169 811 Et

57 841 268 885 Hannibal,
291 855 312 878 a
331 842 497 878 Butroto
524 841 626 877 amni
658 841 773 888 (haud
800 838 931 889 procul
957 840 987 874 is
1008 838 1054 874 ab
1076 839 1169 876 urbe

55 905 189 942 Locris
219 907 343 954 abest)
376 907 516 942 nuncio
546 906 755 955 praemisso,
777 910 818 940 ut
847 905 903 939 sui
933 902 1016 940 luce
1047 904 1170 952 prima

57 983 202 1007 summa
230 973 265 1007 vi
295 972 470 1021 proelium
501 983 586 1006 cum
615 969 802 1005 Romanis
838 982 881 1004 ac
912 968 1170 1006 Locrensibus

58 1042 314 1078 consererent,
343 1036 430 1071 dum
457 1036 551 1084 ipse,
580 1034 718 1069 aversis
748 1033 923 1069 omnibus
945 1035 982 1069 in
1004 1047 1089 1069 eum
1108 1041 1169 1069 tu-

56 1100 231 1143 multum,
271 1100 317 1136 ab
350 1108 459 1149 tergo
494 1099 623 1135 urbem
658 1099 850 1134 incautam
887 1098 1169 1146 adgrederetur,

42 1164 120 1215 „ubi
141 1163 223 1199 luce
243 1171 407 1213 coeptam
428 1163 573 1199 invenit
592 1175 773 1212 pugnam,
794 1161 874 1210 ipse
898 1174 966 1197 nec
986 1163 1024 1197 in
1045 1175 1170 1199 arcem

58 1241 97 1264 se
112 1228 316 1271 includere,
338 1228 448 1264 turba
468 1227 593 1263 locum
614 1233 738 1262 artum
758 1226 1008 1276 inpediturus,
1027 1226 1167 1272 voluit;

0 1301 5 1341 ζ
57 1305 180 1341 neque
222 1293 355 1335 scalas,
390 1291 525 1340 quibus
555 1291 751 1327 scanderet
784 1303 926 1332 murOS,
957 1290 1167 1327 adtulerat:

60 1357 215 1393 sarcinis
244 1357 282 1392 in
315 1369 489 1392 acervum
526 1355 724 1405 conjectiS,
758 1367 873 1403 quum
906 1355 1006 1390 haud
1039 1354 1172 1405 procul

59 1419 174 1456 muris
202 1420 248 1455 ad
277 1426 460 1455 terrorem
483 1419 651 1454 hostium
678 1420 798 1454 aciem
822 1418 1064 1461 ostendisset,
1084 1431 1170 1455 cum

59 1484 247 1532 equitibus
267 1483 444 1519 Numidis
467 1483 806 1531 circumequitabat
822 1483 967 1525 urbem,
986 1483 1072 1518 dum
1088 1495 1170 1519 sca-

58 1547 118 1591 lae,
149 1561 305 1597 quaeque
335 1547 408 1583 alia
436 1547 482 1583 ad
511 1547 808 1596 obpugnandum
839 1560 932 1596 opus
960 1553 1082 1590 crant,
1102 1560 1169 1596 pa-

59 1618 203 1654 rantur,
225 1612 272 1647 ad
296 1611 489 1646 visendum
521 1623 595 1659 qua
619 1611 783 1646 maxime
810 1618 917 1660 parte
951 1611 1170 1659 adgredere-

58 1682 141 1712 tur:
192 1687 410 1724 progressus
455 1675 500 1709 ad
539 1687 701 1717 murum,
737 1675 937 1724 scorpione
976 1675 1067 1717 icto,
1107 1675 1168 1722 qui

60 1739 254 1790 proximus
272 1751 357 1773 eum
372 1738 474 1773 forte
494 1744 664 1780 steterat,
685 1739 838 1773 territus
862 1738 948 1773 inde
973 1745 1050 1773 tam
1073 1739 1171 1787 peri-

61 1802 191 1839 culoso
222 1814 324 1844 casu,
353 1802 520 1851 receptui
547 1813 680 1837 cauere
701 1814 815 1849 quum
835 1800 1027 1850 jussisset,
1049 1809 1173 1838 castra

61 1866 193 1917 procul
222 1866 268 1902 ab
296 1867 373 1901 ictu
399 1865 465 1901 teli
496 1866 731 1901 communiit.
791 1865 929 1900 Classis
951 1865 1173 1902 Romana-a

59 1931 239 1968 B1essana
258 1930 418 1972 Locros,
440 1929 584 1978 aliquot
603 1930 704 1965 horis
731 1930 790 1965 die
810 1937 1024 1979 superante,
1046 1944 1171 1966 acces-

6 1984 9 2031 Ῐ,
61 1996 132 2031 sit:
157 1995 319 2045 expositi
336 2006 467 2029 omnes
489 2007 508 2028 e
529 1993 701 2036 navibus,
721 2000 758 2029 et
778 2000 865 2029 autc
886 2007 1061 2030 occasum
1082 1994 1170 2031 solis

60 2060 191 2096 urbem
220 2060 377 2108 ingressi
405 2064 505 2094 sunt.
561 2058 723 2094 Postero
743 2059 802 2094 dic
823 2064 948 2107 coepta
975 2072 1018 2094 cx
1046 2072 1130 2094 arce
1151 2072 1173 2094 a

10 2149 13 2171 j
60 2122 189 2158 Poenis
210 2136 360 2172 pugna5
394 2128 432 2158 et
452 2121 663 2164 Hannibal,
679 2121 759 2170 jani
782 2121 890 2157 scalis
912 2122 1069 2170 aliisque
1089 2135 1170 2158 om-

61 2186 171 2223 nibus
205 2187 250 2222 ad
280 2187 604 2236 obpugnationem
641 2189 796 2237 paratis,
833 2188 984 2224 subibat
1014 2201 1167 2224 muros:

62 2264 177 2300 quum
196 2259 349 2301 repente
378 2253 415 2288 iu
446 2266 543 2296 eum,
565 2253 660 2288 nihil
690 2254 812 2288 minus
834 2265 945 2300 quam
970 2251 1044 2287 tale
1064 2253 1170 2300 quid-

61 2328 173 2365 quam
192 2317 403 2361 timentem,
423 2317 615 2368 patefacta
633 2324 745 2369 porta
761 2323 963 2368 erumpunt
980 2316 1166 2353 Romani:
