1523 2666
115 1161 259 1193 Vincunt

117 1204 270 1236 Romani.

320 163 402 215 258
774 172 819 202 Τ.
843 173 977 203 L1v11

297 262 536 311 ·firmiorque
561 262 685 298 media
713 263 952 300 hastatorum
980 263 1077 299 acies
1106 271 1213 302 esset.
1271 264 1332 301 lta
1356 279 1427 304 no·

297 327 403 363 ‘vum
425 327 470 362 de
498 327 648 375 integro
669 327 844 376 proelium
865 336 989 364 ortum
1020 335 1098 364 est:
1132 330 1270 380 quippe
1298 331 1344 368 ad
1365 344 1426 368 ve-

316 404 378 428 ros
405 392 532 427 hostes
564 398 783 441 perventum
811 399 904 435 erat,
926 399 962 429 et
992 406 1182 430 armorum
1213 407 1362 442 genere,
1391 401 1429 431 et

316 469 387 492 usu
416 455 574 499 militiae,
597 462 633 491 et
662 455 764 492 fama
792 469 916 493 rerum
946 465 1150 506 gestarum,
1173 465 1210 495 et
1238 459 1430 507 magnitu-

316 520 403 556 dine
422 519 481 555 vel
500 520 579 569 spei
599 519 657 554 vel
675 520 830 568 periculi
851 534 971 570 pares.
1023 522 1095 557 Sed
1117 529 1154 558 et
1173 535 1330 558 numero
1349 522 1431 558 Ro-

314 596 448 620 manus
480 585 651 633 superior
679 590 772 629 erat,
796 591 833 619 ct
856 586 1006 621 animo:
1040 587 1140 635 quod
1163 586 1246 637 jam
1272 587 1431 635 equites,

308 647 390 697 jam
412 648 634 698 elephantos
663 648 835 684 fuderat:
862 649 959 699 jam,
990 651 1112 700 prima
1139 652 1219 688 acie
1247 651 1370 701 pulsa,
1390 652 1431 688 in

314 713 518 749 secundam
538 713 745 762 pugnabat.

367 777 541 814 XXXV.
572 778 619 814 In
645 784 816 828 tempore
836 777 976 815 Laelius
998 793 1040 815 ac
1062 780 1282 822 Masinissa,
1303 778 1432 828 pulsos

312 854 380 892 per
399 841 634 890 aliquantum
661 843 773 892 spatii
803 844 922 878 secuti
944 844 1102 892 equites,
1133 849 1362 879 revertentes
1391 843 1432 879 in

313 918 483 942 aversam
501 907 671 943 hostium
691 907 811 943 aciem
830 907 1032 943 incurrere.
1092 907 1127 943 Is
1149 907 1298 943 demum
1324 907 1429 956 equi-

310 975 393 1006 tum
426 971 576 1020 inpetus
614 970 713 1007 fudit
749 971 923 1007 hostem:
967 970 1076 1006 multi
1107 971 1352 1006 circumventi
1389 971 1429 1006 in

310 1035 392 1071 acie
419 1036 528 1072 caesi:
561 1036 670 1072 multi
699 1048 767 1086 per
792 1042 986 1086 patentem
1009 1037 1108 1071 circa
1139 1047 1312 1085 campum
1338 1033 1430 1083 fuga

311 1100 445 1150 sparsi,
474 1107 629 1137 tenente
656 1102 785 1137 omnia
812 1101 996 1149 equitatu,
1023 1101 1163 1151 passim
1192 1099 1430 1137 interierunt.

311 1164 695 1214 Karthaginiensium
734 1166 999 1215 sociorumque
1029 1178 1125 1201 caesa
1154 1178 1199 1201 eo
1229 1165 1288 1201 die
1318 1176 1431 1214 supra

311 1228 430 1266 millia
449 1230 607 1279 viginti:
641 1244 708 1281 par
737 1231 855 1267 ferme
884 1243 1060 1266 numerus
1091 1235 1222 1280 captus
1252 1235 1322 1271 est,
1344 1241 1430 1264 cum

307 1293 426 1342 signis
458 1293 683 1330 militaribus
705 1301 858 1330 centum
883 1295 1043 1342 triginta
1061 1293 1197 1336 tribus,
1219 1292 1429 1342 elephantis

306 1358 497 1395 undecim.
553 1359 727 1395 Victores
758 1360 805 1395 ad
834 1359 909 1395 duo
936 1358 1054 1395 millia
1083 1358 1262 1394 cecidere.
1318 1356 1430 1393 Han·

306 1422 427 1465 nibal,
449 1436 533 1459 cum
554 1425 684 1472 paucis
705 1424 895 1472 equitibus
924 1424 1024 1460 inter
1041 1422 1247 1459 tumultum
1267 1421 1430 1472 elapsus,

306 1486 561 1524 Adrumetum
591 1487 781 1537 perfugit:
815 1489 944 1524 omnia
974 1494 1012 1525 et
1039 1488 1079 1523 in
1108 1486 1259 1537 proelio,
1281 1492 1319 1521 et
1342 1492 1431 1522 ante

308 1550 443 1593 aciem,
481 1551 702 1600 priusquam
739 1552 937 1587 excederet
973 1563 1115 1601 pugna,
1154 1556 1355 1600 expertus,
1392 1555 1430 1585 et

307 1614 550 1651 confessione
576 1616 691 1651 etiam
722 1616 927 1666 Scipionis,
947 1617 1192 1664 omniumque
1222 1615 1430 1664 peritorum

307 1679 468 1723 militiae,
488 1679 591 1716 illam
611 1680 761 1716 laudem
791 1681 963 1730 adeptus,
996 1680 1178 1728 singulari
1205 1685 1285 1716 arte
1311 1679 1430 1715 aciem

308 1756 353 1780 eo
388 1744 447 1780 die
484 1745 720 1781 instruxisse.
776 1744 1014 1795 Elephantos
1049 1745 1088 1780 in
1119 1744 1240 1794 prima
1273 1743 1425 1780 fronte:

307 1820 469 1856 quorum
507 1808 686 1845 fortuitus
723 1810 873 1860 inpetus
912 1815 1025 1858 atquc
1070 1807 1319 1844 intolerabilis
1357 1809 1426 1850 vis,

309 1871 420 1919 signa
448 1873 568 1921 sequi,
592 1879 630 1909 et
659 1885 807 1909 servare
836 1874 1000 1916 ordines,
1036 1874 1091 1919 (in
1122 1885 1196 1922 quo
1223 1871 1426 1922 plurimum

309 1942 388 1990 spei
409 1942 612 1991 ponerent)
635 1941 832 1978 Romanos
854 1941 1085 1992 prohiberet.
1141 1941 1291 1977 Deinde
1319 1942 1427 1978 auxi-

307 2003 419 2041 liares
458 2012 547 2042 ante
578 2006 961 2056 Karthaginiensium
999 2007 1131 2048 aciem,
1170 2018 1217 2041 ne
1254 2007 1427 2043 homines

308 2069 420 2104 mixti
439 2082 487 2105 ex
507 2060 735 2106 conluvione
755 2071 926 2106 omnium
956 2071 1140 2118 gentium,
1162 2082 1256 2118 quos
1286 2082 1362 2106 non
1384 2070 1428 2106 fi-

309 2131 372 2168 des
393 2138 552 2178 teneret,
574 2135 640 2171 sed
660 2148 815 2178 merceS‚
836 2135 997 2171 liberum
1019 2141 1211 2184 receptum
1230 2133 1330 2182 fugae
1359 2135 1427 2170 ha-

308 2199 465 2239 berent:
499 2203 609 2239 simul
629 2205 790 2253 primurn
823 2204 995 2240 ardorem
1024 2208 1137 2251 atque
1162 2203 1331 2252 inpetum
1358 2203 1428 2238 ho-

309 2266 424 2302 stium
444 2268 672 2318 excipientes
689 2269 918 2317 fatigarent,
952 2281 1009 2311 30,
1037 2268 1068 2303 si
1096 2267 1191 2303 nihil
1211 2267 1325 2310 alind,
1345 2267 1425 2303 vul-

309 2331 461 2369 neribus
492 2334 568 2370 suis
598 2333 739 2371 ferrum
763 2334 902 2372 hostile
927 2333 1162 2370 hebetarent.
1219 2332 1331 2373 Tum,
1361 2332 1424 2367 ubi
