1507 2656
319 228 474 258 Lmen
498 221 667 255 xxxu.
701 219 807 253 cAP.
830 223 986 254 xxxv.
1130 222 1212 268 373

97 319 284 368 postulare
303 323 338 355 et
362 317 573 366 respondere
596 315 728 364 placet.
784 313 967 350 Extrema
988 312 1068 364 ejus
1089 314 1213 350 oratio
1228 319 1270 349 U.
1285 319 1321 350 C.
1337 325 1410 350 555.

102 383 277 421 adversus
307 382 469 419 Achaeos
501 379 598 416 fuit:
632 379 671 414 in
701 391 789 428 qua,
820 390 926 414 orsus
958 378 1005 414 ab
1026 363 1316 426 AntigoniA'C'
1338 368 1410 396 ¹⁹⁷⁴·

101 449 277 499 primum,
299 447 374 483 suis
395 444 529 482 deinde
549 456 640 492 erga
665 454 747 480 eam
767 448 920 492 gentem
940 443 1098 485 meritis,
1119 444 1215 478 reci-

100 512 172 548 tari
192 511 342 548 decreta
370 522 501 546 eorum
525 507 656 558 jussit,
685 519 816 543 omnes
840 506 988 542 divinos
1009 505 1216 542 humanos-

101 587 174 623 que
192 575 356 611 honores
375 573 596 625 complexa:
630 577 744 620 atque
774 570 821 606 ad
848 582 892 606 ea
920 568 1060 619 adjecit
1083 582 1214 606 recens

100 639 146 675 de
177 639 359 682 exercitu,
393 652 469 688 quo
502 638 549 675 ab
588 650 627 673 se
664 636 930 672 descivissent:
971 635 1217 684 invectusque

101 703 265 752 graviter
281 703 322 739 ·in
342 703 538 753 perfidiam
558 713 703 743 eorum,
725 701 842 746 Argos
862 703 981 734 tamen
999 711 1036 734 se
1053 700 1216 736 redditu·

101 780 181 804 rum
200 770 262 811 eis,
283 768 391 805 dixit.
449 769 510 804 De
532 766 701 803 Corintho
721 777 800 801 cum
820 766 1037 812 imperatore
1052 764 1218 800 Romano

103 832 381 869 deliberaturum
400 844 469 868 esse
480 849 493 876 ,-
522 832 819 880 quaesiturumque
836 829 945 864 simul
963 827 1007 863 ab
1025 839 1079 871 eo,
1096 833 1219 864 utrum

103 898 146 932 iis
162 902 304 933 tantum
323 897 464 933 urbibus
489 897 658 933 decedere
681 907 717 930 se
746 906 884 942 aequum
905 897 1056 935 censeat,
1084 905 1172 940 quas
1196 906 1220 929 α.

101 973 139 997 se
167 962 243 1009 ipso
269 966 394 1010 captas
413 961 499 1008 jure
524 962 606 997 belli
632 960 774 1002 habeat,
796 971 843 995 an
869 960 912 994 iis
941 959 1063 1001 etiam,
1085 969 1172 1006 quas
1196 970 1220 994 a

102 1023 295 1071 majoribus
311 1028 384 1062 suis
402 1027 603 1074 accepisset.

157 1088 330 1126 XXXV.
361 1089 589 1127 Parantibus
610 1088 761 1125 Achaeis
782 1087 1000 1136 AEtolisque
1028 1086 1075 1123 ad
1097 1100 1141 1123 ea
1160 1098 1219 1123 re-

104 1155 303 1205 spondere,
325 1168 441 1205 quum
468 1167 586 1206 prope
616 1166 793 1191 occasum
822 1153 880 1189 sol
908 1160 1020 1196 esset,
1042 1152 1160 1188 dilato
1180 1151 1220 1188 in

103 1224 298 1269 posterum
328 1220 426 1256 diem
457 1218 677 1268 conloquio,
700 1217 898 1267 Philippus
926 1217 966 1253 in
998 1216 1218 1259 stationem,

0 1308 6 1349 ὲ
105 1296 151 1320 ex
184 1297 257 1333 qua
287 1283 479 1334 profectus
507 1290 601 1326 erat,
627 1282 797 1318 Romani
827 1282 997 1330 sociique
1030 1281 1069 1316 in
1097 1286 1221 1316 castra

0 1359 3 1393 ζ
106 1349 309 1386 redierunt.
366 1350 569 1389 Quinctius
602 1354 757 1398 postero
792 1347 852 1382 dic
885 1346 932 1382 ad
962 1345 1133 1381 Nicaeam
1170 1344 1217 1391 (is
1230 1342 1410 1391 Alter-09¹²·

109 1414 208 1449 enim
229 1413 334 1449 locus
355 1412 566 1463 placuerat)
589 1413 638 1448 ad‘
656 1411 907 1447 constitutum
934 1416 1082 1459 tempus
1103 1386 1328 1445 venit.loquu
1342 1386 1419 1415 d'es'

109 1476 273 1527 Philippi
294 1477 418 1513 nullus
441 1489 598 1525 usquam
618 1488 687 1511 nec
713 1474 873 1511 nuncius
904 1473 950 1510 ab
983 1485 1028 1508 eo
1057 1485 1123 1522 per
1152 1471 1221 1508 ali-

106 1548 200 1590 quot
225 1541 337 1577 horas
368 1541 563 1577 veniebat:
597 1546 634 1575 et
656 1538 741 1589 jam
771 1537 1058 1588 desperantibus
1085 1542 1221 1572 ventu-

104 1617 189 1640 rum
218 1611 373 1655 repente
404 1604 658 1654 adparuerunt
688 1614 814 1638 naveS.
871 1602 924 1637 At
952 1601 1033 1651 ipse
1053 1601 1218 1649 quidem,

107 1681 214 1716 quum
232 1673 305 1704 tam
322 1671 450 1716 gravia
470 1674 504 1704 et
523 1669 673 1715 indigna
687 1669 962 1714 imperarentur,
982 1667 1121 1712 inopem
1138 1677 1222 1700 con-

106 1734 177 1768 silii
198 1733 288 1768 cliem
320 1746 354 1768 se
377 1733 604 1768 consumsisse
630 1731 874 1772 deliberando,
896 1729 1035 1765 aiebat.
1092 1728 1221 1776 Vulgo

110 1796 345 1839 credebatur,
367 1797 410 1832 de
437 1796 623 1832 industria
650 1808 728 1831 rem
754 1795 793 1830 in
820 1806 944 1829 serum
970 1799 1146 1835 tractam,
1174 1805 1223 1828 ne

64 1896 65 1902 ,
111 1867 257 1910 tempus
275 1860 353 1896 dari
374 1866 503 1910 posset
518 1859 668 1895 Achaeis
685 1858 905 1906 AEtolisque
922 1857 968 1892 ad
989 1856 1221 1906 respondeu-

108 1925 221 1961 dum:
254 1931 291 1961 et
318 1937 399 1961 eam
420 1924 752 1974 opinionemjpse
784 1922 1009 1964 adfirmavit,
1040 1920 1219 1970 petendO,

105 1994 164 2032 ut,
186 1988 371 2025 submotis
403 1988 499 2031 aliis,
530 2000 578 2024 ne
608 1994 757 2037 tempus
781 1985 1001 2022 altercando
1022 1990 1220 2027 tereretur,

111 2059 149 2088 et
170 2052 303 2101 aliquis
332 2051 416 2088 finis
440 2053 494 2088 rei
521 2052 655 2102 inponi
686 2056 828 2100 posset,
850 2062 934 2085 cum
956 2049 1039 2098 ipso
1060 2050 1222 2098 impera-

110 2123 193 2152 tore
222 2116 400 2152 Romano
429 2116 560 2152 liceret
585 2116 656 2151 sibi
688 2114 879 2163 conloqui.
937 2113 982 2149 Id
1001 2114 1124 2162 primo
1145 2125 1224 2148 non

113 2188 323 2230 acceptum,
357 2193 405 2216 ne
438 2180 587 2216 excludi
620 2179 826 2228 conloquio
854 2178 1070 2214 viderentur
1107 2177 1220 2212 socii:

111 2245 259 2287 deinde,
293 2257 408 2293 quum
440 2245 541 2281 haud
570 2244 771 2280 absisteret
800 2249 943 2293 petere,
979 2254 1025 2277 ex
1054 2241 1224 2276 omnium

113 2309 273 2344 consilio
300 2308 496 2344 Romanus
520 2309 726 2359 imperator
755 2320 838 2343 cum
870 2307 943 2355 Ap.
966 2305 1126 2341 Claudio
1157 2305 1225 2340 tri-

111 2372 214 2411 buno
235 2372 411 2417 militum,
436 2373 568 2410 ceteris
595 2372 798 2415 submotis,
819 2371 866 2408 ad
895 2376 1103 2406 extremum
1134 2369 1222 2404 litus
