1507 2656
346 200 501 230 mmm
522 198 643 227 xxx.
676 196 783 226 CAP.
805 198 936 227 xLu.
1113 187 1191 241 267

83 292 207 341 questi
225 296 333 328 erant
351 291 455 327 missi
475 289 520 326 ad
541 302 668 338 regem
689 302 711 326 a
727 288 855 325 Roma
874 289 990 338 legati
1009 289 1056 326 de
1074 304 1195 341 popu-
1209 292 1252 324 U.
1266 292 1302 324 C.
1320 301 1394 326 551.

83 354 227 392 latione
246 356 434 391 sociorum
450 370 458 398 ;
491 354 630 403 partim
650 352 749 389 ultro
770 354 1030 389 accusantium
1047 355 1197 403 quidem
1208 338 1249 368 A'
1264 337 1303 368 C·
1319 344 1393 369 ²⁰³⁸

81 425 120 455 et
153 420 276 456 socios
306 418 438 470 populi
470 417 653 461 Romani,
687 408 752 453 sed
785 417 907 453 multo
937 417 1110 455 infestius
1141 419 1199 457 M,

80 483 302 530 Aurelium3
338 485 467 533 (quem
485 495 533 518 ex
551 481 672 518 tribus
693 481 739 518 ad
760 494 800 518 se
818 482 941 518 missis
965 481 1114 531 legatis,
1136 484 1200 520 de-

78 547 181 585 lectu
199 548 347 592 habito,
368 547 597 590 substitisse,
619 553 656 583 et
675 559 715 583 se
733 546 835 583 bello
854 545 1048 583 lacessisse
1067 554 1202 584 contra

79 612 217 656 foedus,
249 618 288 649 et
317 625 416 662 saepe
449 624 534 648 cum
561 610 751 662 praefectis
781 610 856 646 suis
888 611 1005 659 signis
1037 611 1199 648 conlatis

78 676 286 728 pugnasse)
308 676 448 726 partim
476 675 769 726 postulantium,
788 681 830 711 ut
848 675 1081 712 Macedones
1103 676 1197 713 dux-

81 754 154 791 que
173 753 304 778 eorum
332 741 507 791 Sopater,
529 740 592 788 qui
623 739 723 789 apud
742 738 1002 775 Hannibalem
1028 740 1198 777 mercede

79 805 321 848 militassent,
339 804 515 854 captique
533 804 574 838 in
589 802 748 838 vinculis
770 809 909 846 essent,
931 803 1002 839 sibi
1023 804 1199 840 restitue-

78 876 221 907 rentur.
277 869 467 905 Adversus
488 880 533 904 ea
549 866 607 904 M.
624 867 774 912 Furius,
795 868 930 904 missus
952 867 999 904 ad
1017 868 1057 904 id
1075 869 1200 918 ipsum

78 933 126 970 ab
145 933 304 969 Aurelio
324 946 372 969 ex
395 932 640 974 Blacedonia,
662 932 851 975 disseruit,
873 934 1065 969 Aurelium
1092 935 1198 970 relic-

77 1004 166 1040 tum,
186 1009 232 1033 ne
249 998 336 1033 socii
350 997 480 1044 populi
492 995 663 1038 Romani,
674 995 769 1044 fessi
783 997 1077 1044 populationibus
1092 1003 1201 1046 atque

74 1061 224 1108 injuria,
245 1062 295 1098 ad
321 1051 441 1108 regem
466 1060 666 1108 deficerent,
683 1061 819 1109 finibus
845 1063 1021 1096 sociorum
1049 1074 1120 1097 non
1139 1074 1198 1098 ex-

75 1128 236 1164 cessisse:
264 1126 400 1161 dedisse
429 1136 590 1172 operam,
628 1136 674 1160 ne
704 1126 837 1172 inpune
869 1127 906 1160 in
939 1137 1045 1172 agros
1077 1137 1199 1162 eoram

76 1190 365 1228 transcenderent
386 1188 634 1236 populatores,
693 1188 891 1236 Sopatrum
918 1200 960 1224 ev
984 1192 1198 1237 purpuratis

74 1260 111 1291 et
141 1255 354 1304 propinquis
384 1255 477 1300 regis
513 1265 608 1289 esse:
638 1264 715 1288 eum
746 1265 826 1288 cum
856 1258 1010 1300 quatuor
1040 1255 1197 1290 millibus

76 1320 316 1356 Macedonum
337 1324 371 1354 et
386 1320 541 1366 pecunia
560 1318 703 1353 missum
731 1329 843 1364 nuper
863 1319 900 1353 in
922 1317 1091 1365 Afiicani
1111 1331 1192 1361 esse,

73 1384 275 1421 Hannibali
294 1382 719 1430 Karthaginiensibusque
738 1383 884 1418 anxilio.
924 1381 986 1417 De
1004 1383 1062 1418 his
1083 1383 1192 1419 rebus

73 1448 298 1496 interrogati
319 1447 564 1491 Macedones,
587 1461 700 1497 quum
721 1448 899 1498 perplexe
920 1450 1194 1500 responderent

71 1514 158 1564 ipsi,
180 1519 267 1550 ante
287 1524 509 1562 responsum
531 1513 712 1556 tulerunt,
728 1514 871 1550 Bellum
886 1527 1041 1562 quarere
1059 1528 1189 1563 regem,
1206 1524 1290 1556 Cum
1309 1529 1341 1555 tri
1355 1539 1382 1559 -12

70 1584 118 1621 et,
137 1579 168 1614 si
194 1583 337 1626 pergat,
354 1590 469 1627 prope
491 1578 583 1613 diem
614 1579 854 1615 inventurum.
908 1580 1120 1627 Dupliciter
1147 1582 1190 1617 ab
1203 1578 1351 1642 Ξῇῗζωι)

69 1656 109 1680 eo
127 1643 251 1692 foeclus
275 1645 474 1680 violatum:
502 1648 537 1679 et
553 1645 647 1692 quod
675 1646 776 1680 sociis
802 1646 930 1692 populi
952 1646 1105 1682 Romani
1132 1649 1189 1683 ine
1227 1636 1245 1642 Ἀ
1328 1637 1335 1645 ’

60 1708 180 1754 jurias
188 1707 448 1757 feceritsbello
467 1710 646 1756 amnisque
665 1709 880 1745 lacessierit:
909 1714 943 1744 et
963 1712 1057 1757 qnod
1077 1711 1191 1748 hostes

69 1773 215 1808 auoeiliis
233 1777 268 1808 et
282 1773 435 1820 pecunia
445 1771 595 1818 juverit.
653 1772 704 1808 Et
724 1773 769 1808 P.
784 1773 986 1821 Scipionem
1014 1779 1109 1811 recte
1130 1781 1188 1812 at—

69 1849 137 1886 que
156 1838 278 1873 ordine
295 1838 409 1873 videri
426 1836 560 1885 fecisse
579 1842 614 1872 et
631 1837 774 1885 facere,
797 1839 891 1885 quod
913 1850 981 1880 eos,
1003 1841 1064 1886 qui
1084 1853 1188 1878 arma

68 1906 192 1938 cont-ra
207 1902 384 1949 populum
404 1901 604 1936 Romanum
616 1901 779 1949 ferentes
797 1903 895 1949 capti
915 1908 1011 1945 sunt,
1035 1903 1187 1941 hostium

65 1977 211 2003 numero
229 1967 268 2001 in
285 1966 434 2001 vinculis
453 1966 606 2002 habeat:
635 1970 670 2001 et
688 1966 742 2002 M.
757 1967 949 2002 Aurelium
968 1979 987 2003 e
1004 1969 1187 2015 republica

55 2030 199 2080 facere,
223 2035 439 2078 gratumque
464 2031 501 2066 id
525 2032 667 2067 senatui
692 2042 776 2074 esse,
808 2032 903 2078 quod
927 2034 1038 2068 socios
1061 2035 1188 2082 populi

66 2095 236 2137 Romani,
257 2096 400 2143 quando
410 2094 497 2141 jure
514 2094 668 2144 fiederis
694 2108 763 2131 non
788 2101 919 2144 posset,
945 2099 1055 2133 armis
1084 2104 1184 2134 tuea—

67 2164 138 2194 tur.
187 2158 282 2194 Cum
302 2159 376 2194 hoc
395 2165 474 2194 tam
494 2159 594 2194 tristi
614 2171 797 2209 responso
818 2160 979 2196 dimissis
999 2161 1189 2198 Maced0-.

65 2222 192 2265 nibus,
212 2221 328 2271 legati
348 2222 691 2271 Karthaginienses
718 2225 868 2260 vocati:
901 2237 1062 2273 quorum
1092 2232 1182 2263 aeta-
1197 2229 1300 2269 Legati
1315 2233 1393 2265 Kar-

63 2286 165 2322 tibus
196 2286 519 2336 dignitatibusque
548 2289 774 2337 conspectis,
796 2290 900 2337 (nam
928 2289 1043 2338 longe
1071 2274 1390 2348 p1·i111i{{¹u²³¹{j¹i¹js„¹}(]*

70 2350 230 2387 civitatis
262 2352 385 2400 erant)
408 2358 489 2391 turn
517 2364 586 2403 pro
610 2364 648 2387 sc
677 2354 835 2404 quisque
865 2354 999 2399 dicere,
1020 2368 1106 2392 vere
1137 2357 1180 2393 de
1193 2340 1278 2389 ⁴ducti
1298 2338 1395 2394 {usse-

580 2415 617 2451 N
639 2416 662 2451 2
1193 2409 1317 2434 flamm·
