1523 2666
125 313 167 344 U.
181 313 218 343 C.
234 318 305 344 548.

126 358 165 386 A.
178 356 213 386 C.
232 363 305 388 204.

323 199 406 243 206
780 207 826 236 Τ.
850 206 985 237 mvn

319 299 518 351 praefectos
548 298 781 347 equitesque,
812 302 926 348 prout
952 295 1134 347 cujusque
1163 309 1279 346 opera
1296 296 1433 342 fuerat,

319 371 407 401 ante
427 375 556 399 omnes
576 362 836 405 Masinissam,
854 362 1064 412 insignibus
1086 363 1193 398 donis
1215 361 1354 398 donat:
1383 368 1435 406 et,

319 429 428 465 firmo
447 428 622 478 praesidio
644 426 781 463 Salerae
806 427 989 477 inposito,
1011 428 1091 477 ipse
1120 439 1205 462 cum
1225 432 1351 463 cetero
1370 438 1438 463 ex-

319 494 438 529 ercitu
458 492 665 543 profectus,
687 503 766 526 non
793 492 890 539 agris
922 491 1051 534 modo,
1072 503 1307 540 quacumque
1334 491 1440 526 ince-

124 564 230 603 Scipio
242 575 299 604 po·
319 557 446 599 debat,
467 555 673 605 populatiS,
694 554 760 590 sed
779 554 933 590 urbibus
955 556 1070 591 etiam
1086 555 1311 604 quibusdam
1324 554 1436 590 vicis-

122 607 253 646 pulatur

124 650 277 682 Africam.

120 1136 251 1168 Uticam

118 1180 292 1221 obpugnat.

119 1780 262 1810 Hasdru-

115 1824 195 1853 balis
212 1832 241 1853 et

116 1866 271 1904 Syphacis

117 1909 261 1946 ingentes

113 1952 224 1991 copiae.

113 2222 221 2262 Scipio
238 2234 284 2254 re-

115 2268 199 2295 cedit
214 2268 253 2297 ab

114 2307 221 2341 Utica.

320 633 392 669 que
411 619 651 669 expugnatiS,
672 618 748 654 late
774 617 860 654 fuso
879 624 1024 655 terrore
1052 618 1156 662 belli,
1178 619 1340 669 septimo
1360 617 1435 661 die,

318 697 430 733 quam
452 682 644 733 profectus
665 688 759 725 erat,
787 694 965 730 magnam
984 682 1059 718 vim
1087 682 1285 718 hominum
1305 688 1343 718 et
1371 693 1437 731 pe·

316 748 416 784 coris
437 753 474 783 et
494 746 616 783 omnis
648 746 795 795 generis
822 745 958 795 praedae
977 746 1146 788 trahens,
1168 747 1206 781 in
1227 750 1351 781 castra
1378 757 1437 780 re-

317 812 396 855 dit;
430 823 636 859 gravesque
666 811 802 846 iterum
832 809 1036 846 hostilibus
1070 809 1200 859 spoliis
1234 820 1347 845 naves
1381 807 1438 844 di-

315 877 447 912 mittit.
506 875 614 918 Inde,
634 875 782 911 omissis
804 873 1110 924 expeditionibus
1130 873 1253 924 parvis
1276 871 1436 923 popula-

315 940 575 989 tionibusque,
606 940 653 976 ad
683 939 979 990 obpugnandam
1003 938 1158 975 Uticam
1187 949 1317 973 omnes
1346 935 1438 973 belli

315 1004 411 1039 vires
436 1004 647 1039 convertit:
680 1016 762 1039 eam
792 1003 940 1046 deinde,
971 1003 1002 1038 si
1032 1003 1206 1052 cepisset,
1237 1000 1363 1037 sedem
1392 999 1440 1036 ad

316 1073 442 1104 cetera
461 1067 700 1117 exsequenda
718 1065 929 1103 habiturus.
987 1065 1107 1102 Simul
1126 1073 1163 1101 et
1190 1078 1211 1101 a
1231 1064 1350 1100 classe
1367 1075 1437 1099 na·

316 1131 416 1167 vales
437 1132 545 1175 socii,
567 1145 641 1180 qua
661 1144 707 1167 ex
736 1137 844 1181 parte
872 1131 962 1166 urbs
992 1131 1087 1167 mari
1117 1129 1296 1172 adluitur,
1325 1126 1437 1164 simul

316 1203 353 1232 et
372 1197 560 1233 terrestris
578 1197 765 1232 exercitus
786 1196 833 1232 ab
854 1195 1064 1231 inminente
1092 1206 1211 1245 prope
1230 1194 1320 1243 ipsis
1340 1205 1436 1229 moea

315 1260 427 1296 nibus
459 1260 606 1296 tumulo
637 1266 693 1295 est
729 1259 918 1295 admotus.
975 1259 1186 1295 Tormenta
1221 1257 1436 1293 machinas-

313 1337 387 1373 que
416 1332 454 1360 et
484 1324 687 1361 advexerat
719 1336 860 1366 secum,
893 1329 930 1359 et
960 1335 1005 1359 ex
1037 1322 1166 1358 Sicilia
1202 1322 1317 1357 missa
1350 1333 1436 1357 cum

313 1388 588 1425 commeatibus
609 1394 740 1425 erant:
774 1394 813 1423 et
830 1400 931 1423 nova
950 1387 990 1423 in
1010 1385 1317 1427 armamentario,
1338 1383 1435 1420 mul-

312 1452 361 1487 tis
394 1451 528 1487 talium
559 1464 717 1502 operum
747 1451 954 1487 artificibus
984 1451 1029 1486 de
1058 1449 1243 1485 industria
1265 1447 1435 1491 inclusis,

313 1517 469 1554 fiebant.
527 1515 773 1552 Uticensibus
807 1522 916 1551 tanta
948 1515 1113 1563 undique
1143 1513 1242 1549 mole
1275 1513 1436 1548 circum-

312 1581 424 1616 sessis
453 1581 491 1616 in
522 1579 837 1628 Karthaginiensi
866 1578 1023 1629 populo,
1048 1575 1435 1625 Karthaginiensibus

312 1645 351 1680 iu
385 1644 627 1681 Hasdrubale
660 1645 728 1687 ita,
759 1645 790 1679 si
820 1644 850 1679 is
883 1643 1065 1679 movisset
1094 1642 1319 1691 Syphacem,
1351 1651 1435 1691 spes

313 1710 436 1744 omnis
471 1715 573 1744 erat:
607 1708 671 1744 sed
697 1707 884 1744 desiderio
914 1707 1167 1755 indigentium
1196 1704 1326 1741 auxilii
1356 1711 1433 1741 tar-

314 1773 396 1809 dius
426 1780 565 1809 cuncta
593 1772 858 1809 movebantur.
916 1771 1150 1814 Hasdrubal,
1181 1771 1435 1806 intentissima

314 1838 595 1886 conquisitione
615 1849 732 1885 quum
761 1836 807 1871 ad
827 1836 988 1883 triginta
1010 1834 1128 1871 millia
1156 1834 1340 1884 peditum,
1361 1834 1435 1870 tria

314 1904 484 1952 equitum
505 1902 746 1945 confecisset,
767 1915 846 1937 non
867 1910 995 1937 tamen
1023 1907 1111 1937 ante
1141 1901 1344 1936 adventum
1363 1899 1434 1948 Sy-

312 1968 443 2017 phacis
465 1972 587 2003 castra
607 1966 761 2015 propius
782 1966 933 2001 hostem
950 1976 1101 2000 movere
1121 1970 1178 1999 est
1198 1976 1321 1999 ausus.
1363 1962 1434 2011 Sy-

311 2031 414 2081 phax
448 2043 534 2066 cum
570 2029 847 2078 quinquaginta
882 2028 1047 2064 millibus
1086 2027 1269 2077 peditum,
1305 2026 1434 2062 decem

312 2096 482 2144 equitum
512 2093 686 2129 advenit:
729 2091 1005 2140 confestimque
1038 2092 1151 2127 motis
1182 2090 1228 2126 ab
1263 2090 1434 2126 Kartha-

311 2160 400 2207 gine
437 2159 584 2201 castris,
622 2157 724 2193 haud
759 2156 893 2207 procul
930 2156 1047 2193 Utica
1083 2155 1434 2204 munitionibusque

311 2223 498 2260 Romanis
532 2222 715 2259 consedit.
773 2222 946 2260 Quorum
982 2220 1164 2256 adventus
1197 2220 1271 2254 hoc
1302 2225 1431 2254 tamen

312 2288 494 2323 momenti
526 2287 631 2329 fecit,
663 2292 704 2322 ut
735 2286 878 2336 Scipio,
900 2297 1015 2334 quum
1044 2283 1294 2333 quadraginta
1313 2282 1432 2318 ferme

311 2352 389 2389 dies
422 2352 678 2402 nequidquam
711 2351 841 2387 omnia
874 2350 1069 2401 experiens
1103 2348 1313 2385 obsedisset
1344 2346 1431 2383 Uti-
