1507 2656
222 164 374 194 LIBER
400 164 589 193 XXVIII·
623 163 729 192 CAP.
753 165 982 195 xxxvlu.
1081 166 1158 211 137

49 254 274 302 redegisset:
308 256 472 291 adversus
498 260 652 303 quatuor
679 266 715 290 se
743 256 987 303 imperatores,
1008 262 1162 304 quatuor
1176 264 1217 295 U.
1231 264 1266 294 C.
1282 271 1355 295 πο.

47 319 198 354 victores
223 321 393 355 exercitus
422 321 459 354 in
490 319 708 366 Hispaniam
738 320 830 355 isse:
859 322 1031 356 neminem
1062 322 1162 357 Kar·
1175 308 1355 341 A.C.206‚

50 382 303 430 tlzagz'niensem
340 385 375 418 in
412 385 454 418 z'z's
492 385 595 419 terris
638 384 832 431 reliquisse.
889 382 950 419 Ob
995 385 1061 421 has
1102 398 1161 422 res

47 452 170 492 gestas
192 447 309 494 magis
331 452 477 481 tentata
497 452 553 482 est
573 447 756 496 triumphi
777 459 876 496 spes,
898 459 1011 495 quam
1041 450 1163 497 petita

45 510 310 558 pertinaciter3
344 510 432 558 quia
464 511 655 546 neminem
686 510 731 547 ad
768 522 851 546 eam
889 510 988 547 diem
1025 512 1161 549 trium-

30 573 194 622 vphasse,
215 574 279 621 qui
298 573 378 608 sine
398 574 624 622 magistratu
644 587 702 610 res
733 575 924 622 gessisset,
946 575 1161 614 constabat.

45 637 187 672 Senatu
207 638 335 680 misso,
358 638 489 674 urbem
519 644 576 674 est
605 639 810 687 ingressus,
831 639 1054 688 argentique
1082 652 1160 690 prae

45 713 83 736 sc
104 701 142 736 in
166 702 338 738 aerarium
366 701 455 738 tulit
474 703 762 751 quatuordecim
788 703 907 739 millia
932 704 1062 753 pondo
1081 710 1158 741 tre·

44 770 154 801 centa
173 766 425 814 quadraginta
450 767 539 812 duo,
561 774 599 804 et
628 768 768 817 signati
799 769 948 816 argenti
976 780 1158 817 magnum

42 841 253 867 numerum.
301 831 470 869 Comitia
487 833 574 870 inde
594 834 763 870 creandis
784 832 1002 871 consulibus
1022 833 1158 870 habuit

40 891 88 929 L.
108 893 286 930 Veturius
313 895 449 932 Philo:
482 899 738 947 centuriaeque
764 910 896 934 omnes
926 899 1074 946 ingenti
1098 898 1158 935 fa-

27 960 129 993 ·'vore
157 956 199 994 P.
223 957 440 1008 Scipionem
461 961 658 998 consulem
683 962 883 997 dixerunt:
917 960 1064 1010 collega
1092 962 1157 999 ad-

38 1022 140 1058 ditur
159 1022 191 1058 ei
211 1022 254 1060 P.
274 1023 446 1060 Licinius
468 1026 625 1062 Crassus
646 1025 821 1076 pontifex
839 1026 1040 1062 maximus.
1082 1026 1158 1064 Ce-

27 1091 175 1131 terum,
207 1089 362 1126 comitia
392 1088 551 1139 majore,
583 1102 696 1139 quam
726 1088 803 1125 ulla
831 1102 901 1139 per
928 1090 966 1126 id
998 1090 1155 1135 bellum,

28 1151 227 1189 'celebrata
245 1153 473 1203 frequentia,
494 1154 686 1204 proditum
711 1155 903 1190 memoriae
923 1160 991 1191 est.
1050 1155 1156 1192 Con-

34 1223 219 1253 venerant
241 1218 406 1268 undique
434 1231 512 1255 non
543 1218 773 1267 suffragandi
803 1219 933 1262 modo,
954 1219 1019 1255 sed
1039 1220 1156 1257 etiam

37 1282 233 1331 spectandi
260 1295 392 1319 caussa
420 1282 463 1320 P.
485 1283 697 1332 Scipionis:
733 1283 1087 1332 concurrebantque
1115 1289 1154 1320 et

26 1345 192 1381 “domum
211 1345 441 1395 frequentes,
465 1354 503 1382 et
521 1347 561 1382 in
582 1346 818 1396 Capitolium
835 1347 882 1383 ad
904 1346 1155 1384 inmolantem

34 1422 135 1452 eum,
164 1422 279 1459 quum
308 1417 461 1447 centum
489 1410 612 1446 bubus
641 1411 740 1446 votis
773 1411 814 1446 in
842 1410 1034 1461 Hispania
1065 1410 1156 1447 Jovi

34 1473 262 1512 sacrificaret
281 1489 289 1511 ε
323 1473 637 1525 spondebantque
664 1474 815 1517 animis,
848 1475 945 1510 sicut
965 1475 1010 1510 C.
1029 1473 1153 1511 Luta-

30 1538 106 1574 tius
137 1539 305 1588 superius
335 1538 477 1575 bellum
503 1538 691 1574 Punicum
711 1539 871 1582 finisset,
891 1540 946 1575 ita
974 1538 1027 1582 id,
1048 1539 1151 1587 quod

29 1602 204 1645 instaret,
225 1602 268 1639 P.
289 1602 511 1638 Cornelium
540 1602 759 1648 finiturum3
792 1609 921 1652 atque,
942 1608 985 1638 ut
1004 1602 1152 1652 Hispa-

30 1667 94 1702 nia
130 1667 235 1702 omni
271 1666 413 1702 Poenos
452 1666 671 1716 expulisset,
710 1668 763 1702 sic
801 1666 916 1701 Italia
952 1665 1149 1715 pulsurum

30 1742 110 1765 esse
129 1744 137 1765 ε
170 1729 414 1778 Africamque
434 1730 482 1772 ei,
510 1730 666 1780 perinde
695 1742 739 1765 ac
759 1728 987 1766 debellatum
1007 1730 1046 1765 in
1066 1729 1148 1766 Ita-

29 1792 81 1828 lia
112 1792 226 1836 foret,
260 1793 494 1842 provinciam
527 1792 782 1829 destinabant.
839 1792 1025 1829 Praetoria
1057 1794 1146 1830 inde

29 1858 185 1893 comitia
212 1857 370 1893 habita:
403 1858 520 1893 creati
549 1857 639 1899 duo,
661 1857 725 1906 qui
754 1862 836 1893 tum
866 1856 991 1893 aediles
1021 1857 1141 1907 plebis

26 1927 148 1965 erant,
171 1922 234 1972 Sp.
250 1921 450 1958 Lucretius
477 1928 515 1957 et
538 1922 608 1957 Cn.
626 1921 823 1964 Octavius,
844 1927 882 1957 et
910 1934 956 1958 ex
985 1922 1142 1972 privatis

26 1985 98 2021 Cn.
119 1984 297 2021 Servilius
324 1985 455 2035 Caepio
483 1991 521 2021 et
549 1985 595 2022 L.
615 1984 795 2021 AEmilius
819 1986 958 2036 Papus.
1016 1986 1141 2025 Quar-
1154 1993 1196 2023 U.
1209 1992 1245 2024 C.
1261 2001 1339 2030 547,

23 2049 217 2085 todeoimo
244 2062 346 2085 anno
366 2049 501 2085 Punici
529 2048 619 2085 belli
648 2049 692 2086 P.
714 2049 913 2085 Cornelius
943 2049 1071 2099 Scipio
1102 2037 1240 2086 etA·c'
1260 2045 1346 2073 '²⁰⁵’

23 2114 66 2150 P.
86 2114 257 2150 Licinius
278 2114 435 2150 Crassus
466 2120 507 2149 ut
537 2113 776 2150 consulatum
806 2113 988 2155 inierunt,
1013 2114 1139 2149 norni-

25 2184 124 2214 natae
145 2179 362 2215 consulibus
378 2180 581 2229 provinciae
601 2186 702 2222 sunt,
724 2178 853 2214 Sicilia
883 2178 1053 2228 Scipioni
1073 2191 1138 2215 ex-

24 2248 84 2277 tra
103 2248 256 2286 sortem,
278 2244 509 2279 concedente
538 2243 698 2291 collega,
721 2244 808 2293 quia
835 2254 1027 2278 sacrorum
1048 2255 1139 2280 cura

28 2305 247 2359 pontificem
280 2308 485 2346 maximum
523 2308 563 2345 in
597 2307 711 2347 ltalia
747 2306 937 2346 retinebat
949 2322 961 2354 3
993 2306 1158 2349 Bruttii..
