1523 2666
331 142 417 187 354
789 144 833 173 τ.
858 144 993 175 mvn

140 233 178 262 U.
196 232 232 263 C.
247 241 319 264 554.
327 237 448 279 putet,
468 243 562 268 nunc
580 234 795 270 occasionem
821 246 903 277 esse,
920 236 1131 283 priusquam
1160 236 1357 285 quidquam
1386 238 1448 273 de-

138 277 175 306 Λ·
194 276 229 307 C'
246 284 318 310 ¹98'
332 309 528 334 cernamus,
582 298 649 334 Ubi
665 299 771 334 semel
789 299 966 335 decretum
986 301 1068 341 erit,
1089 300 1248 337 omnibus
1266 302 1316 344 id,
1337 302 1447 337 etiam

331 363 453 411 quibus
481 369 565 400 ante
594 365 831 413 displicuerit,
858 379 928 414 pro
957 366 1044 403 bono
1074 371 1182 415 atque
1206 369 1289 404 utili
1306 366 1449 416 soedere

332 427 602 477 defendendum.
660 429 755 466 Haec
776 430 993 467 adhortatio
1020 433 1193 481 praetoris
1224 445 1302 468 non
1331 432 1446 468 modo

329 505 556 541 quemquam
577 506 693 529 unum
712 493 841 530 elicuit
859 495 906 530 ad
926 495 1182 541 suadendum3
1215 496 1279 531 sed
1299 508 1346 532 ne
1371 494 1446 531 fre-

330 557 464 592 mitum
484 558 634 605 quidem
656 564 721 593 aut
748 570 916 594 murmur
946 561 1140 596 concionis
1167 566 1299 603 tantae,
1321 573 1368 595 ex
1386 565 1446 596 tot

329 619 478 670 populis
501 628 757 670 congregatae,
779 624 910 659 movit.

114 690 215 738 Pergit
382 685 500 722 XXI.
529 686 628 722 Tum
648 688 858 723 Aristaenus
882 695 1023 737 praetor
1047 701 1197 724 rursus:
1232 689 1314 724 Non
1332 690 1449 736 magis

115 735 301 765 A‘fflaenm'
329 752 513 787 consilium
536 752 642 794 vobis,
661 754 843 801 principes
861 753 1087 795 Acha’orum,
1110 755 1219 795 deest,
1241 765 1349 801 quam
1379 754 1449 789 lin·

325 827 399 862 gua
415 831 427 850 .·
455 818 515 851 sed
533 829 595 862 suo
615 819 760 865 quisque
783 819 945 865 periculo
974 819 1010 853 in
1037 830 1221 854 Commune
1249 818 1449 854 consultum

327 891 397 914 non
427 880 516 915 vult.
573 881 737 916 Forsitan
766 893 830 929 ego
863 894 1000 930 quoque
1033 887 1198 923 tacerem,
1229 883 1259 917 si
1284 883 1449 929 privatus

328 955 461 980 essem:
490 957 583 981 nunc
598 950 733 993 praetor
752 948 869 988 video,
891 952 956 982 aut
974 959 1043 983 non
1073 948 1230 982 dandum
1260 947 1450 982 concilium

329 1010 456 1056 legatis
464 1009 594 1057 fuisse,
613 1015 678 1046 aut
696 1012 778 1046 inde
791 1013 864 1047 sine
882 1024 1045 1058 responso
1060 1024 1117 1047 eos
1137 1012 1365 1047 dimittendos
1381 1023 1450 1046 non

327 1085 409 1109 esse.
468 1074 695 1122 Respondere
727 1081 861 1117 antem,
892 1078 961 1111 nisi
990 1089 1032 1112 ex
1060 1081 1173 1112 vestro
1204 1077 1357 1118 decreto,
1388 1076 1450 1123 qui

324 1140 496 1186 possum.9
516 1140 566 1174 Et
586 1141 727 1187 quando
744 1152 847 1175 nemo
862 1140 1029 1183 vestrzan‚
1045 1143 1106 1189 qui
1126 1143 1160 1176 in
1174 1141 1239 1176 hoc
1257 1141 1448 1176 concilium

326 1204 494 1238 advocati
513 1205 606 1245 estis,
625 1216 692 1251 pro
710 1207 887 1240 sententia
907 1207 1101 1253 quidquam
1129 1207 1245 1241 dicere
1274 1207 1364 1246 vult,
1386 1208 1450 1240 aiat

328 1269 463 1310 audet5
500 1270 676 1304 orationes
709 1270 909 1316 legatorum
943 1270 1102 1305 hesterno
1133 1271 1191 1305 die
1223 1271 1351 1312 dictus,
1379 1282 1448 1318 pro

327 1336 511 1370 sententiis
527 1347 796 1382 percenseamus
808 1353 818 1378 ,·
845 1337 996 1383 perinde
1017 1349 1060 1372 ac
1080 1349 1149 1372 non
1172 1337 1446 1384 postulaverint,

328 1411 405 1446 quoe
424 1411 442 1434 e
460 1411 499 1434 re
516 1411 582 1434 sua
603 1405 727 1442 essent,
747 1401 807 1435 sed
826 1402 1017 1442 suaserint,
1039 1413 1115 1448 quse
1143 1401 1241 1436 nobis
1269 1405 1449 1436 censerent

326 1464 434 1498 utilia
453 1476 536 1500 esse.
595 1464 752 1500 Romani
779 1465 981 1513 Rhodiique
1009 1471 1044 1501 et
1068 1467 1214 1501 Attalus
1241 1468 1448 1501 societatem

325 1528 593 1575 amicitiamque
612 1533 769 1564 nostram
787 1534 943 1576 petunt:
972 1535 1006 1565 et
1026 1532 1060 1565 in
1082 1530 1184 1571 bello,
1206 1530 1301 1577 quod
1320 1530 1447 1565 adver-

324 1603 382 1626 sus
404 1592 615 1639 Philippum
632 1598 775 1640 gerunt,
795 1606 831 1629 se
850 1606 872 1629 a
897 1595 993 1630 nobis
1013 1593 1180 1640 adjuvari
1205 1606 1345 1642 <equum
1364 1606 1449 1630 cen-A

325 1661 412 1691 sent.
468 1657 662 1705 Philippus
686 1659 866 1694 societatis
893 1671 1009 1694 secum
1040 1661 1207 1695 admonet
1239 1664 1274 1694 et
1292 1657 1446 1705 jurisju-

326 1727 454 1762 randi:
483 1731 518 1762 et
543 1727 645 1761 modo
670 1726 844 1773 postulat,
867 1730 906 1760 ut
934 1736 1048 1760 secum
1078 1729 1233 1765 steinus5
1263 1724 1381 1764 modo,
1403 1734 1447 1758 rie

326 1792 526 1826 intersimus
545 1792 667 1832 armis,
689 1795 890 1826 contentum
913 1792 964 1825 ait
983 1802 1018 1825 se
1037 1802 1117 1825 esse.
1176 1789 1325 1824 Nulline
1348 1788 1448 1823 venit

326 1856 361 1890 in
391 1861 555 1897 mentem,
587 1868 662 1897 cur,
694 1858 755 1903 qui
780 1856 936 1890 nondum
963 1856 1050 1890 socii
1077 1859 1171 1895 sunt,
1198 1854 1281 1901 plus
1303 1857 1446 1901 petant,

325 1931 432 1967 quam
461 1922 609 1955 socius?
648 1921 727 1955 Non
750 1921 801 1969 fit
831 1920 895 1955 hoe
926 1931 1037 1966 neque
1071 1919 1240 1953 modestia
1267 1917 1446 1965 Philippi,

323 1996 434 2031 neque
455 1986 664 2031 inpudentia
689 1986 945 2020 Romanorum.
1004 1983 1126 2018 Achcei
1149 1987 1276 2030 portus
1302 1986 1337 2017 et
1361 1983 1450 2018 dant

311 2048 493 2095 fiduciam
532 2049 807 2096 postulantibus,
840 2053 873 2083 et
907 2049 1064 2083 (leniunt.
1124 2046 1290 2093 Philippi
1320 2050 1451 2093 praeter

325 2113 480 2158 legatum
502 2114 660 2148 videmus
686 2114 787 2148 nihil.
846 2113 1011 2147 Romana
1040 2113 1160 2147 classis
1185 2111 1232 2146 ad
1253 2109 1449 2145 Cenchreas

321 2180 408 2217 stat,
440 2176 579 2211 urbium,
610 2177 750 2212 Ezcboeoe
777 2178 892 2225 spolia
920 2189 997 2224 proe
1025 2188 1061 2211 se
1082 2175 1239 2224 ferens:
1272 2175 1448 2211 consulem

323 2239 545 2289 legionesque
574 2240 659 2288 ejus,
682 2245 808 2289 exiguo
837 2243 947 2278 maris
970 2243 1087 2290 spatio
1116 2238 1323 2286 disjunctas,
1345 2239 1444 2275 Pho-

322 2305 434 2341 videm
464 2318 506 2342 ac
526 2306 717 2344 Locridem
743 2311 984 2355 pervagantes
1011 2307 1181 2344 videmus.
1239 2305 1443 2345 Miramini,
