1507 2656
288 186 442 216 Lmen
464 184 608 214 xxx1.
641 182 747 214 cAP.
771 185 890 213 v111.
1068 175 1144 215 281

45 276 304 325 obsecratique
334 274 434 312 circa
459 274 588 310 omnia
620 273 833 324 pulvinaria
858 274 940 317 Dii,
961 279 1016 317 ut,
1047 274 1148 323 quod
1162 279 1205 309 U.
1216 277 1253 309 C.
1272 283 1347 309 5⁵2.

42 338 182 375 bellum
203 352 286 375 cum
315 337 492 388 Philippo
517 336 679 387 populus
698 336 890 387 jussisset,
916 337 954 373 id
980 337 1077 373 bene
1107 350 1150 374 ac
1162 324 1202 353 A·
1218 322 1256 353 C·
1272 327 1346 353 ²⁰0'

43 403 203 439 feliciter
234 402 422 439 eveniret:
465 401 703 451 consultique
736 401 888 438 feciales
920 401 967 438 ab
998 401 1153 437 consule

45 466 226 516 Sulpicio,
262 465 415 508 bellum,
447 465 548 514 quod
581 466 809 502 indiceretur
840 466 921 515 regi
958 465 1153 515 Philippo,

45 538 169 567 utrum
189 531 261 580 ipsi
280 531 410 579 utique
428 530 602 566 nunciari
622 529 827 580 juberent3
861 543 908 566 an
930 530 1019 567 satis
1040 535 1153 572 esset,

43 595 81 630 in
102 594 237 630 finibus
256 595 364 643 regni
384 594 485 644 quod
504 595 719 644 proximum
739 595 953 645 praesidium
974 599 1085 637 esset,
1106 606 1152 629 eo

44 659 235 695 nunciari?
262 657 414 694 feciales
445 659 703 701 decreverunt,
732 666 858 694 utrum
886 671 1017 695 eorum
1042 657 1153 694 fecis-

45 729 115 766 set,
136 729 238 759 recte
257 722 458 759 facturum.
501 723 659 759 consuli
679 737 701 759 a
719 723 895 759 Patribus
916 723 1154 773 permissum,

45 793 100 829 ut,
121 799 231 835 quem
251 786 452 829 videretur,
474 799 520 822 ex
539 787 598 829 iis,
616 787 680 835 qni
698 794 805 823 extra
826 792 997 822 senatum
1015 791 1154 826 essent,

45 849 212 898 legatum
231 850 399 885 mitteret
417 850 465 885 ad
483 849 624 886 bellum
643 850 723 897 regi
743 849 998 885 indicendum.
1054 847 1155 884 Tum

44 913 90 948 de
109 913 336 949 exercitibus
357 913 552 949 consulum
580 921 858 963 praetorumque
885 919 1030 949 actum:
1064 924 1157 948 con-

44 975 140 1012 sules
160 975 269 1011 binas
289 976 458 1026 legiones
479 976 776 1026 scriberejussi,
806 984 949 1012 veteres
970 976 1158 1012 dimittere

44 1041 242 1076 exercitus.
300 1040 483 1090 Sulpicio,
505 1041 564 1076 cui
594 1053 736 1076 novum
761 1053 805 1076 ac
830 1041 960 1088 magni
991 1039 1157 1075 nominis

0 1106 1 1150 ζ
46 1103 183 1139 bellurn
210 1104 403 1139 decretum
434 1111 527 1146 erat,
563 1105 802 1154 permissum,
831 1110 872 1139 ut
901 1104 946 1139 de
975 1103 1158 1145 exercitu,

0 1217 1 1221 Ἰ
46 1180 156 1216 quem
178 1167 222 1204 P.
243 1168 371 1217 Scipio
398 1180 444 1203 ex
473 1168 604 1204 Africa
627 1168 878 1217 deportasset,
908 1167 1159 1209 voluntarios,

46 1243 139 1279 quos
172 1239 314 1280 posset,
349 1231 523 1267 duceret:
574 1231 735 1267 invitum
772 1244 820 1267 ne
853 1243 965 1279 quem
1001 1230 1161 1266 militem

45 1301 209 1330 veterem
243 1295 401 1330 ducendi
428 1294 492 1343 jus
527 1300 637 1331 esset.
705 1294 938 1330 Praetoribus
975 1293 1023 1330 L.
1042 1293 1160 1329 Furio

0 1399 3 1406 y
46 1361 284 1410 Purpureoni
303 1367 342 1396 et
360 1361 410 1400 Q.
424 1360 600 1397 Minucio
619 1360 725 1396 Rufo
746 1360 861 1408 quina
876 1358 995 1394 millia
1013 1356 1161 1393 socium

0 1410 5 1478 '4
46 1425 178 1461 Latini
197 1425 361 1460 nominis
382 1425 516 1460 consul
542 1425 671 1460 daret:
705 1424 841 1473 quibus
862 1423 1044 1473 praesidiis
1065 1420 1161 1457 alter

47 1490 225 1532 Galliam,
257 1489 353 1525 alter
377 1490 551 1525 Bruttios
584 1491 819 1540 provinciam
846 1489 1049 1525 obtineret.
1107 1487 1160 1523 Ο..

46 1554 198 1590 Fulvius
220 1553 322 1589 Gillo
343 1560 380 1590 et
399 1553 620 1603 ipsejussus
642 1566 689 1590 ex
707 1567 753 1589 eo
774 1553 957 1595 exercitu,
978 1563 1090 1600 quem
1114 1550 1160 1587 P.

47 1618 172 1654 AElius
207 1617 339 1653 consul
362 1617 573 1660 habuisset,
595 1623 637 1653 ut
666 1618 823 1666 quisque
856 1617 1012 1652 minime
1040 1613 1162 1650 multa

48 1681 235 1731 stipendia
250 1681 421 1723 haberet,
442 1680 581 1729 legere,
599 1681 720 1716 donec
738 1687 775 1715 et
790 1681 870 1729 ipse
889 1680 1055 1728 quinque
1074 1676 1160 1712 mil-

48 1748 99 1783 lia
118 1747 264 1783 socium
284 1759 327 1783 ac
349 1747 514 1781 nominis
537 1746 669 1782 Latini
689 1746 893 1781 effecisset:
926 1744 964 1779 id
983 1742 1159 1793 praesidio

50 1810 187 1846 Siciliae
220 1810 423 1860 provinciae
454 1816 564 1846 esset.
619 1809 676 1845 M.
706 1808 860 1844 Valerio
893 1806 1061 1849 Faltoni,
1094 1806 1160 1854 qui

47 1881 189 1926 praetor
217 1876 343 1924 priore
373 1887 474 1910 anno
506 1873 753 1923 Campaniam
781 1871 1016 1923 provinciam
1034 1869 1157 1906 habu-

47 1946 142 1982 erat,
166 1944 412 1988 prorogatum
439 1939 478 1973 in
499 1950 640 1973 annum
660 1937 860 1987 imperium
880 1943 959 1981 est;
992 1935 1049 1971 uti
1067 1947 1157 1985 pro-

46 2008 185 2052 praetor
206 2004 242 2038 in
261 2003 471 2038 Sardiniam
490 2000 694 2050 trajiceret,
717 2006 830 2048 atque
849 2000 894 2035 de
913 1999 1080 2035 exercitu
1092 1999 1157 2047 qui

47 2065 100 2102 ibi
122 2074 233 2107 esset,
252 2066 416 2113 quinque
436 2065 555 2100 millia
574 2064 720 2100 socium
740 2064 905 2098 nominis
927 2062 1071 2104 Latini,
1092 2062 1157 2109 qui

50 2141 179 2164 eorum
199 2130 353 2164 minime
371 2129 491 2165 multa
510 2129 698 2178 stipendia
717 2127 887 2169 haberet,
908 2126 1062 2174 legeret.
1104 2125 1157 2160 Et

49 2192 222 2229 consules
243 2193 333 2228 duas
356 2193 515 2229 urbanas
535 2193 703 2242 legiones
731 2189 1025 2240 scriberejussi:
1058 2201 1155 2237 quae,

48 2257 79 2291 si
99 2269 174 2304 quo
201 2269 257 2292 res
280 2263 466 2306 posceret,
487 2256 614 2292 multis
635 2257 673 2292 in
694 2255 806 2291 Italia
826 2254 1011 2292 contactis
1032 2253 1155 2301 genti-

46 2320 116 2356 bus
137 2320 269 2357 Punici
295 2321 383 2358 belli
412 2322 608 2364 societate,
632 2321 761 2370 iraque
789 2320 876 2356 inde
904 2315 1153 2359 tumentibus,
