1507 2656
308 198 462 227 LIBER
486 194 652 224 XXVII.
687 192 792 222 CAP.
816 193 996 221 XXXVI.
1148 190 1201 235 57

88 299 158 328 ros,
177 288 338 322 timentes
357 298 400 322 ne
416 285 594 321 crescendi
611 296 651 319 ex
669 296 704 319 se
724 284 868 319 inimico
885 283 1029 329 collegae
1046 287 1203 330 potestas
1216 294 1256 323 U.
1272 294 1306 323 c.
1321 300 1391 323 544,

75 350 196 399 fieret.
254 350 356 386 Vicit
385 356 513 385 tamen
543 348 750 384 auctoritas
781 352 947 389 senatus,
978 353 1033 389 ut,
1064 347 1198 395 positis
1212 339 1251 368 A·
1269 337 1394 368 02⁰³·

89 412 358 455 simultatibus,
390 411 580 448 communi
614 411 742 446 animo
772 409 1008 458 consilioque
1038 409 1199 445 admini-

88 482 250 513 strarent
269 476 552 526 rempublicam.
606 475 819 510 Provinciae
840 474 884 509 iis
905 487 983 509 non
1002 475 1198 523 permixtae

86 541 319 588 regionibus,
341 542 438 576 sicut
458 539 713 589 superioribus
734 539 857 581 annis,
875 538 937 574 sed
959 538 1112 574 diversae
1133 551 1199 574 ex-

86 605 215 639 tremis
246 604 367 640 ]taliae
397 604 548 646 finibus,
580 603 687 639 alteri
725 603 901 639 adversus
941 602 1197 638 Hannibalem

86 667 243 710 Bruttii,
269 668 440 713 Lucani3
474 669 582 705 alteri
612 668 738 704 Gallia
768 669 943 704 adversus
976 668 1198 704 Hasdruba-

85 729 157 766 lem
186 732 312 779 (quem
337 730 418 780 jam
444 731 604 781 Alpibus
636 732 939 781 adpropinquare
969 731 1070 767 fama
1099 733 1196 778 erat)

85 794 246 831 decreta.
303 795 521 831 Exercitum
550 809 595 831 ex
622 795 783 837 duobus,
805 796 867 843 qui
896 795 933 829 in
956 784 1093 837 Gallia,
1116 797 1199 844 qui-

87 871 158 905 que
179 859 216 893 in
235 858 389 894 Etruria
410 865 548 901 essent,
569 859 698 894 addito
721 858 879 899 urbano,
901 858 1070 905 eligeret,
1088 871 1200 907 quem

87 920 229 962 mallet,
250 922 313 969 qui
334 921 496 957 Galliam
518 928 614 957 esset
639 922 807 957 sortitus.
861 922 931 956 Cui
948 922 1088 957 Bruttii
1111 935 1199 971 pro-

85 985 210 1020 vincia
242 986 440 1027 evenisset,
471 987 578 1021 novis
608 985 820 1033 legionibus
853 985 1004 1020 urbanis
1036 986 1199 1035 scriptis,

86 1049 204 1083 utrius
235 1048 362 1083 mallet
383 1048 579 1084 consulum
610 1049 745 1098 prioris
777 1049 881 1091 anni,
903 1049 1111 1084 exereitum
1137 1062 1199 1085 su-

83 1117 214 1148 meret.
272 1111 464 1147 Relictam
497 1125 518 1147 a
555 1112 711 1148 consule
745 1113 951 1148 exercitum
985 1113 1032 1151 Q.
1047 1112 1199 1148 Fulvius

86 1175 291 1224 proconsul
317 1177 527 1226 acciperet3
561 1177 670 1225 eique
697 1177 732 1211 iu
756 1189 895 1212 annum
922 1177 1120 1226 imperium
1142 1190 1200 1213 es-

86 1246 165 1275 set:
199 1246 237 1275 et
262 1239 504 1282 C.Hostilio,
527 1241 587 1275 cui
615 1253 683 1290 pro
703 1240 858 1275 Etruria
881 1240 1089 1275 Tarentum
1116 1253 1199 1276 mu-

85 1310 261 1340 taverant
279 1305 528 1353 provinciam,
549 1317 617 1354 pro
637 1305 807 1350 Tarento
829 1304 999 1354 Capuam
1028 1312 1198 1341 mutave-

84 1375 196 1404 runt:
229 1369 329 1417 legio
368 1383 442 1405 una
471 1370 572 1413 data,
608 1371 668 1406 cui
696 1370 851 1406 Fulvius
886 1371 1060 1420 proximo
1098 1383 1199 1406 anuo

83 1432 296 1482 praefuerat.

138 1498 332 1534 XXXVI.
359 1497 419 1534 De
438 1498 688 1534 Hasdrubalis
710 1500 872 1535 adventu
896 1501 932 1536 in
955 1500 1106 1536 ltaliam
1131 1514 1194 1537 cu-
1209 1507 1390 1540 Hasdrubal

84 1574 125 1597 ra
149 1562 184 1596 in
213 1562 290 1597 dies
318 1563 522 1599 crescebat.
578 1563 876 1599 Massiliensium
898 1566 1058 1613 primum
1079 1565 1193 1613 legati
1208 1553 1400 1625 ‡?dss‘2¹rltfff²

84 1626 369 1669 nunciaverant,
396 1640 481 1663 eum
507 1628 544 1662 in
567 1627 730 1663 Galliam
760 1636 1058 1677 transgressum:
1093 1643 1193 1665 erec-
1206 1648 1272 1670 sus.
1295 1620 1312 1634 ὗ
1349 1620 1360 1625 ”

83 1696 218 1737 tosque
239 1690 400 1726 adventu
421 1690 515 1739 ejus,
537 1691 624 1739 quia
654 1704 831 1739 magnum
859 1692 1007 1740 pondus
1028 1694 1108 1728 auri
1129 1695 1194 1730 ad-

83 1754 215 1790 tulisse
245 1755 431 1790 diceretur
468 1755 514 1789 ad
551 1755 720 1790 mercede
759 1755 899 1790 auxilia
935 1756 1194 1800 conducenda,

81 1817 279 1854 Gallorum
310 1819 478 1854 animos:
511 1819 614 1854 missi
645 1819 777 1855 deinde
807 1832 891 1855 cum
922 1821 965 1855 iis
999 1820 1112 1869 legati
1147 1822 1194 1858 ab

75 1881 208 1928 ‚Roma
235 1883 320 1918 Sex.
341 1883 529 1918 Antistius
558 1890 595 1918 et
619 1883 840 1919 M.Raecius
867 1885 912 1920 ad
933 1898 1010 1920 rem
1040 1887 1194 1935 inspici-

79 1946 230 1988 endam,
269 1946 489 1989 retulerant,
520 1948 666 1983 misisse
704 1960 742 1983 se
776 1961 861 1983 cum
891 1948 1193 1986 Massiliensibus

78 2010 252 2052 ducibus,
277 2011 338 2059 qui
369 2024 435 2060 per
463 2011 632 2060 hospites
667 2025 810 2054 eorum,
843 2013 1030 2062 principes
1062 2013 1194 2049 Gallo-

78 2086 176 2116 rum,
198 2074 326 2109 omnia
345 2074 540 2123 explorata
560 2075 755 2112 referrent.
813 2076 890 2111 Pro
909 2083 1104 2125 comperto
1125 2077 1192 2113 ha-

78 2136 181 2179 bere,
203 2137 479 2173 Hasdrubalem
497 2139 643 2186 ingenti
657 2138 738 2189 jain
759 2147 894 2175 coacto
915 2142 1081 2176 exercitu
1103 2154 1191 2190 pro-

79 2201 183 2236 ximo
209 2213 295 2236 vere
317 2201 432 2250 Alpes
463 2202 734 2252 trajeeturum:
768 2217 837 2240 nec
864 2211 943 2239 tum
972 2217 1056 2240 euin
1085 2206 1192 2254 quid-

79 2276 192 2312 quam
221 2264 320 2300 aliud
352 2267 504 2309 morari,
531 2267 604 2302 nisi
635 2267 736 2315 quod
766 2268 901 2303 clausae
931 2269 1054 2304 hieme
1074 2270 1191 2319 Alpes

82 2333 218 2366 essent.
275 2327 321 2366 In
351 2328 477 2367 locum
504 2329 560 2367 M.
574 2329 749 2367 Marcelli
769 2332 812 2370 P.
826 2331 951 2369 AElius
972 2331 1097 2369 Paetus
1126 2346 1194 2370 au-

591 2393 630 2431 D
651 2395 672 2431 5
