1507 2656
219 452 282 504 T.
322 450 533 503 LIVII
584 450 1002 505 PATAVINI

392 619 586 657 LIBER
623 619 826 657 XXXIII,

21 974 22 977 ’
167 969 261 1006 AEC
295 981 361 1021 per
391 969 553 1006 hiemem
585 976 704 1019 gesta.

21 1168 22 1195 ἶ
48 1165 201 1201 ditionis
219 1177 294 1202 suae
314 1164 438 1202 facere
457 1166 626 1215 cupiens,
643 1164 837 1215 profectus
853 1178 919 1215 per
936 1165 1158 1211 Phocidem,
1174 1168 1207 1199 it·

15 1240 22 1279 f
47 1229 212 1278 quinque
239 1228 357 1265 millia
382 1229 429 1265 ab
454 1228 613 1272 Thebis,
645 1229 745 1278 quod
767 1234 880 1279 caput
901 1234 957 1265 est
977 1229 1157 1274 Boeotiae,

46 1295 175 1343 posuit
205 1300 339 1330 castra.
397 1294 491 1330 Inde
522 1300 676 1344 postero
706 1294 765 1330 die
795 1306 881 1330 cum
914 1294 1025 1330 unius
1060 1295 1159 1344 signi

46 1358 244 1402 militibuS,
276 1366 314 1395 et
341 1358 489 1401 Attalo,
512 1357 961 1407 legationibusque,‘quae
980 1358 1158 1409 frequen·

45 1432 102 1461 tes
123 1425 286 1473 undique
306 1429 574 1466 convenerant,
594 1424 716 1473 pergit
737 1423 791 1458 ire
811 1423 857 1458 ad
878 1422 1023 1466 urbem,
1038 1422 1156 1473 jussis

21 1495 22 1522 1
42 1490 204 1538 legionis
225 1489 383 1525 hastatis
407 1491 469 1536 (ea
488 1488 563 1524 duo
583 1487 701 1523 millia
722 1487 883 1523 militum
901 1488 1025 1535 erant)
1050 1491 1155 1537 sequi

43 1566 96 1597 se,
117 1552 218 1589 mille
237 1565 416 1602 passuum
435 1551 634 1588 intervallo
655 1551 850 1588 distantes.
908 1551 968 1587 Ad
991 1552 1156 1588 medium

21 1626 22 1673 ᾗ
41 1617 158 1654 ferme
173 1617 243 1652 viae
263 1616 490 1652 Boeotorum
507 1621 647 1665 praetor
666 1613 887 1664 Antiphilus
906 1614 1038 1651 obvius
1058 1614 1154 1651 fuit:

21 1698 22 1704 =
43 1687 169 1717 cetera
188 1680 391 1716 multitudo
412 1692 432 1715 e
452 1680 566 1715 muris
588 1679 791 1714 adventum
812 1678 1050 1728 imperatoris
1072 1678 1156 1716 Ro-

21 1741 22 1758 *
41 1746 143 1782 mani
163 1746 336 1794 regisque
354 1744 712 1794 prospeculabatur:
745 1756 830 1779 rara
846 1756 949 1779 arma
968 1744 1155 1793 paucique

21 1855 22 1862 ἵ
44 1809 180 1846 milites
216 1809 316 1845 circa
352 1821 415 1845 eos
446 1807 701 1858 adparebant:
735 1808 922 1850 hastatos,
955 1814 1153 1856 sequentes

21 1865 22 1904 i
42 1875 189 1926 procul,
210 1874 413 1911 amfractus
434 1875 577 1910 viarum
598 1872 787 1922 vallesque
810 1871 1019 1922 interjectae
1040 1886 1156 1909 occu·

21 1939 184 1976 iebant.
241 1938 368 1978 Quum
388 1937 472 1988 jam
499 1937 819 1987 adpropinquaret
847 1936 942 1979 urbi,
963 1936 1064 1972 velut
1084 1936 1155 1972 ob·

12 2007 13 2010 ’
41 2005 140 2042 viam
160 2003 414 2053 egredientem
438 2002 588 2039 turbam
618 2001 811 2043 salutaret,
834 2001 975 2037 tardius
1004 2002 1151 2037 inccde-

21 2068 118 2117 3bat.
175 2069 319 2104 Caussa
339 2074 420 2104 erat
442 2079 572 2110 morae,
594 2072 636 2102 ut
655 2067 795 2102 hastati
817 2072 1151 2114 consequerentur.

12 2135 22 2183 ζ’
40 2133 245 2183 Oppidani,
267 2138 356 2168 ante
375 2131 548 2167 lictorem
572 2131 684 2166 turba
704 2136 803 2173 acta,
825 2131 1037 2165 insecutum
1058 2142 1151 2164 con·

12 2197 165 2243 1ι,-1ῗ(3ε.ῖίιῃ
186 2209 321 2245 agmen
343 2202 574 2232 armatorum
596 2208 675 2231 non
696 2201 798 2237 aute,
820 2207 931 2242 quam
953 2193 1000 2229 ad
1019 2194 1150 2242 hospi-

38 2262 133 2298 tium
165 2260 402 2312 imperatoris
441 2265 596 2297 ventum
628 2264 700 2303 est,
734 2269 978 2309 conspexere.
1035 2256 1068 2293 Τ
1073 2269 1148 2300 um,

761 970 881 1007 Initio
910 978 1035 1009 autem
1066 974 1161 1010 veris
1178 982 1219 1014 U.
1234 983 1270 1014 C0
1287 992 1360 1017 555,

192 1034 410 1078 Quinctius,
430 1035 563 1072 Attalo
584 1036 750 1072 Elatiam
771 1036 910 1079 excito,
932 1036 1159 1074 Eoeotorum
1175 1029 1216 1057 A.
1230 1027 1266 1057 Ο·
1288 1035 1360 1063 197·

21 1108 22 1143 j
50 1104 215 1148 gentem,
239 1099 391 1135 incertis
423 1100 468 1136 ad
495 1113 579 1136 earn
612 1101 710 1136 diem
737 1100 871 1136 animis
897 1083 1377 1157 fluctuantein,ffl⁰1}{}sscg‡ffln
