1507 2656
297 201 452 231 Lmen
477 196 631 229 xxxv.
664 199 770 229 CAP.
794 201 972 232 xxxw.
1119 199 1203 246 539

93 304 188 335 esse,
216 299 254 329 et
282 291 459 343 praesenti
492 296 593 327 statu
626 290 807 339 gaudere:
838 290 1133 335 multitudinem,
1161 298 1198 328 et
1211 291 1393 325 U-C·⁵60·

91 369 252 405 quorum
274 368 331 392 res
350 368 427 392 non
449 368 494 392 ex
514 356 702 391 sententia
722 356 890 406 ipsorum
910 363 1048 399 essent,
1069 357 1198 393 omnia
1207 336 1248 367 A'
1261 336 1298 367 C'
1319 343 1391 370 Ἆρ’

89 432 228 457 novare
247 419 352 456 velle.
407 419 531 456 AEtoli
551 419 751 457 consilium
771 433 847 457 uno
868 421 928 457 die
947 422 1027 471 spei
1046 434 1196 470 quoque

86 497 165 521 non
184 485 333 521 audacis
354 484 481 528 modo,
503 485 569 521 sed
597 485 710 522 etiam
740 485 972 537 inpudentis,
999 491 1194 536 ceperunt,

86 547 383 591 Demetriadem,
406 547 639 592 Chalcidem,
670 555 708 585 et
735 549 1049 586 Lacedaemonem
1079 561 1194 585 occu-

85 612 214 662 pandi.
272 612 418 662 Singuli
447 613 487 649 in
519 613 684 662 singulas
718 614 822 650 missi
856 618 943 650 sunt
974 613 1191 663 principes:

84 675 214 713 Thoas
229 676 461 720 Chalcidem,
479 676 733 714 Alexamenus
748 676 1076 721 Lacedaemonem,
1093 676 1192 713 Dio-

84 740 158 777 cles
178 741 472 778 Demetriadem.
530 742 645 779 Hunc
664 742 770 779 exsul
789 742 1041 791 Eurylochus,
1062 741 1106 777 de
1126 753 1190 777 cu-
1203 743 1384 776 Demetria-

78 804 143 855 jus
162 806 254 854 fuga
274 819 477 856 caussaque
503 807 603 856 fugae
625 814 714 844 ante
733 807 875 843 dictum
895 813 964 849 est,
987 806 1074 855 quia
1092 805 1189 841 redi·
1201 788 1394 871 ggtrii,0ccu²

84 876 144 905 tus
164 870 203 906 in
222 871 382 920 patriam
402 871 505 908 nulla
525 884 607 922 spes
628 872 702 908 alia
722 878 815 914 erat,
837 870 992 921 adjuvit,
1048 870 1189 907 Literis

84 932 292 983 Eurylochi
313 936 495 972 admoniti
515 937 717 986 propinqui
733 936 931 984 amicique,
950 941 988 971 et
1007 935 1070 984 qui
1090 933 1191 984 ejus-

82 997 167 1034 dem
185 998 363 1035 factionis
384 1006 503 1042 erant,
532 999 669 1035 liberos
701 1005 739 1035 et
767 998 968 1049 conjugem
994 997 1073 1047 ejus
1104 1010 1190 1034 cum

81 1061 231 1096 sordida
251 1068 366 1104 veste,
400 1069 572 1098 tenentes
603 1062 815 1098 velamenta
847 1061 1071 1111 supplicum,
1096 1074 1189 1097 con·

79 1125 226 1160 cionem
245 1124 479 1174 frequentem
500 1125 602 1161 adire
614 1125 768 1175 jubent,
790 1125 958 1173 singulos
974 1125 1189 1160 universos-

81 1200 154 1237 que
182 1187 431 1231 obtestantes,
458 1201 506 1224 ne
539 1189 744 1231 insontem,
765 1188 1024 1225 indemnatum
1054 1200 1189 1224 conse-

79 1263 230 1288 nescere
258 1252 296 1287 in
327 1251 460 1287 exsilio
486 1253 665 1288 sinerent.
720 1252 773 1288 Et
799 1251 985 1301 simplices
1012 1252 1186 1288 homines

78 1316 349 1359 misericordia,
380 1322 417 1351 et
445 1315 626 1365 inprobos
657 1316 932 1364 seditiososque
963 1316 1188 1352 inmiscendi

75 1392 134 1416 res
168 1379 333 1416 tumultu
362 1379 533 1416 AEtolico
567 1393 649 1430 spes
682 1381 824 1416 movit:
856 1392 926 1429 pro
955 1391 994 1414 se
1027 1380 1186 1428 quisque

74 1456 252 1480 revocare
275 1443 476 1493 jubebant.
533 1443 607 1479 His
640 1443 875 1493 praeparatiS,
904 1442 1074 1486 Diocles,
1099 1455 1184 1479 cum
1216 1485 1222 1489 1

75 1508 179 1543 omni
199 1508 368 1555 equitatu
392 1510 447 1554 (et
466 1513 546 1542 erat
564 1513 654 1542 tunc
674 1506 872 1556 praefectus
893 1506 1079 1555 equitum)
1098 1518 1183 1556 spe-

73 1572 130 1608 cie
162 1572 372 1607 reducentis
400 1571 566 1607 exsulem
595 1571 785 1621 hospitem
818 1571 1023 1620 profectus,
1054 1571 1112 1607 die
1138 1583 1183 1606 ac

72 1642 185 1672 nocte
204 1638 336 1684 ingens
356 1635 428 1671 iter
446 1648 632 1679 emensus,
654 1648 768 1684 quum
791 1635 910 1671 millia
936 1648 1001 1672 sex
1020 1635 1066 1671 ab
1090 1634 1182 1671 urbe

73 1700 234 1742 abesset,
256 1699 337 1735 luce
357 1699 478 1748 prima
496 1699 615 1734 tribus
634 1698 761 1735 electis
777 1699 925 1741 turmis,
943 1705 1068 1734 cetera
1083 1699 1181 1735 mul-

71 1763 234 1799 titudine
247 1763 413 1810 equitum
427 1761 733 1811 subsequijussa,
747 1763 957 1812 praecessit:
976 1768 1185 1811 postquam.

71 1832 190 1876 portae
218 1825 558 1875 adpropinquabat,
581 1825 728 1861 desilire
747 1838 876 1863 omnes
898 1837 944 1861 ex
970 1826 1072 1873 equis
1092 1824 1178 1875 jus-

71 1891 133 1932 sit,
155 1896 192 1925 et
211 1889 301 1925 loris
322 1889 456 1925 ducere
476 1901 605 1937 equos,
626 1890 770 1926 itineris
786 1890 948 1926 maxime
968 1890 1095 1932 modo,
1114 1902 1177 1925 so-

68 1954 157 1991 lutis
177 1953 389 1989 ordinibus:
422 1960 464 1988 ut
484 1955 685 1990 comitatus
706 1954 826 2002 magis
845 1953 1013 2004 praefecti
1034 1954 1176 1989 videre-

68 2025 143 2060 tur,
164 2030 276 2066 quam
295 2018 521 2066 praesidium.
569 2018 630 2054 lbi
649 2031 724 2054 una
742 2031 788 2055 ex
807 2018 943 2054 turmis
960 2018 1005 2053 ad
1025 2024 1181 2067 portam-

68 2082 213 2124 relicta,
234 2093 281 2118 ne
301 2080 448 2118 excludi
474 2081 703 2130 subsequens
724 2083 912 2132 equitatus
933 2089 1074 2132 posset,
1095 2093 1179 2118 mea

69 2146 131 2182 dia
157 2145 248 2182 urbe
277 2158 321 2181 ac
349 2158 415 2195 per
443 2145 581 2188 forum,
603 2159 716 2183 manu
741 2146 1000 2196 Eurylochum
1025 2152 1173 2189 tenens,

66 2209 195 2246 multis
215 2208 503 2245 obcurrentibus
533 2210 900 2259 gratulantibusque,
925 2210 1079 2245 domum
1109 2209 1174 2245 de-

69 2273 186 2309 duxit.
241 2272 339 2309 Mox
367 2273 534 2322 equitum
563 2273 675 2324 plena
704 2274 791 2310 urbs
822 2280 915 2317 erat,
937 2280 974 2309 et
998 2272 1083 2309 loca
1104 2285 1179 2323 ope

66 2345 231 2388 por-tuna
260 2337 565 2390 occupabantur:
602 2344 683 2375 tum
719 2340 758 2376 in
792 2338 925 2376 domos
958 2337 1075 2382 missi,
1110 2338 1175 2388 qui

562 2404 596 2441 A
617 2416 639 2440 a
659 2403 680 2440 6
