1523 2666
297 159 384 204 574
757 161 804 189 Τ.
829 162 964 191 mvn

104 254 146 285 U.
160 254 198 285 C.
213 259 284 285 561.
299 252 513 294 Postumio,
535 251 598 301 qui
625 249 672 288 ab
692 251 814 288 Atilio
840 252 970 302 legato
992 255 1249 306 Cephalleniae
1268 269 1416 309 praepo-

102 298 142 327 Α·
158 297 195 330 C·
213 305 283 332 191.
297 318 391 353 situs
412 316 550 359 fuerat,
572 317 792 366 accepisset,
811 316 1029 355 Leucadem
1046 321 1163 364 venit,
1184 320 1416 371 inplevitque

296 383 374 432 spei
396 382 519 417 socios
537 395 544 416 z
575 380 646 418 M'.
661 380 824 419 Acilium
842 383 1037 419 consulem
1051 383 1135 434 jam
1151 397 1237 422 cum
1252 385 1416 435 legioni-

293 445 364 482 bus
386 458 487 481 mare
508 444 715 495 trajecisse,
737 452 774 481 et
804 445 842 480 in
865 445 1065 484 Thessalia
1095 455 1219 485 castra
1237 449 1416 487 Romana

294 523 388 547 esse.
437 510 552 546 Hunc
572 522 761 545 rumorem
778 510 867 558 quia
886 511 1047 549 similem
1064 515 1141 549 veri
1157 521 1305 566 tempus
1323 516 1414 552 anni

292 582 484 611 maturum
497 574 580 624 jam
597 575 643 611 ad
656 574 912 623 navigandum
928 576 1094 613 faciebat
1106 594 1117 623 ;
1140 592 1221 622 rex,
1235 581 1411 630 praesidio

292 640 475 676 Medione
505 641 688 690 inposit0,
711 647 748 675 et
774 641 813 675 iu
834 639 1059 689 quibusdam
1080 642 1162 678 aliis
1183 645 1410 682 Acarnaniae

100 701 192 731 Redit
211 702 243 731 in
293 705 457 756 oppidiS‚
477 705 624 754 Thyrio
644 705 840 748 abscessit,
862 711 900 740 et
927 719 994 756 per
1021 706 1181 745 AEtoliae
1208 722 1251 745 ac
1271 709 1412 747 Phoci-

98 744 269 777 Euboeam.
294 770 350 806 dis
372 770 481 806 urbes
505 770 724 806 Chalcidem
743 771 864 806 rediit.

349 835 467 872 XIII.
498 835 575 871 Sub
604 836 702 871 idem
727 842 873 885 tempus
902 835 958 872 M.
979 836 1133 874 Baebius
1154 845 1192 875 et
1214 838 1412 890 Philippus

293 915 373 945 rex,
394 901 478 952 jam
498 909 587 938 ante
613 914 679 951 per
705 902 867 949 hiemem
892 901 931 937 in
951 901 1181 939 Dassaretiis
1203 905 1413 953 congressi,

292 979 408 1015 quum
428 967 501 1015 Ap.
523 965 737 1009 Claudium,
760 972 802 1001 ut
825 964 1026 1002 obsidione
1047 966 1239 1004 Larissam
1268 969 1410 1005 exime-

95 1029 261 1078 Philipp-us
289 1043 359 1077 ret,
381 1035 418 1070 in
443 1033 682 1070 Thessaliam
712 1033 917 1075 misissent,
941 1034 1030 1081 quia
1053 1033 1091 1069 id
1120 1040 1268 1084 tempus
1298 1033 1409 1070 rebus

95 1081 125 1146 ier}
142 1074 266 1147 ῗῗξὲὲῗὸ
286 1099 462 1148 gerendis
486 1099 717 1135 inmaturum
739 1105 833 1140 erat,
854 1099 891 1133 in
917 1097 1077 1134 hiberna
1102 1099 1276 1147 regressi,
1304 1099 1410 1149 prin-

93 1160 181 1191 Salia·
287 1165 386 1214 cipio
410 1164 505 1200 veris
533 1162 748 1213 conjunctis
777 1163 896 1212 copiis
918 1163 957 1198 in
986 1162 1225 1199 Thessaliam
1252 1163 1408 1199 descen-

286 1230 434 1266 derunt.
492 1228 537 1265 In
567 1229 784 1264 Acarnania
810 1235 891 1263 tum
929 1228 1144 1263 Antiochus
1176 1233 1269 1264 erat.
1325 1228 1405 1265 Ad-

284 1295 492 1337 venientes,
524 1293 722 1344 Philippus
751 1292 950 1329 Malloeam
976 1291 1218 1336 Perrhaebiae,
1247 1292 1404 1330 Baebius

282 1358 467 1395 Phacium
485 1365 540 1395 est
557 1359 770 1407 adgressus,
789 1371 865 1406 quo
888 1358 1011 1408 primo
1027 1370 1146 1408 prope
1165 1358 1297 1409 inpetu
1318 1371 1406 1409 cap-

283 1431 338 1466 to,
360 1424 554 1460 Phaestum
582 1424 713 1460 eadem
734 1423 928 1459 celeritate
959 1424 1083 1473 capit:
1116 1423 1205 1460 inde
1224 1425 1405 1461 Atracem

283 1501 396 1537 quum
419 1501 458 1524 se
478 1489 695 1538 recepisset,
718 1488 889 1537 Cyretias
921 1488 1010 1524 hinc
1038 1494 1075 1524 et
1095 1488 1260 1525 Eritium
1287 1502 1401 1525 occu-

282 1562 348 1604 pat
366 1569 373 1590 t
397 1555 656 1604 praesidiisque
672 1568 738 1604 per
755 1563 907 1606 recepta
926 1554 1066 1604 oppida
1082 1555 1288 1604 dispositis,
1310 1555 1402 1591 Phi-

280 1618 386 1668 lippo
407 1632 533 1655 rursus
555 1619 745 1655 obsidenti
774 1619 972 1655 „Malloeam
994 1632 1033 1654 se
1053 1617 1266 1668 conjungit.
1324 1619 1403 1656 Sub

281 1684 485 1720 adventum
507 1683 675 1719 Romani
702 1685 904 1727 exercitus,
927 1697 993 1720 seu
1022 1683 1069 1720 ad
1088 1690 1231 1720 metum
1250 1683 1401 1728 virium,

280 1760 344 1784 seu
372 1749 417 1784 ad
447 1761 550 1798 spem
578 1750 710 1792 veniae,
742 1762 856 1798 quum
884 1750 1114 1786 dedidissent
1146 1761 1253 1794 sese3
1285 1749 1333 1785 ad
1358 1761 1403 1785 ea

278 1813 493 1862 recipienda
523 1813 676 1863 oppida,
712 1826 794 1862 quae
833 1814 1070 1850 Athamanes
1105 1819 1398 1863 occupaverant,

278 1889 354 1912 uno
376 1879 527 1925 agmine
558 1878 695 1914 ierunt.
754 1877 877 1914 Erant
908 1886 1036 1914 autem
1063 1879 1157 1921 haec,
1182 1878 1398 1926 AEginium‚

276 1941 504 1983 Ericinium,
526 1941 711 1990 Gomphi,
735 1941 877 1984 Silana,
900 1942 1051 1984 Tricca,
1073 1941 1273 1985 Meliboea,
1294 1942 1396 1978 Pha-

273 2005 382 2042 loria.
440 2005 535 2042 Inde
569 2006 805 2049 Pellinaeum,
829 2007 893 2042 ubi
930 2006 1132 2057 Philippus
1165 2005 1395 2056 Megalopo-

272 2069 413 2106 litanus
435 2083 521 2106 cum
555 2071 774 2120 quingentis
803 2072 993 2122 peditibus
1025 2079 1062 2107 et
1091 2071 1280 2120 equitibus
1301 2084 1395 2122 qua-

272 2135 449 2183 draginta
468 2135 506 2170 in
527 2136 703 2185 praesidio
723 2143 817 2179 erat,
836 2142 873 2172 et
890 2136 1176 2180 circumsidunt,
1198 2142 1250 2180 et,
1270 2137 1394 2187 prius-

270 2212 384 2249 quam
402 2200 683 2250 obpugnarent,
715 2202 872 2238 mittunt
894 2202 940 2238 ad
961 2201 1195 2252 Philippum,
1224 2203 1288 2251 qui
1308 2215 1392 2238 mo-

269 2271 391 2307 neret,
422 2277 469 2301 ne
491 2266 566 2301 vim
594 2265 766 2302 ultimam
788 2268 948 2317 experiri
981 2266 1103 2303 vellet.
1162 2266 1310 2306 Quibus
1331 2267 1394 2305 ille

267 2329 359 2366 satis
380 2329 561 2367 ferociter
581 2332 792 2384 respondit,
814 2332 875 2370 vel
893 2332 1098 2377 Romanis,
1119 2332 1180 2370 vel
1201 2332 1392 2371 Thessalis

1499 409 1506 532 l

1502 531 1508 667 ρ

1511 870 1515 951 Ι

1514 956 1520 1084 h

1518 1207 1523 1362 i
