1523 2666
140 300 185 331 U.
197 300 232 331 C.
251 308 324 332 544.

138 344 178 375 A.
196 344 232 376 C.
250 352 324 376 208.

134 1054 235 1088 AEtoli

133 1110 225 1139 spem
243 1109 297 1140 pa-

133 1151 179 1172 cis
196 1150 262 1173 tur-

134 1186 224 1217 bant.

334 202 393 245 50
795 204 839 231 T.
866 204 996 234 121v11

335 292 454 335 venit,
476 297 516 328 ut
536 291 722 335 Attalum,
744 305 856 342 quem
881 292 998 329 classe
1017 292 1207 330 Euboeam
1235 294 1442 344 petiturum

336 356 520 399 audierat,
537 355 721 406 portubus
739 363 776 392 et
791 356 945 392 litorum
961 357 1118 407 adpulsu
1135 363 1290 395 arceret.
1334 357 1443 400 Inde,

333 420 510 472 praesidio
539 420 672 456 relicto
702 420 877 456 adversus
898 420 1085 463 Attalum,
1116 422 1147 456 si
1166 421 1265 457 forte
1294 421 1446 457 interim

332 482 558 534 trajecisset,
579 482 770 533 profectus
791 484 870 533 ipse
891 496 976 520 cum
995 484 1124 534 paucis
1145 485 1314 534 equitum
1333 484 1444 521 levis-

333 561 406 598 que
426 554 639 591 armaturae,
660 548 785 596 Argos
805 548 920 585 venit.
978 548 1039 584 Ibi
1061 550 1257 586 curatione
1284 549 1445 585 Heraeo-

331 625 416 649 rum
435 613 744 661 Nemeorumque
770 613 955 661 suffragiis
975 613 1106 663 populi
1126 614 1173 650 ad
1202 626 1288 650 eum
1307 613 1445 657 delata,

331 677 422 725 quia
440 689 480 712 se
498 676 756 712 Macedonum
775 689 880 725 reges
898 689 945 713 ex
964 690 1008 713 ea
1025 678 1176 713 civitate
1192 678 1370 714 oriundos
1386 691 1445 714 re-

330 740 473 784 ferunt,
504 739 652 776 Heraeis
682 741 857 790 peractis,
889 740 936 777 ab
967 741 1050 791 ipso
1078 740 1224 777 ludicro
1254 741 1447 792 extemplo

328 803 475 848 Rhium
494 805 687 855 profectus
708 811 779 848 est,
800 805 847 841 ad
867 805 1051 841 indictum
1071 805 1192 842 multo
1212 812 1300 842 ante
1320 807 1445 843 socio-

328 882 413 907 rum
442 870 658 907 concilium.
716 869 776 906 Ibi
805 870 851 906 de
870 869 1043 906 AEtolico
1062 871 1230 907 finiendo
1257 870 1359 907 bello
1383 884 1446 907 ac·-

328 939 425 978 tum,
455 947 504 971 ne
533 947 666 970 caussa
699 941 764 971 aut
791 933 994 978 Romanis,
1025 942 1091 972 aut
1109 935 1244 972 Attalo
1275 926 1446 972 intrandi

331 998 519 1035 Graeciam
539 1005 648 1035 esset.
708 998 781 1035 Sed
801 1012 845 1034 ea
870 1000 1012 1042 omnia,
1033 1000 1187 1036 vixdum
1210 999 1446 1035 induciarum

331 1068 503 1113 tempore
529 1064 774 1107 circumacto,
794 1063 919 1100 AEtoli
946 1064 1159 1107 turbavere,
1180 1069 1382 1114 postquam
1408 1070 1447 1100 et

332 1127 507 1164 Attalum
536 1127 718 1176 AEginam
757 1128 918 1171 venisse,
958 1133 995 1163 et
1031 1127 1249 1163 Romanam
1286 1126 1444 1164 classem

331 1199 433 1229 stare
451 1192 498 1229 ad
517 1192 762 1242 Naupactum
780 1192 965 1229 audivere.
1022 1192 1161 1228 Vocati
1176 1192 1278 1227 enim
1297 1192 1336 1227 in
1352 1205 1445 1228 con-

329 1256 460 1293 cilium
479 1256 723 1300 Achaeorum,
752 1256 791 1292 in
811 1268 886 1305 quo
913 1255 1051 1291 eaedem
1082 1255 1292 1303 legationes
1322 1261 1445 1299 erant,

327 1334 412 1370 quae
450 1321 497 1356 ad
535 1320 699 1356 Phalara
728 1326 884 1368 egerant
917 1319 962 1354 de
992 1332 1097 1368 pace,
1132 1319 1296 1368 primum
1324 1319 1448 1368 questi

328 1390 419 1421 sunt
437 1385 607 1434 quaedam
627 1397 743 1434 parva
769 1390 904 1419 contra
923 1383 1033 1419 fidem
1063 1383 1327 1420 conventionis
1348 1389 1446 1420 tem-

327 1463 422 1501 pore
459 1449 693 1486 induciarum
724 1448 847 1484 facta:
880 1454 1074 1497 postremo
1103 1454 1293 1496 negarunt
1322 1448 1447 1485 dirimi

328 1515 471 1552 bellum
488 1526 612 1564 posse,
629 1514 701 1549 nisi
717 1513 920 1549 Messeniis
937 1512 1066 1548 Achaei
1085 1512 1217 1561 Pylum
1235 1512 1448 1556 redderent,

331 1579 518 1617 Romanis
534 1579 797 1615 restitueretur
809 1577 1023 1620 Atintania,
1039 1577 1266 1614 Scerdilaedo
1284 1584 1319 1613 et
1334 1577 1447 1614 Pleu-

333 1652 418 1682 rato
437 1644 602 1693 Ardyaei.
659 1643 864 1679 Enimvero
886 1642 1083 1690 indignum
1107 1648 1211 1678 ratus
1232 1641 1447 1691 Philippus,

334 1711 455 1745 victos
476 1708 612 1744 victori
641 1707 712 1742 sibi
739 1706 839 1741 ultro
868 1706 1105 1742 conditiones
1126 1705 1247 1742 ferre:
1281 1718 1323 1742 ne
1342 1711 1452 1743 antea

333 1776 479 1822 quidem
497 1786 532 1809 se
551 1777 615 1809 aut
635 1773 678 1808 cle
699 1784 790 1820 pace
810 1773 963 1814 audisse,
984 1776 1049 1806 aut
1076 1772 1237 1807 inducias
1261 1773 1450 1819 pepigisse,

337 1839 447 1881 dixit,
467 1850 561 1886 spem
592 1838 703 1873 ullam
732 1837 915 1872 habentem
936 1837 1116 1884 quieturos
1135 1836 1304 1879 AEtolos3
1332 1837 1394 1872 sed
1413 1840 1454 1872 ut

338 1914 455 1939 omnes
471 1903 580 1938 socios
600 1905 701 1936 testes
721 1900 876 1941 haberet,
896 1912 931 1935 se
950 1901 1062 1948 pacis,
1083 1900 1165 1935 illos
1184 1899 1265 1935 belli
1290 1912 1452 1937 caussam

339 1968 510 2016 qucesisse.
567 1965 629 2002 Ita
657 1965 798 2001 infecta
827 1977 919 2014 pace
949 1963 1151 2000 concilium
1181 1963 1336 2005 dimisit,
1358 1976 1470 2012 qua-v

338 2039 427 2067 tuor
443 2029 607 2066 millibus
625 2035 855 2065 armatorum
873 2028 1011 2065 relictis
1026 2027 1071 2063 ad
1087 2027 1301 2078 praesidium
1314 2028 1451 2064 Achae-

340 2108 464 2138 orum,
496 2101 534 2130 et
553 2094 717 2143 quinque
746 2092 869 2141 longis
899 2092 1057 2128 navibus
1088 2092 1276 2141 acceptis:
1309 2105 1400 2141 quas
1422 2092 1453 2129 si

342 2161 543 2212 adjecisset
571 2161 693 2197 missae
723 2172 842 2209 nuper
868 2160 913 2195 ad
942 2171 980 2194 se
1010 2158 1119 2194 classi
1152 2156 1454 2204 Karthaginien-
1508 2183 1510 2194 2

342 2227 455 2269 sium,
477 2232 514 2262 et
534 2238 578 2261 ex
599 2225 783 2274 Bithynia
802 2224 848 2260 ab
869 2235 957 2271 rege
976 2223 1111 2259 Prusia
1125 2221 1364 2258 venientibus
1384 2234 1452 2257 na-
1506 2238 1510 2244 Δ

344 2290 468 2333 vibus,
495 2295 679 2326 statuerat
708 2287 832 2325 navali
862 2287 998 2339 proelio
1028 2286 1209 2322 lacessere
1238 2284 1453 2329 Romanos,

338 2355 423 2406 jam
442 2354 506 2391 diu
534 2354 573 2390 in
594 2367 637 2390 ea
666 2353 821 2402 regione
848 2356 1024 2403 potentes
1044 2350 1171 2388 maris.
1227 2348 1314 2400 Ipse
1340 2348 1386 2386 ab
1408 2361 1453 2386 ee
