1523 2666
328 215 405 248 122
779 219 825 249 Τ.
849 221 981 250 LIVII

128 305 171 336 U.
184 305 219 336 C.
239 312 312 338 546.
325 305 494 354 Ilergetes
513 311 547 342 et
568 307 755 351 Lacetani,
773 313 839 345 aut
857 311 1006 358 optastis
1021 310 1135 353 aliud,
1153 316 1218 347 aut
1234 317 1403 361 sperastis
1415 317 1437 350 ξ’

126 350 167 384 A'
182 350 218 381 C‘
237 356 311 382 ⁹⁰⁶⁰
323 371 375 407 Et
395 364 450 407 illi
470 376 588 409 tamen
607 374 846 410 Mandonium
865 380 972 422 atque
988 376 1193 419 Indibilem,
1209 379 1316 425 regiae
1332 379 1432 415 nobi-

320 437 436 472 litatis
460 438 566 480 ciros,
595 438 699 473 duces
713 437 858 486 furoris
881 442 991 475 secuti
1015 445 1123 476 sunt:
1151 453 1211 476 vos
1236 443 1433 490 auspicium

317 506 353 537 et
378 503 565 550 imperium
594 504 643 538 ad
668 502 839 539 Umbrum
856 504 1000 539 Atrium
1029 509 1063 540 et
1087 505 1260 541 Calenum
1285 507 1433 542 Albium

316 567 504 602 detulistis.
561 566 716 613 Negate,
744 578 804 602 vos
832 568 870 602 id
889 580 1007 603 omnes
1022 568 1169 616 fecisse,
1197 574 1262 606 aut
1279 569 1431 618 factum

313 631 478 672 voluisse,
498 631 628 665 milites
639 646 651 673 ,-
676 642 878 678 paucorum
897 643 974 666 eum
987 631 1157 679 furorem
1176 638 1284 681 atque
1307 645 1431 669 amen-

314 696 404 731 tiam
434 706 528 730 esse:
558 694 701 730 libenter
733 696 877 730 credam
908 697 1144 743 negantibus:
1170 710 1234 734 nec
1263 700 1356 734 enim
1388 710 1430 734 ea

309 765 395 795 sunt
419 761 618 802 commissa,
640 771 717 807 quae
741 761 890 808 vulgata
919 761 955 795 in
974 773 1113 797 omnem
1139 764 1331 798 exercitum
1354 764 1430 798 sine

304 825 463 873 piaculis
493 824 689 871 ingentibus
714 826 851 872 expiari
873 826 1019 873 possint.
1076 826 1216 861 Invitus
1245 838 1301 869 ea,
1333 831 1428 862 tam-

310 901 420 937 quam
438 889 601 931 vulnera,
623 889 797 936 adtingo:
824 889 885 924 sed
908 890 976 924 nisi
997 893 1095 925 tacta
1118 894 1344 938 tractataque
1367 903 1427 927 sa-

308 955 393 989 nari
418 965 489 989 non
514 958 675 1002 possunt.
722 954 913 1002 Equidem,
930 955 1044 1002 pulsis
1061 955 1243 1003 Hispania
1261 955 1427 991 Kartha-

307 1017 540 1066 giniensibus,
571 1019 713 1054 nullum
743 1018 858 1054 locuni
886 1022 962 1053 tota
986 1019 1188 1065 provincia,
1215 1020 1333 1055 nullos
1361 1020 1426 1056 ho-

308 1084 423 1119 mines
441 1083 623 1119 credebam
651 1095 731 1125 esse,
754 1083 814 1118 ubi
832 1085 907 1118 cita
934 1083 1048 1118 invisa
1066 1088 1152 1119 esset
1170 1095 1275 1120 mea:
1303 1085 1353 1120 sic
1369 1096 1427 1120 me

306 1159 379 1183 non
397 1148 511 1184 solum
531 1148 698 1184 adi-ersus
714 1149 824 1183 socios
839 1159 1029 1194 gesseram,
1048 1149 1110 1183 sed
1128 1150 1237 1184 etiam
1257 1150 1427 1186 adversus

308 1212 434 1249 hostes.
486 1213 530 1248 In
557 1214 681 1249 castris
707 1225 750 1248 en
776 1214 861 1248 meis
883 1214 1074 1261 (quantum
1100 1225 1155 1248 me
1173 1215 1293 1261 opinio
1307 1214 1426 1263 fefel-

307 1277 352 1314 lit
364 1276 402 1322 9)
423 1276 536 1325 fama
559 1279 684 1313 mortis
709 1290 793 1314 ineoe
819 1290 888 1313 non
910 1282 1056 1325 accepta
1083 1279 1210 1320 solum,
1229 1279 1292 1314 sed
1317 1281 1426 1316 etiam

308 1347 514 1391 exspectata
533 1347 594 1379 est.
643 1342 725 1377 Non
746 1343 840 1390 quod
859 1354 920 1389 ego
940 1343 1083 1389 vulgari
1097 1341 1250 1391 facinus
1265 1355 1332 1391 per
1350 1356 1426 1379 onz-

306 1418 369 1443 nes
387 1408 504 1450 velim,
529 1408 708 1456 (equidem
733 1409 764 1443 si
784 1411 897 1443 totum
923 1409 1111 1443 exercitam
1136 1419 1252 1443 ¹meum
1276 1413 1427 1444 mortem

307 1473 399 1508 milii
427 1478 566 1521 optasse
595 1474 786 1515 crederem,
809 1473 866 1508 liic
892 1474 1015 1508 statim
1046 1477 1129 1507 ante
1149 1473 1268 1507 oculos
1294 1477 1426 1508 vestros

306 1550 465 1573 morerer
478 1555 489 1581 ,·
518 1550 581 1573 nec
600 1549 654 1573 ine
672 1539 748 1573 <cita
763 1536 926 1583 juraret,
950 1538 1061 1572 ini-isa
1087 1537 1217 1572 cii-ibus
1235 1541 1270 1572 et
1295 1538 1424 1572 militi-

308 1602 369 1638 bus
387 1603 489 1644 meis)
511 1604 572 1638 sed
594 1603 783 1637 multitudo
803 1604 926 1644 omnis,
947 1603 1039 1637 sicut
1064 1606 1198 1637 natura
1216 1603 1339 1643 maris,
1357 1613 1425 1649 per

305 1680 342 1703 sc
358 1669 538 1704 inmobilis
557 1673 619 1710 est,
641 1669 737 1703 venti
756 1673 789 1702 et
815 1679 912 1703 αισα)
931 1668 1047 1710 cient,·
1077 1669 1131 1702 ita
1150 1671 1215 1702 aut
1244 1667 1421 1714 tranquil-

309 1734 396 1775 luni,
419 1738 482 1768 aut
501 1733 669 1780 procellie
688 1733 723 1767 in
750 1731 842 1767 robis
859 1736 967 1767 sunt:
996 1736 1031 1767 et
1051 1743 1174 1766 caussa
1200 1735 1307 1778 atque
1325 1732 1424 1778 origo

306 1800 419 1834 omnis
428 1798 572 1846 furoris
588 1809 696 1845 penes
722 1801 884 1832 auctores
909 1800 958 1831 est
971 1813 983 1839 ,-
1013 1807 1072 1831 vos
1098 1797 1307 1842 contagione
1325 1797 1421 1830 insa-

303 1864 416 1898 nistis.
476 1862 547 1902 Qui
567 1861 655 1896 milii
681 1873 723 1896 ne
745 1860 848 1896 hodie
868 1861 1009 1907 quidem
1034 1861 1124 1895 scire
1150 1860 1332 1901 videmini,
1354 1871 1423 1907 quo

305 1928 471 1963 amentia?
485 1927 666 1974 progressi
689 1927 789 1968 sitis,-
820 1926 906 1973 quid
921 1924 1103 1973 facinoris
1129 1925 1165 1959 in
1184 1936 1251 1965 me,
1275 1925 1360 1971 quid
1387 1925 1422 1958 in

301 1994 464 2040 patriam
488 1996 724 2039 parentesque
750 2003 792 2025 ac
815 1990 941 2025 liberos
971 1994 1112 2031 cestros,
1134 1990 1218 2036 quid
1243 1990 1280 2023 in
1307 1988 1420 2030 Deos,

304 2058 522 2092 sacramenti
551 2061 664 2098 testes,
695 2056 780 2103 quid
809 2056 976 2090 adi-ersus
1005 2055 1180 2102 auspicia,
1209 2053 1271 2089 sub
1300 2053 1424 2101 quibus

305 2122 489 2164 militatis,
511 2122 597 2168 quid
617 2121 784 2156 adi-ersus
807 2132 939 2156 morem
966 2120 1106 2155 militia?
1125 2120 1423 2166 disciplinamque

305 2184 498 2230 majorum,
516 2186 603 2233 quid
622 2186 788 2220 adi-ersus
806 2185 935 2219 summi
950 2185 1091 2231 imperii
1108 2182 1328 2228 majestatem
1344 2183 1421 2217 ausi

304 2251 394 2285 sitis,
448 2250 511 2285 De
532 2261 585 2284 ine
610 2251 686 2297 ipso
707 2253 831 2284 taceo:
862 2253 991 2283 temere
1013 2249 1147 2295 potius,
1170 2258 1276 2294 quam
1303 2247 1420 2286 avide,

306 2315 529 2349 credideritis
543 2330 555 2349 .·
586 2315 736 2362 denique
755 2326 818 2361 ego
836 2315 916 2356 sim,
939 2312 1036 2358 cujus
1054 2314 1196 2360 imperii
1216 2312 1341 2347 taeilere
1360 2322 1419 2345 ev-

305 2380 455 2414 ercitum
484 2380 632 2415 minime
660 2379 863 2415 mirandum
890 2380 963 2415 sit:
990 2379 1114 2426 patria
1144 2376 1230 2425 quid
1259 2376 1302 2411 de
1329 2374 1423 2411 vobis
