<?xml version="1.0" encoding="UTF-8"?>
<!DOCTYPE html PUBLIC "-//W3C//DTD XHTML 1.0 Transitional//EN"
    "http://www.w3.org/TR/xhtml1/DTD/xhtml1-transitional.dtd">
<html xmlns="http://www.w3.org/1999/xhtml" xml:lang="en" lang="en">
 <head>
  <title>
</title>
<meta http-equiv="Content-Type" content="text/html;charset=utf-8" />
  <meta name='ocr-system' content='tesseract 3.04.00' />
  <meta name='ocr-capabilities' content='ocr_page ocr_carea ocr_par ocr_line ocrx_word'/>
</head>
<body>
  <div class='ocr_page' id='page_1' title='image "./historiarumquaes03livyuoft/historiarumquaes03livyuoft_0439.png"; bbox 0 0 1507 2656; ppageno 0'>
   <div class='ocr_carea' id='block_1_1' title="bbox 0 0 34 1994">
    <p class='ocr_par' dir='ltr' id='par_1_1' title="bbox 0 0 34 1994">
     <span class='ocr_line' id='line_1_1' title="bbox 0 0 34 1994; baseline 0 0"><span class='ocrx_word' id='word_1_1' title='bbox 0 0 34 1994; x_wconf 95' lang='lat' dir='ltr'><strong> </strong></span> 
     </span>
    </p>
   </div>
   <div class='ocr_carea' id='block_1_2' title="bbox 257 178 1158 225">
    <p class='ocr_par' dir='ltr' id='par_1_2' title="bbox 257 178 1158 225">
     <span class='ocr_line' id='line_1_2' title="bbox 257 178 1158 225; baseline -0.008 -12"><span class='ocrx_word' id='word_1_2' title='bbox 257 184 414 213; x_wconf 80' lang='lat' dir='ltr'>‘LIBER</span> <span class='ocrx_word' id='word_1_3' title='bbox 438 180 628 210; x_wconf 81' lang='lat' dir='ltr'>XXXIII·</span> <span class='ocrx_word' id='word_1_4' title='bbox 661 178 768 209; x_wconf 82' lang='lat' dir='ltr'><strong>CAP.</strong></span> <span class='ocrx_word' id='word_1_5' title='bbox 792 179 954 208; x_wconf 85' lang='lat' dir='ltr'>XLVII.</span> <span class='ocrx_word' id='word_1_6' title='bbox 1072 182 1158 225; x_wconf 77' lang='lat'><strong>429</strong></span> 
     </span>
    </p>
   </div>
   <div class='ocr_carea' id='block_1_3' title="bbox 4 270 1383 2306">
    <p class='ocr_par' dir='ltr' id='par_1_3' title="bbox 12 270 1379 899">
     <span class='ocr_line' id='line_1_3' title="bbox 50 270 1351 323; baseline -0.004 -12"><span class='ocrx_word' id='word_1_7' title='bbox 50 285 106 311; x_wconf 81' lang='lat' dir='ltr'><strong>ees</strong></span> <span class='ocrx_word' id='word_1_8' title='bbox 127 275 336 323; x_wconf 79' lang='lat' dir='ltr'><strong>legerentur,</strong></span> <span class='ocrx_word' id='word_1_9' title='bbox 356 286 400 310; x_wconf 82' lang='lat' dir='ltr'><strong>ne</strong></span> <span class='ocrx_word' id='word_1_10' title='bbox 419 275 494 322; x_wconf 82' lang='lat' dir='ltr'><strong>quis</strong></span> <span class='ocrx_word' id='word_1_11' title='bbox 512 273 689 308; x_wconf 76' lang='lat' dir='ltr'><em>biennium</em></span> <span class='ocrx_word' id='word_1_12' title='bbox 708 273 911 307; x_wconf 69' lang='lat' dir='ltr'><strong>continuum</strong></span> <span class='ocrx_word' id='word_1_13' title='bbox 926 270 1042 317; x_wconf 67' lang='lat' dir='ltr'><strong>judex</strong></span> <span class='ocrx_word' id='word_1_14' title='bbox 1060 276 1157 308; x_wconf 79' lang='lat' dir='ltr'><strong>esset.</strong></span> <span class='ocrx_word' id='word_1_15' title='bbox 1170 277 1211 307; x_wconf 92' lang='lat' dir='ltr'><strong>U.</strong></span> <span class='ocrx_word' id='word_1_16' title='bbox 1227 277 1262 307; x_wconf 90' lang='lat' dir='ltr'><strong>C.</strong></span> <span class='ocrx_word' id='word_1_17' title='bbox 1278 283 1351 311; x_wconf 79' lang='lat'><strong>557,</strong></span> 
     </span>
     <span class='ocr_line' id='line_1_4' title="bbox 54 320 1352 387; baseline -0.002 -13"><span class='ocrx_word' id='word_1_18' title='bbox 54 338 229 374; x_wconf 82' lang='lat' dir='ltr'><strong>Ceterum</strong></span> <span class='ocrx_word' id='word_1_19' title='bbox 251 344 428 387; x_wconf 86' lang='lat' dir='ltr'><strong>quantam</strong></span> <span class='ocrx_word' id='word_1_20' title='bbox 458 348 504 371; x_wconf 90' lang='lat' dir='ltr'><strong>eo</strong></span> <span class='ocrx_word' id='word_1_21' title='bbox 531 335 635 371; x_wconf 87' lang='lat' dir='ltr'><strong>facto</strong></span> <span class='ocrx_word' id='word_1_22' title='bbox 665 334 712 370; x_wconf 88' lang='lat' dir='ltr'><strong>ad</strong></span> <span class='ocrx_word' id='word_1_23' title='bbox 740 333 888 384; x_wconf 83' lang='lat' dir='ltr'><strong>plebem</strong></span> <span class='ocrx_word' id='word_1_24' title='bbox 915 335 1051 371; x_wconf 86' lang='lat' dir='ltr'><strong>inierat</strong></span> <span class='ocrx_word' id='word_1_25' title='bbox 1071 348 1157 383; x_wconf 86' lang='lat' dir='ltr'><strong>gra-</strong></span> <span class='ocrx_word' id='word_1_26' title='bbox 1171 320 1261 351; x_wconf 84' lang='lat' dir='ltr'><strong>A.C.</strong></span> <span class='ocrx_word' id='word_1_27' title='bbox 1280 327 1352 352; x_wconf 71' lang='lat'><strong>¹⁹⁵⁰</strong></span> 
     </span>
     <span class='ocr_line' id='line_1_5' title="bbox 54 397 1160 449; baseline -0.002 -12"><span class='ocrx_word' id='word_1_28' title='bbox 54 402 159 443; x_wconf 88' lang='lat' dir='ltr'><strong>tiam,</strong></span> <span class='ocrx_word' id='word_1_29' title='bbox 188 408 333 437; x_wconf 86' lang='lat' dir='ltr'><strong>tantum</strong></span> <span class='ocrx_word' id='word_1_30' title='bbox 365 412 510 448; x_wconf 85' lang='lat' dir='ltr'><strong>magnae</strong></span> <span class='ocrx_word' id='word_1_31' title='bbox 540 399 657 449; x_wconf 87' lang='lat' dir='ltr'><strong>partis</strong></span> <span class='ocrx_word' id='word_1_32' title='bbox 687 398 899 448; x_wconf 84' lang='lat' dir='ltr'>principum</span> <span class='ocrx_word' id='word_1_33' title='bbox 930 397 1160 435; x_wconf 87' lang='lat' dir='ltr'><strong>obfendebat</strong></span> 
     </span>
     <span class='ocr_line' id='line_1_6' title="bbox 54 461 1158 515; baseline -0.004 -13"><span class='ocrx_word' id='word_1_34' title='bbox 54 466 212 502; x_wconf 89' lang='lat' dir='ltr'><strong>animos.</strong></span> <span class='ocrx_word' id='word_1_35' title='bbox 267 464 419 515; x_wconf 89' lang='lat' dir='ltr'><strong>Adjecit</strong></span> <span class='ocrx_word' id='word_1_36' title='bbox 449 463 562 506; x_wconf 89' lang='lat' dir='ltr'><strong>aliud,</strong></span> <span class='ocrx_word' id='word_1_37' title='bbox 594 463 709 512; x_wconf 92' lang='lat' dir='ltr'><strong>quod,</strong></span> <span class='ocrx_word' id='word_1_38' title='bbox 743 462 846 498; x_wconf 91' lang='lat' dir='ltr'><strong>bono</strong></span> <span class='ocrx_word' id='word_1_39' title='bbox 883 461 1051 513; x_wconf 90' lang='lat' dir='ltr'><strong>publico,</strong></span> <span class='ocrx_word' id='word_1_40' title='bbox 1085 462 1158 499; x_wconf 88' lang='lat' dir='ltr'><strong>sibi</strong></span> 
     </span>
     <span class='ocr_line' id='line_1_7' title="bbox 13 527 1379 580; baseline -0.006 -14"><span class='ocrx_word' id='word_1_41' title='bbox 13 569 14 579; x_wconf 14' lang='grc' dir='ltr'>ἵ</span> <span class='ocrx_word' id='word_1_42' title='bbox 51 531 221 580; x_wconf 86' lang='lat' dir='ltr'><strong>proprias</strong></span> <span class='ocrx_word' id='word_1_43' title='bbox 239 529 446 566; x_wconf 77' lang='lat' dir='ltr'>simultates</span> <span class='ocrx_word' id='word_1_44' title='bbox 467 529 641 565; x_wconf 82' lang='lat' dir='ltr'><strong>irritavit.</strong></span> <span class='ocrx_word' id='word_1_45' title='bbox 670 527 882 576; x_wconf 86' lang='lat' dir='ltr'><strong>Vectigalia</strong></span> <span class='ocrx_word' id='word_1_46' title='bbox 901 527 1052 578; x_wconf 88' lang='lat' dir='ltr'><strong>publica</strong></span> <span class='ocrx_word' id='word_1_47' title='bbox 1071 540 1158 578; x_wconf 87' lang='lat' dir='ltr'><strong>par·</strong></span> <span class='ocrx_word' id='word_1_48' title='bbox 1172 529 1287 578; x_wconf 76' lang='lat' dir='ltr'><strong>AErarii</strong></span> <span class='ocrx_word' id='word_1_49' title='bbox 1308 528 1379 558; x_wconf 81' lang='lat' dir='ltr'><strong>ino-</strong></span> 
     </span>
     <span class='ocr_line' id='line_1_8' title="bbox 51 571 1368 647; baseline -0.001 -19.029"><span class='ocrx_word' id='word_1_50' title='bbox 51 593 120 628; x_wconf 89' lang='lat' dir='ltr'><strong>tim</strong></span> <span class='ocrx_word' id='word_1_51' title='bbox 149 593 381 643; x_wconf 82' lang='lat' dir='ltr'><strong>negligentia</strong></span> <span class='ocrx_word' id='word_1_52' title='bbox 408 592 697 638; x_wconf 78' lang='lat' dir='ltr'><strong>dilabebantur5</strong></span> <span class='ocrx_word' id='word_1_53' title='bbox 730 592 867 642; x_wconf 79' lang='lat' dir='ltr'><strong>partim</strong></span> <span class='ocrx_word' id='word_1_54' title='bbox 887 592 1020 641; x_wconf 83' lang='lat' dir='ltr'><strong>praedae</strong></span> <span class='ocrx_word' id='word_1_55' title='bbox 1041 605 1085 628; x_wconf 87' lang='lat' dir='ltr'><strong>ac</strong></span> <span class='ocrx_word' id='word_1_56' title='bbox 1103 592 1158 628; x_wconf 88' lang='lat' dir='ltr'><strong>di·</strong></span> <span class='ocrx_word' id='word_1_57' title='bbox 1171 571 1368 647; x_wconf 44' lang='lat'><strong>{3³35-</strong></span> 
     </span>
     <span class='ocr_line' id='line_1_9' title="bbox 50 655 1237 708; baseline 0 -17"><span class='ocrx_word' id='word_1_58' title='bbox 50 656 146 692; x_wconf 84' lang='lat' dir='ltr'><strong>visui</strong></span> <span class='ocrx_word' id='word_1_59' title='bbox 167 658 379 708; x_wconf 85' lang='lat' dir='ltr'><strong>principum</strong></span> <span class='ocrx_word' id='word_1_60' title='bbox 402 657 625 706; x_wconf 88' lang='lat' dir='ltr'><strong>quibusdam</strong></span> <span class='ocrx_word' id='word_1_61' title='bbox 646 662 684 692; x_wconf 90' lang='lat' dir='ltr'><strong>et</strong></span> <span class='ocrx_word' id='word_1_62' title='bbox 711 655 995 704; x_wconf 85' lang='lat' dir='ltr'><strong>magistratibus</strong></span> <span class='ocrx_word' id='word_1_63' title='bbox 1026 662 1132 692; x_wconf 88' lang='lat' dir='ltr'><strong>erant</strong></span> <span class='ocrx_word' id='word_1_64' title='bbox 1149 670 1157 692; x_wconf 91' lang='lat'>:</span> <span class='ocrx_word' id='word_1_65' title='bbox 1172 659 1237 691; x_wconf 78' lang='lat' dir='ltr'><strong>bal.</strong></span> 
     </span>
     <span class='ocr_line' id='line_1_10' title="bbox 53 718 1162 772; baseline 0 -16"><span class='ocrx_word' id='word_1_66' title='bbox 53 721 145 769; x_wconf 91' lang='lat' dir='ltr'><strong>quin</strong></span> <span class='ocrx_word' id='word_1_67' title='bbox 174 727 212 756; x_wconf 86' lang='lat' dir='ltr'><strong>et</strong></span> <span class='ocrx_word' id='word_1_68' title='bbox 239 722 413 772; x_wconf 87' lang='lat' dir='ltr'><strong>pecunia,</strong></span> <span class='ocrx_word' id='word_1_69' title='bbox 438 734 521 771; x_wconf 90' lang='lat' dir='ltr'><strong>quae</strong></span> <span class='ocrx_word' id='word_1_70' title='bbox 550 722 587 756; x_wconf 85' lang='lat' dir='ltr'><strong>in</strong></span> <span class='ocrx_word' id='word_1_71' title='bbox 619 720 845 770; x_wconf 82' lang='lat' dir='ltr'><strong>stipendium</strong></span> <span class='ocrx_word' id='word_1_72' title='bbox 875 718 1062 756; x_wconf 85' lang='lat' dir='ltr'><strong>Romanis</strong></span> <span class='ocrx_word' id='word_1_73' title='bbox 1092 732 1162 756; x_wconf 89' lang='lat' dir='ltr'><strong>suo</strong></span> 
     </span>
     <span class='ocr_line' id='line_1_11' title="bbox 54 783 1164 836; baseline 0.001 -16"><span class='ocrx_word' id='word_1_74' title='bbox 54 797 204 834; x_wconf 89' lang='lat' dir='ltr'><strong>quoque</strong></span> <span class='ocrx_word' id='word_1_75' title='bbox 223 798 324 822; x_wconf 88' lang='lat' dir='ltr'><strong>anno</strong></span> <span class='ocrx_word' id='word_1_76' title='bbox 344 786 583 836; x_wconf 80' lang='lat' dir='ltr'><strong>penderetur,</strong></span> <span class='ocrx_word' id='word_1_77' title='bbox 603 784 745 828; x_wconf 88' lang='lat' dir='ltr'><strong>deerat,</strong></span> <span class='ocrx_word' id='word_1_78' title='bbox 765 783 1025 833; x_wconf 85' lang='lat' dir='ltr'><strong>tributumque</strong></span> <span class='ocrx_word' id='word_1_79' title='bbox 1051 797 1164 834; x_wconf 84' lang='lat' dir='ltr'><strong>grave</strong></span> 
     </span>
     <span class='ocr_line' id='line_1_12' title="bbox 15 849 639 899; baseline 0.002 -15"><span class='ocrx_word' id='word_1_80' title='bbox 15 893 16 896; x_wconf 11' lang='grc' dir='ltr'><strong>Ἴ</strong></span> <span class='ocrx_word' id='word_1_81' title='bbox 54 849 209 899; x_wconf 86' lang='lat' dir='ltr'><strong>privatis</strong></span> <span class='ocrx_word' id='word_1_82' title='bbox 229 851 413 886; x_wconf 87' lang='lat' dir='ltr'><strong>inminere</strong></span> <span class='ocrx_word' id='word_1_83' title='bbox 432 850 639 886; x_wconf 82' lang='lat' dir='ltr'><strong>videbatur.</strong></span> 
     </span>
    </p>

    <p class='ocr_par' dir='ltr' id='par_1_4' title="bbox 4 913 1166 1595">
     <span class='ocr_line' id='line_1_13' title="bbox 106 913 1164 964; baseline 0.002 -15"><span class='ocrx_word' id='word_1_84' title='bbox 106 913 275 950; x_wconf 83' lang='lat' dir='ltr'>XLVII.</span> <span class='ocrx_word' id='word_1_85' title='bbox 305 914 503 950; x_wconf 84' lang='lat' dir='ltr'><strong>Hannibal</strong></span> <span class='ocrx_word' id='word_1_86' title='bbox 534 919 749 964; x_wconf 84' lang='lat' dir='ltr'><strong>postquam,</strong></span> <span class='ocrx_word' id='word_1_87' title='bbox 786 914 987 963; x_wconf 86' lang='lat' dir='ltr'><strong>vectigalia</strong></span> <span class='ocrx_word' id='word_1_88' title='bbox 1021 920 1164 963; x_wconf 89' lang='lat' dir='ltr'><strong>quanta</strong></span> 
     </span>
     <span class='ocr_line' id='line_1_14' title="bbox 52 977 1165 1027; baseline 0.004 -17"><span class='ocrx_word' id='word_1_89' title='bbox 52 977 245 1012; x_wconf 81' lang='lat' dir='ltr'><strong>terrestria</strong></span> <span class='ocrx_word' id='word_1_90' title='bbox 270 978 533 1026; x_wconf 83' lang='lat' dir='ltr'><strong>maritimaque</strong></span> <span class='ocrx_word' id='word_1_91' title='bbox 562 984 700 1020; x_wconf 84' lang='lat' dir='ltr'><strong>essent,</strong></span> <span class='ocrx_word' id='word_1_92' title='bbox 723 983 761 1014; x_wconf 91' lang='lat' dir='ltr'><strong>et</strong></span> <span class='ocrx_word' id='word_1_93' title='bbox 779 978 817 1013; x_wconf 90' lang='lat' dir='ltr'><strong>in</strong></span> <span class='ocrx_word' id='word_1_94' title='bbox 839 990 929 1026; x_wconf 90' lang='lat' dir='ltr'><strong>quas</strong></span> <span class='ocrx_word' id='word_1_95' title='bbox 951 990 1008 1014; x_wconf 90' lang='lat' dir='ltr'><strong>res</strong></span> <span class='ocrx_word' id='word_1_96' title='bbox 1030 991 1165 1027; x_wconf 89' lang='lat' dir='ltr'><strong>eroga-</strong></span> 
     </span>
     <span class='ocr_line' id='line_1_15' title="bbox 52 1040 1165 1089; baseline 0.002 -14"><span class='ocrx_word' id='word_1_97' title='bbox 52 1045 196 1083; x_wconf 70' lang='lat' dir='ltr'><strong>rentur,</strong></span> <span class='ocrx_word' id='word_1_98' title='bbox 226 1041 505 1083; x_wconf 84' lang='lat' dir='ltr'><strong>animadvertit,</strong></span> <span class='ocrx_word' id='word_1_99' title='bbox 536 1047 574 1076; x_wconf 90' lang='lat' dir='ltr'><strong>et</strong></span> <span class='ocrx_word' id='word_1_100' title='bbox 603 1040 691 1089; x_wconf 90' lang='lat' dir='ltr'><strong>quid</strong></span> <span class='ocrx_word' id='word_1_101' title='bbox 722 1053 851 1076; x_wconf 89' lang='lat' dir='ltr'><strong>eorum</strong></span> <span class='ocrx_word' id='word_1_102' title='bbox 881 1041 1061 1077; x_wconf 90' lang='lat' dir='ltr'><strong>ordinarii</strong></span> <span class='ocrx_word' id='word_1_103' title='bbox 1090 1042 1165 1077; x_wconf 88' lang='lat' dir='ltr'><strong>rei-</strong></span> 
     </span>
     <span class='ocr_line' id='line_1_16' title="bbox 53 1102 1164 1154; baseline 0.003 -17"><span class='ocrx_word' id='word_1_104' title='bbox 53 1102 213 1153; x_wconf 81' lang='lat' dir='ltr'><strong>publicae</strong></span> <span class='ocrx_word' id='word_1_105' title='bbox 235 1116 320 1140; x_wconf 88' lang='lat' dir='ltr'><strong>usus</strong></span> <span class='ocrx_word' id='word_1_106' title='bbox 342 1110 620 1147; x_wconf 84' lang='lat' dir='ltr'><strong>consumerent,</strong></span> <span class='ocrx_word' id='word_1_107' title='bbox 639 1110 821 1153; x_wconf 85' lang='lat' dir='ltr'><strong>quantum</strong></span> <span class='ocrx_word' id='word_1_108' title='bbox 842 1104 1036 1154; x_wconf 83' lang='lat' dir='ltr'><strong>peculatus</strong></span> <span class='ocrx_word' id='word_1_109' title='bbox 1058 1117 1164 1141; x_wconf 87' lang='lat' dir='ltr'><strong>aver-</strong></span> 
     </span>
     <span class='ocr_line' id='line_1_17' title="bbox 53 1168 1165 1218; baseline 0.004 -16"><span class='ocrx_word' id='word_1_110' title='bbox 53 1172 178 1214; x_wconf 82' lang='lat' dir='ltr'><strong>teret3</strong></span> <span class='ocrx_word' id='word_1_111' title='bbox 214 1168 393 1204; x_wconf 86' lang='lat' dir='ltr'><strong>omnibus</strong></span> <span class='ocrx_word' id='word_1_112' title='bbox 427 1169 583 1205; x_wconf 79' lang='lat' dir='ltr'><strong>residuis</strong></span> <span class='ocrx_word' id='word_1_113' title='bbox 619 1168 789 1218; x_wconf 85' lang='lat' dir='ltr'><strong>pecuniis</strong></span> <span class='ocrx_word' id='word_1_114' title='bbox 827 1168 984 1211; x_wconf 84' lang='lat' dir='ltr'><strong>exactis,</strong></span> <span class='ocrx_word' id='word_1_115' title='bbox 1019 1169 1165 1206; x_wconf 85' lang='lat' dir='ltr'><strong>tributo</strong></span> 
     </span>
     <span class='ocr_line' id='line_1_18' title="bbox 54 1233 1166 1284; baseline 0.001 -15"><span class='ocrx_word' id='word_1_116' title='bbox 54 1233 210 1283; x_wconf 87' lang='lat' dir='ltr'><strong>privatis</strong></span> <span class='ocrx_word' id='word_1_117' title='bbox 231 1235 402 1278; x_wconf 89' lang='lat' dir='ltr'><strong>remisso,</strong></span> <span class='ocrx_word' id='word_1_118' title='bbox 424 1235 514 1270; x_wconf 90' lang='lat' dir='ltr'><strong>satis</strong></span> <span class='ocrx_word' id='word_1_119' title='bbox 535 1234 762 1284; x_wconf 88' lang='lat' dir='ltr'><strong>locupletem</strong></span> <span class='ocrx_word' id='word_1_120' title='bbox 782 1233 1053 1283; x_wconf 86' lang='lat' dir='ltr'><strong>rempublicam</strong></span> <span class='ocrx_word' id='word_1_121' title='bbox 1083 1234 1166 1270; x_wconf 81' lang='lat' dir='ltr'><strong>fore</strong></span> 
     </span>
     <span class='ocr_line' id='line_1_19' title="bbox 56 1297 1166 1348; baseline 0 -15"><span class='ocrx_word' id='word_1_122' title='bbox 56 1297 103 1333; x_wconf 90' lang='lat' dir='ltr'><strong>ad</strong></span> <span class='ocrx_word' id='word_1_123' title='bbox 127 1297 288 1346; x_wconf 85' lang='lat' dir='ltr'><strong>vectigal</strong></span> <span class='ocrx_word' id='word_1_124' title='bbox 316 1298 571 1347; x_wconf 85' lang='lat' dir='ltr'><strong>praestandum</strong></span> <span class='ocrx_word' id='word_1_125' title='bbox 599 1297 800 1341; x_wconf 84' lang='lat' dir='ltr'><strong>Romanis,</strong></span> <span class='ocrx_word' id='word_1_126' title='bbox 831 1298 1098 1348; x_wconf 83' lang='lat' dir='ltr'><strong>pronunciavit</strong></span> <span class='ocrx_word' id='word_1_127' title='bbox 1126 1299 1166 1334; x_wconf 87' lang='lat' dir='ltr'><strong>in</strong></span> 
     </span>
     <span class='ocr_line' id='line_1_20' title="bbox 4 1356 1164 1413; baseline -0.001 -15"><span class='ocrx_word' id='word_1_128' title='bbox 4 1356 21 1380; x_wconf 46' lang='lat'><strong>&#39;¹</strong></span> <span class='ocrx_word' id='word_1_129' title='bbox 57 1362 256 1406; x_wconf 88' lang='lat' dir='ltr'><strong>concione,</strong></span> <span class='ocrx_word' id='word_1_130' title='bbox 278 1369 315 1398; x_wconf 89' lang='lat' dir='ltr'><strong>et</strong></span> <span class='ocrx_word' id='word_1_131' title='bbox 344 1363 521 1413; x_wconf 84' lang='lat' dir='ltr'><strong>praestitit</strong></span> <span class='ocrx_word' id='word_1_132' title='bbox 550 1363 790 1412; x_wconf 87' lang='lat' dir='ltr'><strong>promissum.</strong></span> <span class='ocrx_word' id='word_1_133' title='bbox 847 1362 947 1398; x_wconf 89' lang='lat' dir='ltr'><strong>Tum</strong></span> <span class='ocrx_word' id='word_1_134' title='bbox 968 1374 1057 1398; x_wconf 89' lang='lat' dir='ltr'><strong>vero</strong></span> <span class='ocrx_word' id='word_1_135' title='bbox 1085 1362 1164 1405; x_wconf 88' lang='lat' dir='ltr'><strong>isti,</strong></span> 
     </span>
     <span class='ocr_line' id='line_1_21' title="bbox 56 1425 1165 1476; baseline 0 -16"><span class='ocrx_word' id='word_1_136' title='bbox 56 1437 149 1473; x_wconf 90' lang='lat' dir='ltr'><strong>quos</strong></span> <span class='ocrx_word' id='word_1_137' title='bbox 170 1432 323 1476; x_wconf 84' lang='lat' dir='ltr'><strong>paverat</strong></span> <span class='ocrx_word' id='word_1_138' title='bbox 343 1439 409 1476; x_wconf 86' lang='lat' dir='ltr'><strong>per</strong></span> <span class='ocrx_word' id='word_1_139' title='bbox 428 1426 573 1475; x_wconf 86' lang='lat' dir='ltr'><strong>aliquot</strong></span> <span class='ocrx_word' id='word_1_140' title='bbox 603 1438 721 1462; x_wconf 86' lang='lat' dir='ltr'><strong>annos</strong></span> <span class='ocrx_word' id='word_1_141' title='bbox 751 1425 923 1475; x_wconf 89' lang='lat' dir='ltr'><strong>publicus</strong></span> <span class='ocrx_word' id='word_1_142' title='bbox 954 1425 1165 1474; x_wconf 87' lang='lat' dir='ltr'><strong>peculatus,</strong></span> 
     </span>
     <span class='ocr_line' id='line_1_22' title="bbox 21 1488 1166 1540; baseline 0.001 -17"><span class='ocrx_word' id='word_1_143' title='bbox 21 1502 22 1505; x_wconf 48' lang='lat'>¹</span> <span class='ocrx_word' id='word_1_144' title='bbox 53 1488 157 1525; x_wconf 87' lang='lat' dir='ltr'><strong>velut</strong></span> <span class='ocrx_word' id='word_1_145' title='bbox 185 1489 296 1525; x_wconf 89' lang='lat' dir='ltr'><strong>bonis</strong></span> <span class='ocrx_word' id='word_1_146' title='bbox 323 1490 475 1540; x_wconf 82' lang='lat' dir='ltr'><strong>ereptiS,</strong></span> <span class='ocrx_word' id='word_1_147' title='bbox 496 1502 575 1525; x_wconf 90' lang='lat' dir='ltr'><strong>non</strong></span> <span class='ocrx_word' id='word_1_148' title='bbox 602 1489 706 1525; x_wconf 84' lang='lat' dir='ltr'><strong>furto</strong></span> <span class='ocrx_word' id='word_1_149' title='bbox 736 1501 867 1525; x_wconf 87' lang='lat' dir='ltr'><strong>eorum</strong></span> <span class='ocrx_word' id='word_1_150' title='bbox 895 1488 1070 1524; x_wconf 87' lang='lat' dir='ltr'><strong>manibus</strong></span> <span class='ocrx_word' id='word_1_151' title='bbox 1100 1501 1166 1525; x_wconf 86' lang='lat' dir='ltr'><strong>ex-</strong></span> 
     </span>
     <span class='ocr_line' id='line_1_23' title="bbox 55 1552 1166 1595; baseline 0.001 -8"><span class='ocrx_word' id='word_1_152' title='bbox 55 1557 174 1595; x_wconf 90' lang='lat' dir='ltr'><strong>torto,</strong></span> <span class='ocrx_word' id='word_1_153' title='bbox 195 1552 333 1589; x_wconf 83' lang='lat' dir='ltr'><strong>infensi</strong></span> <span class='ocrx_word' id='word_1_154' title='bbox 358 1559 396 1589; x_wconf 89' lang='lat' dir='ltr'><strong>et</strong></span> <span class='ocrx_word' id='word_1_155' title='bbox 421 1554 507 1589; x_wconf 89' lang='lat' dir='ltr'><strong>irati</strong></span> <span class='ocrx_word' id='word_1_156' title='bbox 536 1553 734 1589; x_wconf 88' lang='lat' dir='ltr'><strong>Romanos</strong></span> <span class='ocrx_word' id='word_1_157' title='bbox 764 1554 803 1588; x_wconf 87' lang='lat' dir='ltr'><strong>in</strong></span> <span class='ocrx_word' id='word_1_158' title='bbox 834 1552 1106 1595; x_wconf 86' lang='lat' dir='ltr'><strong>Hannibalem,</strong></span> <span class='ocrx_word' id='word_1_159' title='bbox 1128 1559 1166 1588; x_wconf 87' lang='lat' dir='ltr'><strong>et</strong></span> 
     </span>
    </p>

    <p class='ocr_par' dir='ltr' id='par_1_5' title="bbox 12 1615 1383 2306">
     <span class='ocr_line' id='line_1_24' title="bbox 55 1615 1351 1668; baseline 0.001 -17"><span class='ocrx_word' id='word_1_160' title='bbox 55 1615 157 1665; x_wconf 85' lang='lat' dir='ltr'><strong>ipsos</strong></span> <span class='ocrx_word' id='word_1_161' title='bbox 178 1629 346 1653; x_wconf 84' lang='lat' dir='ltr'><strong>caussam</strong></span> <span class='ocrx_word' id='word_1_162' title='bbox 367 1617 444 1653; x_wconf 86' lang='lat' dir='ltr'><strong>odii</strong></span> <span class='ocrx_word' id='word_1_163' title='bbox 464 1623 688 1666; x_wconf 76' lang='lat' dir='ltr'><strong>quaerentes,</strong></span> <span class='ocrx_word' id='word_1_164' title='bbox 709 1616 956 1664; x_wconf 86' lang='lat' dir='ltr'><strong>instigabant.</strong></span> <span class='ocrx_word' id='word_1_165' title='bbox 1015 1616 1164 1665; x_wconf 82' lang='lat' dir='ltr'><strong>Itaque,</strong></span> <span class='ocrx_word' id='word_1_166' title='bbox 1178 1616 1351 1668; x_wconf 34' lang='lat' dir='ltr'><strong>Rom-ani,-</strong></span> 
     </span>
     <span class='ocr_line' id='line_1_25' title="bbox 12 1660 1383 1740; baseline 0.001 -25"><span class='ocrx_word' id='word_1_167' title='bbox 12 1670 15 1671; x_wconf 31' lang='lat'><em>⁷</em></span> <span class='ocrx_word' id='word_1_168' title='bbox 56 1680 120 1716; x_wconf 88' lang='lat' dir='ltr'><strong>diu</strong></span> <span class='ocrx_word' id='word_1_169' title='bbox 145 1688 380 1730; x_wconf 84' lang='lat' dir='ltr'><strong>repugnante</strong></span> <span class='ocrx_word' id='word_1_170' title='bbox 410 1682 588 1730; x_wconf 87' lang='lat' dir='ltr'><strong>Scipione</strong></span> <span class='ocrx_word' id='word_1_171' title='bbox 615 1681 813 1723; x_wconf 85' lang='lat' dir='ltr'><strong>Africano,</strong></span> <span class='ocrx_word' id='word_1_172' title='bbox 841 1682 929 1729; x_wconf 86' lang='lat' dir='ltr'><strong>quia</strong></span> <span class='ocrx_word' id='word_1_173' title='bbox 957 1693 1090 1730; x_wconf 89' lang='lat' dir='ltr'><strong>parum</strong></span> <span class='ocrx_word' id='word_1_174' title='bbox 1119 1693 1165 1717; x_wconf 86' lang='lat' dir='ltr'><strong>ex</strong></span> <span class='ocrx_word' id='word_1_175' title='bbox 1177 1660 1383 1740; x_wconf 50' lang='grc' dir='ltr'><strong>ὲῗξᾶῧςᾶἕέζ</strong></span> 
     </span>
     <span class='ocr_line' id='line_1_26' title="bbox 56 1745 1354 1794; baseline -0.001 -13"><span class='ocrx_word' id='word_1_176' title='bbox 56 1745 187 1794; x_wconf 86' lang='lat' dir='ltr'><strong>populi</strong></span> <span class='ocrx_word' id='word_1_177' title='bbox 213 1745 380 1781; x_wconf 87' lang='lat' dir='ltr'><strong>Romani</strong></span> <span class='ocrx_word' id='word_1_178' title='bbox 409 1745 594 1794; x_wconf 83' lang='lat' dir='ltr'><strong>dignitate</strong></span> <span class='ocrx_word' id='word_1_179' title='bbox 623 1757 703 1781; x_wconf 87' lang='lat' dir='ltr'><strong>esse</strong></span> <span class='ocrx_word' id='word_1_180' title='bbox 734 1745 909 1788; x_wconf 83' lang='lat' dir='ltr'><strong>ducebat,</strong></span> <span class='ocrx_word' id='word_1_181' title='bbox 930 1745 1165 1781; x_wconf 87' lang='lat' dir='ltr'><strong>subscribere</strong></span> <span class='ocrx_word' id='word_1_182' title='bbox 1179 1747 1285 1777; x_wconf 89' lang='lat' dir='ltr'><strong>balem</strong></span> <span class='ocrx_word' id='word_1_183' title='bbox 1302 1756 1354 1778; x_wconf 72' lang='lat' dir='ltr'><strong>ac-</strong></span> 
     </span>
     <span class='ocr_line' id='line_1_27' title="bbox 58 1796 1305 1859; baseline 0.001 -14"><span class='ocrx_word' id='word_1_184' title='bbox 58 1809 154 1845; x_wconf 89' lang='lat' dir='ltr'><strong>odiis</strong></span> <span class='ocrx_word' id='word_1_185' title='bbox 185 1810 563 1859; x_wconf 82' lang='lat' dir='ltr'><strong>accusationibusque</strong></span> <span class='ocrx_word' id='word_1_186' title='bbox 594 1808 837 1852; x_wconf 84' lang='lat' dir='ltr'><strong>Hannibalis,</strong></span> <span class='ocrx_word' id='word_1_187' title='bbox 868 1816 906 1845; x_wconf 90' lang='lat' dir='ltr'><strong>et</strong></span> <span class='ocrx_word' id='word_1_188' title='bbox 934 1809 1166 1846; x_wconf 83' lang='lat' dir='ltr'><strong>factionibus</strong></span> <span class='ocrx_word' id='word_1_189' title='bbox 1180 1796 1305 1821; x_wconf 77' lang='lat' dir='ltr'><strong>cusam.</strong></span> 
     </span>
     <span class='ocr_line' id='line_1_28' title="bbox 25 1872 1166 1922; baseline 0.003 -15"><span class='ocrx_word' id='word_1_190' title='bbox 25 1903 26 1906; x_wconf 73' lang='grc'>,</span> <span class='ocrx_word' id='word_1_191' title='bbox 58 1872 437 1922; x_wconf 79' lang='lat' dir='ltr'><strong>Karthaginiensium</strong></span> <span class='ocrx_word' id='word_1_192' title='bbox 466 1874 630 1909; x_wconf 86' lang='lat' dir='ltr'><strong>inserere</strong></span> <span class='ocrx_word' id='word_1_193' title='bbox 659 1873 849 1922; x_wconf 91' lang='lat' dir='ltr'><strong>publicam</strong></span> <span class='ocrx_word' id='word_1_194' title='bbox 884 1873 1166 1917; x_wconf 84' lang='lat' dir='ltr'><strong>auctoritatem,</strong></span> 
     </span>
     <span class='ocr_line' id='line_1_29' title="bbox 56 1935 1169 1979; baseline -0.001 -6"><span class='ocrx_word' id='word_1_195' title='bbox 56 1949 127 1973; x_wconf 88' lang='lat' dir='ltr'><strong>nec</strong></span> <span class='ocrx_word' id='word_1_196' title='bbox 147 1938 236 1973; x_wconf 85' lang='lat' dir='ltr'><strong>satis</strong></span> <span class='ocrx_word' id='word_1_197' title='bbox 256 1937 395 1973; x_wconf 90' lang='lat' dir='ltr'><strong>habere</strong></span> <span class='ocrx_word' id='word_1_198' title='bbox 422 1936 523 1973; x_wconf 94' lang='lat' dir='ltr'><strong>bello</strong></span> <span class='ocrx_word' id='word_1_199' title='bbox 542 1937 675 1973; x_wconf 88' lang='lat' dir='ltr'><strong>vicisse</strong></span> <span class='ocrx_word' id='word_1_200' title='bbox 705 1935 977 1979; x_wconf 84' lang='lat' dir='ltr'><strong>Hannibalem,</strong></span> <span class='ocrx_word' id='word_1_201' title='bbox 998 1938 1071 1972; x_wconf 90' lang='lat' dir='ltr'><strong>nisi</strong></span> <span class='ocrx_word' id='word_1_202' title='bbox 1089 1936 1169 1973; x_wconf 88' lang='lat' dir='ltr'><strong>vel-</strong></span> 
     </span>
     <span class='ocr_line' id='line_1_30' title="bbox 26 1999 1167 2049; baseline -0.001 -11"><span class='ocrx_word' id='word_1_203' title='bbox 26 2015 27 2019; x_wconf 55' lang='lat'><em>*</em></span> <span class='ocrx_word' id='word_1_204' title='bbox 56 2008 100 2038; x_wconf 88' lang='lat' dir='ltr'><strong>ut</strong></span> <span class='ocrx_word' id='word_1_205' title='bbox 129 2009 365 2038; x_wconf 87' lang='lat' dir='ltr'><strong>accusatores</strong></span> <span class='ocrx_word' id='word_1_206' title='bbox 395 2001 621 2038; x_wconf 86' lang='lat' dir='ltr'><strong>calumniam</strong></span> <span class='ocrx_word' id='word_1_207' title='bbox 649 2001 687 2037; x_wconf 87' lang='lat' dir='ltr'><strong>in</strong></span> <span class='ocrx_word' id='word_1_208' title='bbox 708 2013 793 2036; x_wconf 90' lang='lat' dir='ltr'><strong>eum</strong></span> <span class='ocrx_word' id='word_1_209' title='bbox 812 1999 1001 2049; x_wconf 87' lang='lat' dir='ltr'><strong>jurarent,</strong></span> <span class='ocrx_word' id='word_1_210' title='bbox 1024 2013 1068 2036; x_wconf 87' lang='lat' dir='ltr'><strong>ac</strong></span> <span class='ocrx_word' id='word_1_211' title='bbox 1095 2014 1167 2038; x_wconf 88' lang='lat' dir='ltr'><strong>no-</strong></span> 
     </span>
     <span class='ocr_line' id='line_1_31' title="bbox 56 2064 1167 2116; baseline -0.004 -13"><span class='ocrx_word' id='word_1_212' title='bbox 56 2079 144 2103; x_wconf 88' lang='lat' dir='ltr'><strong>men</strong></span> <span class='ocrx_word' id='word_1_213' title='bbox 163 2067 365 2109; x_wconf 85' lang='lat' dir='ltr'><strong>deferrent,</strong></span> <span class='ocrx_word' id='word_1_214' title='bbox 387 2068 537 2103; x_wconf 86' lang='lat' dir='ltr'><strong>tandem</strong></span> <span class='ocrx_word' id='word_1_215' title='bbox 568 2067 820 2116; x_wconf 88' lang='lat' dir='ltr'><strong>pervicerunt,</strong></span> <span class='ocrx_word' id='word_1_216' title='bbox 850 2072 890 2101; x_wconf 88' lang='lat' dir='ltr'><strong>ut</strong></span> <span class='ocrx_word' id='word_1_217' title='bbox 918 2064 1034 2112; x_wconf 85' lang='lat' dir='ltr'><strong>legati</strong></span> <span class='ocrx_word' id='word_1_218' title='bbox 1064 2064 1167 2100; x_wconf 86' lang='lat' dir='ltr'><strong>Kar·</strong></span> 
     </span>
     <span class='ocr_line' id='line_1_32' title="bbox 57 2130 1167 2179; baseline -0.004 -12"><span class='ocrx_word' id='word_1_219' title='bbox 57 2131 253 2179; x_wconf 87' lang='lat' dir='ltr'><strong>thaginem</strong></span> <span class='ocrx_word' id='word_1_220' title='bbox 281 2132 535 2174; x_wconf 70' lang='lat' dir='ltr'><strong>mitterentur,</strong></span> <span class='ocrx_word' id='word_1_221' title='bbox 556 2131 619 2179; x_wconf 89' lang='lat' dir='ltr'><strong>qui</strong></span> <span class='ocrx_word' id='word_1_222' title='bbox 646 2130 745 2179; x_wconf 86' lang='lat' dir='ltr'><strong>apud</strong></span> <span class='ocrx_word' id='word_1_223' title='bbox 765 2136 935 2165; x_wconf 87' lang='lat' dir='ltr'><strong>senatum</strong></span> <span class='ocrx_word' id='word_1_224' title='bbox 957 2141 1086 2164; x_wconf 90' lang='lat' dir='ltr'><strong>eorum</strong></span> <span class='ocrx_word' id='word_1_225' title='bbox 1106 2140 1167 2164; x_wconf 81' lang='lat' dir='ltr'><strong>ar-</strong></span> 
     </span>
     <span class='ocr_line' id='line_1_33' title="bbox 59 2191 1167 2244; baseline -0.003 -13"><span class='ocrx_word' id='word_1_226' title='bbox 59 2202 231 2244; x_wconf 85' lang='lat' dir='ltr'><strong>guerent,</strong></span> <span class='ocrx_word' id='word_1_227' title='bbox 267 2194 525 2232; x_wconf 81' lang='lat' dir='ltr'><strong>Hannibalem</strong></span> <span class='ocrx_word' id='word_1_228' title='bbox 555 2207 639 2231; x_wconf 90' lang='lat' dir='ltr'><strong>cum</strong></span> <span class='ocrx_word' id='word_1_229' title='bbox 670 2194 863 2229; x_wconf 89' lang='lat' dir='ltr'><strong>Antiocho</strong></span> <span class='ocrx_word' id='word_1_230' title='bbox 893 2205 980 2240; x_wconf 85' lang='lat' dir='ltr'><strong>rege</strong></span> <span class='ocrx_word' id='word_1_231' title='bbox 1009 2191 1167 2228; x_wconf 85' lang='lat' dir='ltr'><strong>consilia</strong></span> 
     </span>
     <span class='ocr_line' id='line_1_34' title="bbox 58 2254 1165 2306; baseline -0.004 -12"><span class='ocrx_word' id='word_1_232' title='bbox 58 2258 148 2296; x_wconf 88' lang='lat' dir='ltr'><strong>belli</strong></span> <span class='ocrx_word' id='word_1_233' title='bbox 168 2258 330 2294; x_wconf 84' lang='lat' dir='ltr'><strong>faciendi</strong></span> <span class='ocrx_word' id='word_1_234' title='bbox 350 2258 457 2294; x_wconf 87' lang='lat' dir='ltr'><strong>inire.</strong></span> <span class='ocrx_word' id='word_1_235' title='bbox 513 2257 651 2306; x_wconf 86' lang='lat' dir='ltr'><strong>Legati</strong></span> <span class='ocrx_word' id='word_1_236' title='bbox 670 2264 746 2292; x_wconf 91' lang='lat' dir='ltr'><strong>tres</strong></span> <span class='ocrx_word' id='word_1_237' title='bbox 768 2257 885 2298; x_wconf 87' lang='lat' dir='ltr'><strong>missi,</strong></span> <span class='ocrx_word' id='word_1_238' title='bbox 908 2256 950 2292; x_wconf 90' lang='lat' dir='ltr'><strong>C.</strong></span> <span class='ocrx_word' id='word_1_239' title='bbox 973 2254 1165 2296; x_wconf 85' lang='lat' dir='ltr'><strong>Servilius,</strong></span> 
     </span>
    </p>
   </div>
   <div class='ocr_carea' id='block_1_4' title="bbox 57 2318 1164 2368">
    <p class='ocr_par' dir='ltr' id='par_1_6' title="bbox 57 2318 1164 2368">
     <span class='ocr_line' id='line_1_35' title="bbox 57 2318 1164 2368; baseline -0.006 -8"><span class='ocrx_word' id='word_1_240' title='bbox 57 2321 115 2360; x_wconf 76' lang='lat' dir='ltr'><strong>M.</strong></span> <span class='ocrx_word' id='word_1_241' title='bbox 144 2321 322 2359; x_wconf 83' lang='lat' dir='ltr'><strong>Claudius</strong></span> <span class='ocrx_word' id='word_1_242' title='bbox 352 2321 571 2365; x_wconf 81' lang='lat' dir='ltr'><strong>Marcellus,</strong></span> <span class='ocrx_word' id='word_1_243' title='bbox 603 2321 651 2361; x_wconf 85' lang='lat' dir='ltr'><strong>Q.</strong></span> <span class='ocrx_word' id='word_1_244' title='bbox 678 2320 878 2358; x_wconf 79' lang='lat' dir='ltr'><strong>Terentius</strong></span> <span class='ocrx_word' id='word_1_245' title='bbox 910 2318 1068 2355; x_wconf 71' lang='lat' dir='ltr'><strong>Culleo:</strong></span> <span class='ocrx_word' id='word_1_246' title='bbox 1103 2321 1164 2368; x_wconf 85' lang='lat' dir='ltr'><strong>qui</strong></span> 
     </span>
    </p>
   </div>
  </div>
 </body>
</html>
