1523 2666
292 169 376 211 522
750 171 794 199 T.
824 171 957 200 mvn

1507 252 1519 270 1,

100 268 144 297 U.
158 267 192 296 C.
210 258 514 302 560.tirenturve,
554 266 635 297 uter
672 263 833 298 comitiis
869 261 948 311 ejus
987 263 1077 299 anni
1110 269 1304 313 praeesset:
1354 263 1401 299 ad

98 310 139 339 Α
155 309 191 341 C·
211 317 281 343 ¹⁹2·
296 328 419 358 utrum
453 335 497 359 ea
525 336 601 359 non
632 326 838 374 pertineret
865 339 967 369 cura,
990 333 1031 362 ut
1058 332 1208 376 paratus
1233 333 1344 369 esset,
1369 327 1401 362 si

294 399 370 435 quo
397 400 482 423 eum
504 395 609 424 extra
640 387 790 425 Italiam
819 402 912 439 opus
939 395 1037 426 esset
1066 390 1200 426 ducere
1221 389 1404 438 legioneS.

296 449 398 485 Huic
416 451 560 486 consuli
582 453 818 501 permissum,
844 459 884 488 ut
912 453 1001 489 duas
1028 452 1198 501 legiones
1226 453 1407 490 scriberet

296 527 428 557 novaS,
450 522 486 550 et
512 515 657 551 socifim
691 516 821 552 Latini
847 518 1011 553 nominis
1046 518 1179 566 viginti
1206 516 1337 559 millia,
1368 523 1407 552 et

297 579 441 626 equites
476 579 731 627 octingentos.
786 580 909 615 Alteri
941 580 1087 616 consuli
1120 581 1201 616 ‹luae
1238 580 1406 630 legiones

299 642 473 684 decretae,
505 654 595 691 quas
630 642 675 679 L.
699 643 896 679 Cornelius
929 643 1062 679 consul
1091 644 1292 693 superioris
1319 645 1409 680 anni

300 704 518 742 habuisset:
552 712 590 742 et
620 707 766 743 socium
794 720 837 744 ac
867 707 997 743 Latini
1025 708 1190 744 nominis
1213 720 1259 744 ex
1277 708 1409 744 eodem

302 770 471 806 exercitu
491 772 703 820 quindecim
724 771 855 814 millia,
877 779 913 808 et
934 772 1076 820 equites
1097 772 1306 821 quingenti.
1362 772 1412 811 Q.

306 833 480 871 Minucio
501 849 584 872 cum
612 838 792 879 exercitu,
814 849 925 885 quem
944 837 982 871 in
1001 836 1206 884 Liguribus
1229 835 1412 880 habebat,

306 906 554 948 prorogatum
582 901 803 951 imperium:
837 900 1017 943 additum,
1047 900 1087 936 in
1111 899 1414 950 supplementum

305 969 347 999 ut
367 970 529 1011 quatuor
544 963 660 1001 millia
682 965 851 1014 peditum
865 964 1128 1000 Romanorum
1145 963 1413 1007 scriberentur,

304 1032 343 1062 et
372 1034 524 1064 eentum
558 1030 834 1079 quinquaginta
866 1030 1031 1078 equites,
1064 1034 1102 1065 et
1132 1029 1243 1065 sociis
1282 1028 1415 1065 eodem

305 1092 471 1140 quinque
492 1093 609 1128 millia
628 1094 798 1143 peditum
823 1093 1112 1143 imperarentur,
1133 1092 1285 1129 ducenti
1305 1093 1416 1141 quin-

306 1156 489 1204 quaginta
509 1157 664 1205 equites.
724 1158 793 1193 Cn.
814 1157 989 1193 Domitio
1012 1164 1120 1193 extra
1145 1156 1312 1199 Italiam,
1339 1168 1416 1204 quo

307 1226 459 1257 senatus
498 1222 718 1265 censuisset,
761 1222 957 1272 provincia
988 1221 1127 1264 evenit,
1162 1219 1209 1256 L.
1230 1220 1418 1258 Quinctio

306 1284 434 1321 Gallia
462 1291 499 1321 et
525 1287 679 1322 comitia
706 1286 892 1323 habenda.
947 1285 1134 1322 Praetores
1165 1284 1299 1320 deinde
1326 1297 1416 1334 pro-

306 1349 448 1385 vincias
487 1350 634 1386 sortiti:
672 1350 728 1387 M.
762 1350 915 1387 Fulvius
945 1348 1190 1385 Centumalus
1219 1348 1417 1393 urbanam,

307 1414 355 1451 L.
377 1414 595 1452 Scribonius
626 1415 727 1452 Libo
749 1417 1000 1467 peregrinam,
1028 1414 1074 1451 L.
1095 1414 1267 1450 Valerius
1283 1413 1419 1463 Tappo

309 1478 492 1522 Siciliam,
523 1480 571 1519 Q.
594 1480 768 1516 Salonius
799 1481 911 1516 Sarra
934 1480 1159 1521 Sardiniam,
1189 1477 1246 1514 M.
1266 1476 1420 1513 Baebius

306 1542 530 1593 Tamphilus
554 1545 780 1594 Hispaniam
800 1545 1029 1587 citeriorem,
1060 1544 1107 1579 A.
1126 1542 1270 1578 Atilius
1291 1541 1420 1578 Serra-

307 1620 378 1644 nus
412 1608 641 1646 ulteriorem.
700 1610 772 1646 Sed
796 1610 854 1645 his
881 1608 1028 1644 duobus
1061 1608 1225 1658 primum
1249 1612 1422 1642 senatus-

309 1673 499 1717 consulto,
518 1674 652 1711 deinde
677 1674 796 1724 plebis
819 1674 933 1709 etiam
963 1673 1059 1709 scito
1085 1676 1313 1722 permutatae
1332 1683 1421 1720 pro-

309 1738 443 1773 vinciae
477 1745 576 1775 sunt.
636 1738 757 1774 Atilio
790 1737 918 1773 classis
947 1743 984 1773 et
1012 1735 1258 1778 Macedonia,
1288 1733 1424 1770 Baebio

309 1801 452 1837 Bruttii
484 1803 635 1839 decreti.
693 1803 881 1839 Flaminio
914 1803 1123 1851 Fulvioque
1152 1802 1192 1837 in
1226 1799 1423 1850 Hispaniis

308 1873 556 1915 prorogatum
578 1867 787 1916 imperium.
844 1866 978 1902 Baebio
1008 1864 1216 1915 Tamphilo
1243 1865 1283 1899 in
1307 1863 1424 1899 Brut·

307 1928 382 1964 tios
403 1929 484 1965 duae
505 1929 676 1978 legiones
697 1931 870 1972 decretze,
892 1943 974 1978 quae
1001 1930 1127 1979 priore
1148 1940 1250 1964 anno
1271 1926 1424 1963 urbanae

308 1993 492 2029 fuissent:
525 2001 562 2029 et
584 2001 623 2029 ut
644 1995 754 2029 sociis
776 1994 907 2029 eodem
934 1993 1053 2029 millia
1073 1992 1246 2042 peditum
1266 1991 1424 2040 quinde-

116 2059 260 2091 Classem
311 2057 383 2092 cim
404 2057 691 2106 imperarentur,
714 2064 751 2093 et
771 2058 969 2106 quingenti
990 2057 1147 2106 equites,
1194 2054 1334 2091 Atilius
1354 2055 1424 2090 tri-

118 2110 230 2141 parant

117 2144 270 2177 Romani,
312 2122 419 2169 ginta
438 2133 550 2157 naves
571 2122 859 2170 quinqueremes
880 2121 1003 2157 facere
1018 2120 1163 2171 jussuS,
1185 2125 1223 2155 et
1242 2132 1288 2155 ex
1308 2131 1424 2154 nava-

311 2185 408 2221 libus
429 2193 571 2222 veteres
592 2186 787 2228 deducere,
810 2186 839 2221 si
860 2199 942 2235 quae
967 2185 1077 2222 utiles
1105 2190 1245 2227 essent,
1267 2189 1304 2219 et
1331 2183 1422 2218 scri-

312 2248 400 2287 bere
423 2250 736 2288 navales'socios.
791 2250 844 2288 Et
872 2250 1090 2288 consulibus
1113 2250 1353 2301 imperatum,
1382 2254 1425 2284 ut
