1523 2666
307 200 390 256 538
766 214 813 244 τ.
838 214 971 244 mvn

119 302 163 335 U.
174 301 210 334 C.
229 309 301 336 560.
312 301 514 341 Quinctius
543 301 583 338 in
611 301 790 347 concilio,
815 315 920 340 orsus
947 316 970 347 a
999 300 1189 353 principio
1222 300 1413 338 societatis

118 347 160 378 A·
173 346 210 379 C·
229 354 301 382 ¹⁹²·
311 366 531 403 AEtolorum
548 380 632 404 cum
646 367 845 411 Romanis,
863 374 901 404 et
915 368 1063 417 quoties
1079 366 1126 404 ab
1142 367 1188 403 iis
1203 366 1293 403 fides
1307 370 1413 401 mota

120 949 220 980 AEtoli
231 959 278 981 ar-

116 1000 246 1025 cessunt

117 1037 231 1065 Antio-

118 1079 233 1111 ehum.

310 430 463 468 foederis
490 438 600 475 esset,
622 445 742 483 pauca
771 433 816 469 de
841 431 929 482 jure
958 432 1182 475 civitatium,
1208 430 1254 467 de
1279 428 1414 479 quibus

311 494 580 544 ambigeretur,
600 496 788 532 disseruit.
830 496 874 532 Si
891 497 977 544 quid
996 502 1114 532 tamen
1133 496 1223 543 aequi
1240 506 1276 530 se
1291 492 1419 530 habere

310 560 583 602 arbitrarentur,
604 566 736 609 quanto
755 572 824 598 esse
846 562 958 596 satius
986 561 1139 597 Romam
1156 561 1298 596 mittere
1318 558 1418 605 lega·

311 629 378 667 ἰοε,
398 637 460 661 seu
479 627 688 672 disceptare,
708 637 768 661 seu
786 636 914 672 rogare
929 629 1093 659 senatum
1111 624 1260 659 mallent
1270 639 1284 666 ,-
1309 633 1418 670 quam

305 690 482 737 populum
504 689 704 725 Romanum
724 701 803 725 cum
821 687 1010 730 Antiocho,
1032 687 1169 723 lanistis
1182 686 1333 728 AEtolis‚
1348 696 1420 721 non

307 755 384 789 sine
408 759 506 790 mota
533 766 662 801 magno
688 755 825 802 generis
853 752 1014 795 humani,
1035 756 1069 787 et
1093 752 1252 799 pernicie
1275 750 1420 785 Graeciae

309 818 482 854 dimicare
498 820 521 853 ,2
550 830 614 854 nec
643 818 735 854 ullos
758 819 858 866 prius
878 817 1018 852 cladem
1043 813 1116 861 ejus
1140 815 1222 850 belli
1244 824 1417 855 sensuros,

310 895 418 930 quam
438 884 500 930 qui
525 884 720 919 movissent.
778 881 873 918 Haec
892 880 1146 929 nequidquam
1164 877 1267 914 velut
1284 876 1418 913 vatici-

310 952 421 983 natus
443 945 652 982 Romanus.
708 945 837 981 Thoas
861 943 995 980 deinde
1021 943 1210 992 ceterique
1238 941 1415 978 factionis

312 1011 492 1061 ejusdem,
514 1024 599 1047 cum
624 1011 783 1047 adsensu
810 1010 979 1046 omnium
1009 1008 1142 1051 auditi,
1161 1007 1415 1057 pervicerunt,

310 1081 366 1118 ut,
387 1088 434 1111 ne
454 1075 570 1113 dilato
589 1075 739 1124 quidem
759 1072 936 1115 concilio,
963 1078 1001 1108 et
1028 1070 1247 1109 absentibus
1267 1069 1415 1106 Roma-

309 1140 383 1182 nis,
404 1139 595 1175 decretum
622 1138 740 1180 fieret,
764 1150 839 1187 quo
866 1141 1115 1172 arcesseretur
1133 1134 1347 1171 Antiochus
1367 1133 1415 1169 ad

307 1203 541 1240 liberandam
569 1202 771 1244 Graeciam,
790 1201 1115 1251 disceptatumque
1143 1199 1242 1234 inter
1259 1196 1413 1235 AEtolos

308 1275 347 1304 et
382 1267 592 1303 Romanos.
649 1265 751 1302 Huic
785 1272 864 1301 tam
897 1263 1060 1314 superbo
1089 1263 1241 1299 decreto
1274 1261 1415 1299 addidit

308 1332 501 1382 propriam
521 1329 789 1367 contumeliam
818 1329 1062 1365 Damocritus
1092 1334 1231 1378 praetor
1260 1339 1409 1363 eorum:

308 1408 398 1433 nam
417 1408 533 1445 quum
552 1395 587 1430 id
609 1396 730 1444 ipsum
749 1393 940 1430 decretum
966 1398 1138 1443 posceret
1162 1404 1248 1427 eum
1269 1391 1414 1430 Quinc-

308 1461 398 1503 tius,
419 1473 497 1496 non
517 1460 656 1496 veritus
677 1457 913 1508 majestatem
934 1458 1017 1500 viri,
1038 1458 1141 1492 aliud
1159 1458 1196 1492 in
1213 1457 1414 1504 praesentia,

308 1526 403 1573 quod
422 1527 536 1572 magis
555 1526 716 1566 instaret,
734 1524 1018 1572 praevertendum
1036 1522 1101 1558 sibi
1116 1533 1197 1565 esse,
1215 1521 1331 1558 dixit:
1355 1522 1414 1556 de-

308 1594 441 1625 cretam
466 1600 739 1636 responsumque
766 1587 859 1623 brevi,
884 1589 923 1623 in.
943 1587 1071 1628 Italia,
1093 1587 1217 1622 castris
1240 1597 1345 1633 snper
1362 1586 1414 1620 ri·-

306 1665 394 1700 pam
418 1652 550 1688 Tiberis
564 1654 704 1701 positis,
726 1652 907 1688 daturum.
943 1650 1090 1686 Tantus
1109 1649 1214 1686 furor
1232 1649 1298 1685 illo
1317 1655 1412 1685 tem-

308 1730 401 1767 pore
427 1722 579 1766 gentem
597 1715 831 1759 AEtolorum,
858 1721 1061 1765 tantusque
1081 1714 1323 1763 magistratus
1347 1726 1411 1750 eo-

307 1794 391 1819 rum
411 1781 522 1832 cepit.
1121 1816 1123 1818 .

363 1845 557 1882 XXXIV.
587 1844 788 1883 Quinctius
817 1843 1007 1892 legatique
1037 1843 1265 1879 Corinthum
1294 1843 1413 1879 redie-=

307 1917 414 1955 runt:
448 1910 546 1951 inde,
565 1915 607 1944 ut
626 1920 781 1957 quaeque
801 1908 845 1943 de
864 1908 1073 1949 Antiocho,
1090 1907 1182 1943 nihil
1199 1919 1265 1958 per
1285 1920 1322 1943 se
1341 1909 1413 1957 ipsi

308 1975 418 2020 moti,
447 1980 486 2010 et
514 1974 683 2009 sedentes
717 1978 933 2021 exspectare
966 1971 1166 2008 adventum
1197 1972 1413 2009 viderentur

309 2040 421 2087 regis,
444 2038 644 2075 concilium
666 2037 814 2086 quidem
834 2036 1014 2072 universae
1034 2034 1156 2084 gentis
1178 2044 1265 2085 post
1283 2036 1413 2072 dimis-

310 2115 369 2139 sos
388 2102 586 2138 Romanos
607 2114 684 2137 non
702 2101 936 2137 habuerunt:
969 2112 1035 2150 per
1063 2099 1256 2149 apocletos
1285 2106 1411 2137 autem

311 2170 383 2215 (ita
409 2175 546 2205 vocant
576 2167 740 2203 sanctius
768 2165 986 2201 consilium:
1020 2177 1066 2200 ex
1085 2163 1239 2200 delectis
1259 2170 1410 2201 constat

306 2232 413 2279 viris)
435 2232 473 2268 id
491 2231 701 2281 agitabant,
722 2242 886 2279 quonam
905 2230 1016 2266 modo
1036 2241 1093 2265 res
1113 2229 1153 2266 in
1172 2228 1320 2266 Graecia
1338 2243 1408 2267 no·
1433 2217 1442 2226 ⁷

306 2302 495 2333 vax-entur,
568 2294 675 2334 Inter
707 2307 837 2330 omnes
875 2292 1088 2337 constabat,
1121 2294 1161 2330 in
1193 2293 1409 2330 civitatibus

307 2361 509 2412 principes,
549 2361 733 2413 optimum
766 2371 965 2411 quemque,
1003 2358 1189 2398 Romanae
1219 2358 1410 2396 societatis
