1507 2656
327 155 482 184 LIBER
508 154 686 183 XXXIV·
718 153 826 183 CAP.
851 155 1006 184 xV111.
1138 156 1220 202 453

111 257 247 282 norum
266 244 378 289 ictus,
399 252 540 282 ceteras
561 259 711 295 quoque
731 247 902 283 civitates
929 254 1032 284 ratus
1063 261 1129 298 per
1157 261 1222 285 oc·
1237 256 1278 288 U.
1289 258 1327 290 C.
1347 269 1421 300 ⁵⁵7·

112 311 303 347 casionem
334 311 431 347 idem
459 310 639 354 facturas,
661 324 765 347 arma
783 311 960 348 omnibus
987 313 1039 348 cis
1070 312 1221 350 Iberum
1235 301 1276 330 A·
1293 303 1328 333 C·
1352 314 1425 339 ¹9⁵·

111 373 294 425 Hispanis
308 374 466 410 ademit:
488 387 600 423 quam
616 386 695 410 rem
709 375 801 411 adeo
817 388 916 424 aegre
934 364 1049 426 passi,
1060 384 1100 412 ut
1115 376 1222 413 multi
1237 357 1433 436 giffoen'iiigs

113 446 274 475 mortem
308 437 460 474 sibimet
497 438 567 488 ipsi
601 439 907 475 consciscerent:
943 439 1051 476 ferox
1089 453 1223 489 genus,
1238 446 1282 475 cis
1300 445 1431 480 Iberum

112 502 256 541 nullam
275 503 390 538 vitam
410 502 481 538 rati
502 503 583 538 sine
602 504 715 538 armis
743 515 835 540 esse.
893 503 1009 543 Quod
1040 504 1103 540 ubi
1132 518 1224 541 con-
1241 488 1412 529 Hispanos.

113 567 185 603 suli
205 567 465 603 renunciatum
498 574 568 610 est,
590 575 784 604 senatores
813 570 983 604 omnium
1015 570 1227 607 civitatium

113 631 160 669 ad
188 644 228 668 se
256 632 382 668 vocari
413 631 543 681 jussit,
574 639 686 682 atque
716 634 776 676 iis,
807 635 892 670 Non
921 640 1056 678 nostra,
1088 635 1226 683 inquit,

110 698 237 745 magis&
258 710 365 745 quam
393 702 524 740 vestra,
552 697 676 746 refert,
703 711 762 734 vos
790 711 859 735 non
888 700 1059 736 rebellare
1076 716 1088 735 .·
1114 701 1227 748 siqui-

112 764 192 799 dem
211 763 249 799 id
269 760 404 809 majore
422 764 666 811 Hispanorum
682 765 798 815 ynalo,
822 777 930 812 quam
958 766 1132 800 exercitus
1151 765 1227 801 Ro-

111 829 209 864 mani
228 828 359 870 labore,
380 840 516 876 semper
534 828 650 864 adhuc
659 828 810 877 factum
829 835 892 865 est.
950 830 997 865 Id
1017 834 1057 865 ut
1076 842 1119 865 ne
1135 830 1226 879 flat,

111 905 182 929 uno
197 893 302 928 modo
317 892 471 928 arbitror
487 894 605 929 caveri
622 905 732 940 posse,
752 894 781 929 si
801 895 964 942 effectum
984 895 1065 937 erit,
1086 906 1128 929 ne
1143 907 1228 942 pos-

111 958 188 992 sitis
205 956 389 992 rebellare.
443 957 528 992 Volo
548 958 587 992 z'd
605 970 713 1004 quam
733 958 942 993 mollissima
962 960 1019 994 via
1040 960 1204 1007 consequi
1217 974 1230 995 .-

112 1035 172 1059 vos
191 1034 328 1071 quoque
346 1023 382 1057 ὶη
406 1034 448 1058 ea
470 1035 508 1058 re
529 1024 676 1058 consilio
704 1035 760 1058 me
787 1022 982 1069 adjuvate:
1010 1025 1152 1060 nullum
1183 1025 1229 1059 li-

112 1087 248 1122 bentius
283 1098 425 1134 sequar,
464 1099 570 1134 quam
608 1087 703 1134 quod
738 1091 871 1122 vosmet
908 1088 975 1135 ipsi.
1010 1088 1229 1124 adtuleritis,

114 1151 345 1188 Tacentibus
363 1151 527 1201 spatium
545 1163 584 1186 se
602 1151 646 1186 ad
664 1150 948 1187 deliberandum
969 1151 1112 1187 dierum
1134 1165 1227 1202 pau-

115 1229 245 1253 corum
275 1216 362 1252 dare
391 1215 510 1251 dixit:
543 1228 657 1264 quum
687 1215 854 1251 revocati
885 1215 1050 1251 secundo
1077 1228 1228 1264 quoque

114 1280 277 1317 concilio
297 1280 517 1322 tacuissent,
539 1292 615 1316 uno
643 1280 702 1315 die
731 1280 846 1315 muris
877 1280 1048 1316 omnium
1078 1281 1225 1323 dirutis,
1238 1290 1345 1321 Dirum
1360 1298 1413 1320 eo.

114 1346 162 1383 ad
198 1358 277 1389 eos,
315 1347 380 1394 qui
416 1346 583 1382 nondum
624 1345 823 1396 parebant,
861 1346 1069 1396 profectus,
1109 1354 1151 1383 ut
1188 1348 1227 1383 in
1240 1342 1443 1364 rummurOS.

114 1422 302 1459 quamque
324 1410 519 1457 regionem
539 1417 707 1453 venerat,
729 1423 876 1452 omncs,
899 1411 962 1458 qui
993 1411 1093 1446 circa
1122 1411 1229 1446 inco-

113 1474 257 1517 lebant,
278 1473 440 1525 populos
461 1475 499 1510 in
521 1475 754 1511 deditionem
781 1476 938 1524 accepit.
997 1475 1230 1524 Segesticam

114 1545 277 1581 tantum,
306 1551 458 1587 gravem
488 1545 602 1588 atque
631 1538 851 1589 opulentam
882 1539 1088 1582 civitatem,
1110 1540 1228 1575 vineis

114 1610 153 1640 et
171 1602 308 1654 pluteis
329 1603 442 1654 cepit.

170 1667 326 1704 XVIII.
358 1668 416 1704 Eo
431 1666 614 1717 majorem
626 1667 793 1704 habebat
808 1666 1068 1704 difficultatem
1084 1668 1122 1703 in
1139 1666 1229 1703 sub·-

117 1732 262 1782 igeudis
282 1732 470 1775 hostibus,
489 1745 600 1781 quam
619 1733 681 1781 qui
703 1733 813 1783 primi
829 1739 1014 1768 venerunt
1030 1733 1067 1768 in
1089 1731 1230 1782 Hispa-

114 1798 238 1843 niam3
261 1796 362 1846 quod
382 1797 428 1833 ad
449 1797 532 1832 illos
549 1797 662 1833 taedio
683 1798 829 1847 imperii
846 1797 1229 1846 Karthaginiensium

116 1860 280 1911 Hispani
310 1860 559 1906 deficiebant3
591 1861 681 1897 huic
707 1874 754 1898 ex
780 1868 961 1911 usurpata
985 1860 1161 1897 libertate
1191 1862 1231 1897 in

115 1926 334 1962 servitutem
355 1925 457 1961 velut
477 1925 672 1962 adserendi
699 1932 831 1962 erant:
866 1932 904 1961 et
932 1926 986 1961 ita
1013 1932 1119 1962 mota
1148 1938 1230 1962 om-

114 1990 179 2027 nia
198 1990 358 2040 accepit,
379 1996 421 2025 ut
440 1990 503 2026 alii
523 1990 562 2025 in
582 1991 694 2026 armis
716 1997 855 2033 essent,
877 1990 940 2026 alii
962 1990 1162 2026 obsidione
1184 1990 1232 2027 ad

115 2055 365 2093 defectionem
397 2064 648 2106 cogerentur:
680 2069 764 2099 nec,
785 2057 858 2092 nisi
886 2058 925 2092 in
951 2064 1122 2106 tempore
1143 2056 1232 2092 sub-

116 2128 271 2158 ventum
303 2122 418 2165 foret,
454 2122 552 2159 ultra
584 2122 833 2159 sustentaturi
869 2121 1024 2158 fuerint.
1082 2122 1156 2157 Sed
1193 2123 1231 2158 in
1249 2132 1330 2162 [λης

117 2186 273 2224 consule
303 2200 348 2223 ea
375 2188 429 2223 vis
459 2188 576 2224 animi
605 2193 718 2236 atque
748 2187 891 2235 ingenii
921 2187 1008 2230 fuit,
1034 2193 1074 2222 ut
1105 2187 1234 2223 omnia
1248 2175 1390 2206 C³¹0¹¹i⁵²

118 2252 283 2288 maxima
312 2252 541 2301 minimaque
560 2265 626 2302 per
646 2265 684 2288 se
704 2252 825 2288 adiret
845 2259 958 2301 atque
978 2258 1130 2300 ageret:
1164 2263 1233 2287 nec

119 2316 307 2365 cogitaret
335 2317 447 2354 modo
477 2318 767 2369 imperaretque,
798 2330 881 2366 quae
916 2318 953 2352 in
985 2328 1063 2353 rem
1093 2322 1233 2359 essent,
