1523 2666
138 298 182 330 U.
197 298 232 330 C.
249 305 321 332 561.

141 342 232 374 A.C.
251 350 322 376 191.

332 200 415 243 602
777 211 824 240 τ.
857 210 991 240 mvn

336 301 512 349 Ligurum
531 301 725 342 transisset,
745 304 810 336 aut
830 305 974 348 partem
1002 301 1187 349 copiarum
1215 300 1258 342 Q.
1279 301 1442 340 Minucio

336 366 498 407 misisset,
519 365 579 412 qui
597 362 678 410 jam
704 365 848 399 tertium
874 363 921 399 ibi
945 376 1081 400 annum
1104 365 1210 401 dubio
1230 366 1449 402 detineretur

339 428 443 471 bello,
465 428 636 464 debellari
654 439 734 462 cum
752 426 945 474 Liguribus
960 430 1126 475 potuisse.
1184 429 1291 465 Nunc
1314 430 1364 465 ad
1381 430 1448 466 tri-

338 493 513 541 umphum.
520 492 676 541 frequen
683 493 831 527 tandum
847 493 1012 529 deductos
1028 506 1098 530 esse
1113 495 1257 536 milites,
1275 496 1336 543 qui
1350 479 1450 543 egre-

337 558 437 605 giam,
473 569 606 592 navare
642 568 786 604 operam
819 556 1021 604 reipublicae
1050 561 1268 605 potu-issent:
1305 564 1450 607 possent

340 624 463 663 etiam,
489 623 519 656 si
541 625 699 662 senatus,
721 621 816 669 quod
833 619 1072 668 festinatione
1100 623 1273 669 triumphi
1299 628 1449 670 praeter-

339 687 481 722 missum
508 689 607 726 esset,
630 685 668 719 id
691 685 877 719 restituere
905 684 1098 732 differendo
1127 685 1309 732 triumpho
1332 686 1450 722 vellet.

340 750 527 792 Juberent,
561 750 738 785 consulem
767 761 844 784 curn
876 749 1066 795 legionibus
1093 750 1210 785 redire
1239 750 1274 784 in
1304 750 1451 797 provin-

343 815 456 856 cianu-
488 815 574 849 dare
600 826 758 861 operam,
780 818 820 848 ut
846 812 999 860 Ligures
1022 813 1241 860 subigantur.
1298 814 1378 849 Nisi
1396 814 1454 849 illi

343 882 517 925 cogantur
537 879 571 913 in
591 875 654 923 jus
672 876 925 924 judiciumque
945 877 1073 924 populi
1096 877 1264 918 Romani,
1284 889 1329 912 ne
1347 878 1456 912 Boios

343 942 482 989 quidemv
502 943 700 988 quieturos:
719 945 784 975 aut
799 952 938 987 pacem,
955 945 1021 975 aut
1040 940 1169 976 bellum
1186 940 1370 988 utrobique
1387 940 1453 976 ha-

343 1005 467 1041 benda.
499 1006 662 1040 Det-ictis
682 1005 884 1052 Liguribus,
904 1016 1040 1052 paucos
1055 1009 1137 1052 post
1155 1017 1288 1040 menses
1302 1016 1454 1052 procon-

341 1069 454 1104 sulem
481 1069 524 1104 P.
547 1068 749 1104 Cornelium
771 1068 966 1103 multorum
992 1069 1166 1116 exemplo,
1187 1070 1248 1116 qui
1268 1069 1303 1103 in
1320 1069 1453 1115 magis-

343 1140 442 1170 tratu
464 1147 533 1170 non
554 1135 876 1182 triumphaverunt,
900 1134 1205 1181 triumphaturum
1223 1145 1305 1168 esse.

396 1197 485 1234 XL.
514 1197 575 1234 Ad
601 1210 645 1233 ea
669 1196 814 1239 consul,
842 1198 966 1244 Neque
995 1209 1030 1232 se
1056 1198 1207 1244 Ligures
1232 1196 1454 1243 provinciam

340 1264 505 1298 sortitum
524 1274 608 1303 esse,
630 1262 696 1303 ait,
719 1273 827 1309 neque
845 1273 925 1296 cum
944 1260 1135 1308 Liguribus
1153 1260 1281 1296 bellum
1296 1261 1453 1307 gessisse,

340 1337 452 1373 neque
471 1325 690 1373 triumphum
709 1326 752 1360 de
768 1327 810 1361 iis
825 1325 1030 1373 postulare:
1062 1325 1104 1365 Q.
1124 1324 1328 1360 Minucium
1347 1324 1454 1373 confi-

341 1392 423 1425 dere
441 1389 548 1431 brevi,
568 1389 721 1424 subactis
747 1390 801 1431 iis,
826 1391 989 1424 meritum
1010 1388 1229 1436 triumphu-m
1248 1388 1454 1436 postulatu-

339 1466 418 1489 rum
439 1459 546 1501 atque
567 1455 828 1500 inpetraturum
849 1465 930 1489 esse.
988 1453 1035 1488 Se
1054 1454 1098 1488 (le
1121 1453 1238 1488 Gallis
1256 1453 1356 1488 Boiis
1370 1464 1454 1500 pos-

342 1519 460 1554 tulare
491 1517 722 1565 triumphum,
755 1529 840 1565 quos
874 1519 950 1552 acie
976 1518 1114 1558 vicerit,
1145 1517 1269 1552 castris
1296 1518 1451 1553 eruerit.-

342 1594 490 1630 quorum
510 1587 651 1629 gentem
670 1582 775 1617 b'icluo
800 1586 881 1629 post
906 1593 1064 1629 pugnam
1091 1586 1200 1616 totam
1222 1581 1398 1627 acceperit
1417 1581 1454 1615 in

341 1647 580 1682 deditionem:
609 1659 630 1681 a
660 1646 782 1693 quibus
810 1645 943 1681 obsides
972 1645 1172 1688 abduxerit,
1192 1646 1292 1692 pacis
1308 1631 1456 1693 futurae

336 1710 480 1760 pignus.
538 1710 664 1745 Verum
687 1711 861 1744 enimvero
882 1710 973 1744 illud
991 1710 1103 1744 multo
1119 1706 1238 1757 jmajus
1256 1720 1338 1750 esse,
1360 1709 1455 1756 quod

343 1776 481 1810 tantum
502 1785 683 1809 numerum
711 1774 901 1808 Gallorum
917 1774 1085 1809 occiderit
1103 1775 1140 1808 in
1158 1774 1244 1814 acie,
1263 1773 1356 1820 quod
1374 1784 1453 1808 cum

343 1843 398 1873 tot
428 1838 584 1873 millibus
612 1842 706 1873 certe
740 1838 911 1873 Boiorum
943 1849 1046 1873 nemo
1080 1842 1164 1872 ante
1192 1849 1229 1873 se
1262 1838 1456 1884 imperator

338 1903 573 1950 pugnaverit.-
614 1901 696 1948 plus
728 1905 872 1947 partem
905 1901 1092 1935 dimidiam
1121 1912 1163 1935 ex
1194 1901 1454 1947 quinquaginta

343 1964 499 2000 millibus
525 1964 707 1998 homiuum
737 1975 874 2004 eaesam,
907 1964 1021 1997 multa
1049 1963 1166 1997 nullia
1195 1967 1324 2009 capta:
1358 1974 1453 1998 senes

341 2039 540 2077 puerosque
558 2027 658 2063 Boiis
675 2039 861 2073 superesse.
897 2027 1026 2074 Itaque
1045 2027 1081 2061 id
1100 2038 1307 2073 quemquam
1327 2027 1454 2062 mirari

340 2102 453 2141 posse,
476 2102 539 2126 cur
567 2092 681 2126 victor
698 2092 882 2132 exercitus,
911 2102 1016 2138 quum
1047 2089 1179 2126 hostem
1208 2091 1244 2124 in
1271 2091 1456 2136 provincia

344 2157 520 2192 neminem
548 2156 758 2202 reliquisset,
784 2155 938 2190 Romam
967 2155 1101 2190 venerit
1129 2154 1176 2188 ad
1205 2153 1453 2189 celebrandum

343 2219 496 2255 consulis
526 2217 776 2266 triumphum?
815 2218 978 2258 Quorum
1005 2218 1161 2252 militum
1185 2218 1215 2252 si
1247 2220 1282 2251 et
1310 2217 1346 2251 in
1375 2217 1451 2251 alia

339 2283 525 2331 provincia
554 2293 662 2330 opera
690 2283 744 2317 uti
770 2287 911 2317 senatus
940 2282 1041 2324 velit,-
1070 2286 1152 2317 utro
1178 2281 1320 2316 tandem
1344 2281 1450 2315 modo

341 2348 554 2395 promtiores
572 2347 620 2382 ad
643 2346 748 2382 aliud
767 2347 969 2396 periculum
989 2357 1186 2394 novumque
1203 2344 1357 2380 laborem
1378 2345 1450 2380 itu-
