1523 2666
255 204 335 234 100
709 204 753 232 T.
779 205 910 235 lell

57 296 98 326 U.
111 296 147 327 C.
167 303 238 329 546.
251 306 340 330 vero
359 292 564 330 exercitum
586 305 670 329 cum
690 294 795 337 duce,
826 297 864 331 in
884 295 1018 345 quibus
1049 309 1131 347 spes
1152 297 1274 334 omnis
1304 308 1362 334 re·-

54 340 94 371 Α·
111 340 147 371 C·
164 345 238 373 ²⁰⁶⁹
251 357 377 408 posita
404 357 571 392 victoriae
599 356 736 400 fuerat,
758 357 937 403 deletum,
968 360 1208 409 cedendoque
1236 361 1275 396 in
1295 373 1363 396 an-

249 420 379 470 gulum
407 420 601 456 Bruttium
633 426 759 456 cetera
786 421 899 458 ltalia
929 436 1163 466 concessum,
1194 425 1253 460 cui
1282 437 1361 460 non

248 486 419 522 videatur
438 484 622 527 mirabile,
644 484 788 521 nullum
810 493 953 522 motum
984 488 1024 523 in
1044 489 1175 524 castris
1194 488 1363 525 factum?

246 563 334 587 nam
365 550 410 586 ad
441 556 566 585 cetera
594 549 632 584 id
661 562 812 598 quoque
841 558 1063 595 accesserat,
1096 561 1136 588 ut
1164 565 1211 588 ne
1242 552 1365 589 alendi

247 615 398 664 quidem
427 613 628 656 exercitus,
656 614 729 649 nisi
749 626 793 649 ex
815 614 968 651 Bruttio
997 628 1103 664 agro,
1125 629 1208 666 spes
1238 624 1360 662 esset;

247 680 325 728 qui,
348 685 388 715 ut
407 678 529 714 omnis
550 676 749 721 coleretur,
771 679 928 728 exiguus
950 686 1076 716 tamen
1095 686 1205 716 tanto
1225 680 1361 717 alendo

247 743 428 779 exercitui
443 750 529 778 erat
542 757 554 788 ς
588 750 668 778 tum
685 755 864 792 magnam
885 752 1030 794 partem
1054 743 1266 794 juventutis
1297 745 1364 781 ab·

246 814 425 844 stractam
458 820 480 843 a
510 806 613 842 cultu
642 819 820 855 agrorum
853 807 994 843 bellum
1027 815 1291 857 occupaverat,
1326 813 1364 845 et

245 884 327 907 mos
347 871 441 907 vitio
461 871 574 906 etiam
596 871 730 905 insitus
759 871 863 918 genti
884 883 950 921 per
969 869 1169 907 iatrocinia
1187 870 1363 909 militiam

246 935 470 972 exercendi:
503 947 572 970 nec
602 934 649 970 ab
678 935 792 970 domo
820 935 1021 984 quidquam
1052 935 1288 979 mittebatur,
1316 936 1363 972 de

246 999 437 1050 Hispania
463 1000 659 1035 retinenda
678 998 866 1042 sollicitis,
886 1006 1078 1049 tamquam
1099 1000 1226 1036 omnia
1254 1013 1362 1050 pros-

52 1063 206 1111 Res-His.
246 1077 336 1116 pera
365 1065 404 1101 in
427 1063 540 1100 ltalia
558 1070 696 1100 essent.
753 1063 799 1100 In
829 1064 1019 1114 Hispania
1046 1077 1104 1100 res
1135 1065 1295 1113 quadam
1315 1077 1362 1102 ex

52 1117 168 1147 pamae’
246 1135 353 1179 parte
385 1128 552 1164 eamdem
589 1127 794 1170 fortunam,
832 1128 993 1177 quadam
1026 1127 1140 1176 longe
1174 1128 1361 1178 disparem

242 1192 462 1230 habebant:
496 1193 678 1235 eamdem,
697 1193 797 1241 quod
826 1192 962 1242 proelio
988 1193 1077 1228 victi
1107 1192 1359 1241 Karthagini-

247 1270 368 1300 enseS,
391 1257 483 1293 duce
504 1258 657 1299 amisso,
687 1257 724 1292 in
756 1256 924 1292 ultimam
948 1255 1143 1305 Hispaniae
1164 1269 1268 1292 oram
1298 1269 1361 1292 us·-

246 1335 317 1371 quc
348 1322 393 1358 ad
414 1321 611 1357 Oceanum
632 1321 815 1370 compulsi
838 1328 945 1356 erant
964 1334 971 1355 :
1004 1320 1190 1369 disparem
1218 1327 1360 1364 autem,

247 1387 346 1436 quod
373 1386 574 1436 Hispania,
606 1398 682 1422 non
712 1398 824 1433 quam
857 1384 969 1420 Italia
996 1384 1123 1426 modo,
1154 1385 1217 1420 sed
1249 1398 1361 1434 quam

247 1451 321 1487 ulla
350 1464 435 1502 pars
466 1458 665 1492 terrarum,
696 1449 797 1485 bello
818 1449 1027 1499 reparando
1045 1449 1169 1499 aptior
1188 1456 1282 1492 erat,
1302 1449 1359 1484 lo-

245 1529 376 1552 corum
412 1517 683 1564 hominumque
722 1515 907 1562 ingeniis:
955 1514 1082 1561 itaque
1116 1526 1207 1560 ergo
1240 1514 1360 1563 prima

245 1579 435 1616 Romanis
450 1580 546 1615 inita
574 1579 869 1628 provinciarum,
887 1590 970 1626 quae
990 1577 1138 1624 quidem
1161 1579 1360 1613 continen-

245 1646 293 1680 tis
326 1646 415 1687 sint,
448 1650 640 1694 postrema
673 1644 858 1685 omnium,
892 1650 1023 1678 nostra
1052 1642 1198 1677 demum
1234 1649 1359 1685 aetate,

246 1708 361 1744 ductu
390 1708 633 1757 auspicioque
663 1706 825 1754 Augusti
848 1706 1020 1747 Caesaris,
1052 1705 1262 1754 perdomita
1291 1713 1359 1742 est.

246 1772 306 1808 Ibi
325 1779 406 1808 tum
432 1770 647 1807 Hasdrubal
670 1770 865 1819 Gisgonis,
897 1770 1081 1805 maximus
1112 1768 1358 1806 clarissimus-

246 1850 318 1885 que
339 1850 384 1872 eo
404 1836 505 1872 bello
535 1836 740 1871 secundum
770 1835 953 1870 Barcinos
984 1834 1073 1876 dux,
1095 1846 1282 1882 regressus
1312 1835 1360 1871 ab

54 1900 233 1933 Hasdrubal
247 1901 431 1944 Gadibus,
466 1900 672 1936 rebellandi
709 1912 812 1950 spem
848 1898 1048 1948 adjuvante
1076 1898 1245 1946 Blagone
1278 1899 1361 1935 Ha-

53 1945 220 2025 ἓξῐᾞῗέῗ]
247 1966 410 2003 milcaris
439 1964 531 2006 filio,
559 1964 764 2000 delectibus
795 1977 860 2013 per
891 1962 1106 1998 ulteriorem
1132 1962 1360 2012 Hispaniam

52 2032 121 2062 lum
140 2032 187 2061 in·
246 2032 402 2075 habitis,
425 2031 470 2067 ad
489 2031 765 2079 quinquaginta
794 2029 911 2066 millia
939 2029 1121 2078 peditum,
1143 2035 1181 2065 et
1200 2036 1362 2078 quatuor

50 2081 179 2106 staurat.
247 2097 364 2135 millia
385 2104 420 2133 et
451 2097 677 2145 quingentos
699 2096 842 2144 equites
873 2094 1042 2130 armavit.
1099 2093 1159 2130 De
1178 2096 1362 2143 equestri-

246 2162 315 2199 bus
337 2162 454 2212 copiis
480 2161 598 2196 ferme
628 2161 726 2195 inter
755 2165 927 2195 auctores
956 2159 1158 2194 convenit:
1191 2159 1361 2209 peditum

247 2226 487 2276 septuaginta
509 2223 626 2260 millia
645 2223 795 2272 quidam
813 2223 974 2258 adducta
990 2222 1036 2258 ad
1054 2221 1210 2272 Silpiam
1228 2222 1359 2259 urbem

248 2290 429 2325 scribunt.
460 2289 519 2325 lbi
540 2301 651 2338 super
673 2300 824 2337 campos
842 2293 1014 2338 patentes
1031 2285 1106 2322 duo
1123 2286 1234 2322 duces
1250 2286 1361 2323 Poeni

247 2366 292 2390 ea
310 2360 450 2397 mente,
471 2366 518 2390 ne
539 2352 793 2389 detractarent
812 2359 1016 2394 certamen,
1038 2350 1301 2387 consederunt.
