1523 2666
302 221 388 265 324
761 232 806 262 Τ.
829 233 962 264 mvn

105 299 147 374 X
162 299 200 376 g·
214 310 289 381 333·
302 324 401 351 saeva
421 324 554 355 coorta
571 325 812 372 tempestate,
833 336 950 374 prope
970 323 1097 361 obruti
1123 325 1314 371 fluctibus,
1335 327 1412 365 dis-

88 1160 262 1202 Conloqui-

89 1214 148 1236 um
165 1207 257 1238 AEto-

86 1248 193 1281 lorum

87 1301 165 1324 cum
183 1295 239 1326 At-

84 1337 150 1368 talo
161 1345 192 1368 et
206 1338 266 1369 Ro-

88 1383 203 1413 manis.

300 381 413 430 persi,
435 395 573 433 magna
601 399 647 423 ex
676 394 784 438 parte
813 390 958 426 amissis
988 392 1246 436 armamentis,
1266 392 1307 429 in
1335 398 1412 430 ter-

298 457 379 482 ram
408 448 632 499 effugerunt.
689 453 814 490 Omen
843 468 993 505 quoque
1022 469 1067 493 ea
1094 457 1286 494 maritima
1314 463 1411 494 tem·

297 517 422 559 pestas
449 513 495 549 ad
521 527 600 551 rem
627 524 726 553 terra
743 519 956 566 gerendam
975 519 1071 556 fuit:
1103 533 1205 564 nam,
1227 521 1409 558 conlecti·

295 575 334 612 in
365 591 480 614 unum
509 581 682 626 navibus,
708 585 965 634 expositisque
994 588 1128 637 copiis,
1149 588 1317 638 adgressi
1346 600 1408 624 ur·

294 640 395 685 bem,
418 656 500 680 cum
532 645 660 682 multis
690 647 906 685 vulneribus
937 650 1090 700 repulsi,
1124 655 1180 699 (et
1209 658 1290 688 erat
1314 651 1408 689 vali-

294 705 382 742 dum
412 707 464 743 ibi
495 710 641 758 regium
672 713 905 761 praesidium)
929 714 1036 751 irrito
1065 716 1219 765 incepto
1247 716 1408 764 regressi

293 770 554 810 Canastraeum
576 774 748 812 Pallenes
769 776 970 826 trajecere:
1004 779 1105 822 inde,
1127 785 1304 827 superato
1327 779 1407 815 Το-

290 849 394 875 ronae
431 843 712 889 promontorio,
742 845 964 893 navigantes
1002 845 1220 880 Acanthum
1248 846 1403 894 petiere.

289 899 349 939 lbi
380 905 504 953 primo
533 919 623 954 ager
651 913 834 951 vastatuS,
857 909 989 945 deinde
1017 910 1097 959 ipsa
1125 909 1212 945 urbs
1232 910 1268 945 vi
1292 918 1402 959 capta

287 981 331 1004 ac
351 969 519 1020 direpta:
553 984 623 1007 nec
644 971 743 1007 ultra
762 974 949 1022 progressi
974 972 1068 1023 (jam
1092 975 1192 1010 enim
1212 980 1249 1010 et
1269 987 1400 1023 graves

285 1035 414 1083 praeda
440 1048 554 1071 naves
583 1035 794 1080 habebant)
823 1045 939 1080 retro,
962 1038 1059 1074 unde
1081 1046 1274 1082 venerant,
1298 1039 1401 1075 Scia·

284 1099 408 1143 thum,
430 1106 468 1136 et
488 1101 534 1136 ab
557 1101 712 1137 Sciatho
733 1101 921 1138 Euboeam
942 1110 1130 1152 repetunt.

339 1164 487 1202 XLVI.
518 1165 576 1202 Ibi
599 1166 730 1203 relicta
750 1167 881 1212 classe,
909 1169 1038 1205 decem
1065 1168 1224 1204 navibus
1245 1169 1399 1218 expedi-

284 1230 331 1266 tis
365 1231 490 1266 sinum
527 1231 735 1267 Maliacum
770 1233 972 1275 intravere,
1012 1234 1057 1269 ad
1091 1233 1396 1282 conloquendum

283 1307 369 1331 cum
389 1295 535 1332 AEtolis
566 1296 611 1332 de
641 1297 789 1333 ratione
819 1298 974 1344 gerendi
1005 1297 1105 1334 belli.
1163 1299 1398 1348 Sipyrrhicas

282 1359 438 1396 AEtolus
468 1361 642 1410 princeps
672 1361 875 1409 legationis
897 1361 977 1411 ejus
1008 1361 1094 1405 fuit,
1116 1375 1199 1411 quae
1227 1362 1273 1398 ad
1294 1376 1398 1399 com-

280 1424 510 1460 municanda
544 1425 703 1461 consilia
737 1425 964 1462 Heracleam
1002 1439 1086 1462 cum
1121 1439 1209 1475 rege
1238 1434 1276 1462 et
1312 1440 1398 1464 cum

280 1488 461 1526 Romano
480 1489 609 1539 legato
626 1491 739 1526 venit.
779 1490 947 1527 Petitum
967 1504 1011 1527 ex
1032 1491 1174 1528 foedere
1194 1491 1241 1528 ab
1261 1492 1397 1529 Attalo

281 1559 352 1598 est,
375 1561 415 1590 ut
435 1553 536 1591 mille
556 1554 694 1590 milites
714 1561 933 1604 praestaret:
967 1561 1116 1591 tantum
1142 1557 1242 1592 enim
1263 1569 1395 1593 nume-

280 1631 362 1655 rum
382 1618 522 1656 bellum
544 1619 761 1670 gerentibus
782 1620 957 1655 adversus
979 1619 1198 1670 Philippum
1218 1620 1393 1659 debebat.

281 1683 324 1720 Id
346 1691 526 1734 negatum
546 1685 689 1721 AEtolis
707 1700 713 1721 :
747 1685 847 1733 quod
873 1684 927 1720 illi
948 1698 1098 1733 quoque
1125 1686 1270 1734 gravati
1291 1686 1393 1735 prius

282 1755 408 1785 essent
428 1749 474 1785 ad
501 1749 757 1800 populandam
776 1748 1045 1785 Macedoniam
1065 1749 1182 1793 exire,
1203 1762 1279 1798 quo
1299 1757 1394 1787 tem-

281 1827 388 1865 pore,
420 1814 599 1865 Philippo
629 1815 729 1850 circa
758 1813 985 1862 Pergamum
1012 1820 1142 1850 urente
1172 1827 1278 1851 sacra
1306 1828 1395 1866 pro-

279 1879 459 1928 fanaque,
481 1879 699 1916 abstrahere
725 1892 810 1915 eum
840 1879 927 1915 inde
956 1886 1129 1928 respectu
1158 1890 1280 1915 rerum
1309 1892 1396 1917 sua-

281 1956 363 1980 rum
385 1944 610 1994 potuissent.
668 1943 730 1979 Ita
750 1942 874 1979 AEtoli
894 1956 977 1978 cum
1006 1956 1071 1993 spe
1092 1943 1228 1991 magiS‚
1250 1943 1394 1981 Roma·

281 2008 340 2044 nis
360 2008 490 2044 omnia
519 2007 801 2058 pollicentibus,
824 2020 936 2056 quam
963 2020 1047 2043 cum
1074 2007 1217 2043 anxilio
1237 2007 1394 2047 dimissi.

282 2073 574 2124 Apustius-cum
593 2072 727 2108 Attalo
751 2073 798 2109 ad
825 2071 980 2108 classem
1010 2072 1131 2108 rediit.
1188 2071 1283 2109 Inde
1303 2086 1395 2110 con-

283 2136 416 2173 sultari
453 2137 499 2174 de
526 2137 630 2173 Oreo
664 2136 923 2187 obpugnando
952 2143 1133 2186 coeptum.
1188 2135 1326 2174 Valida
1353 2151 1397 2175 ea

283 2202 416 2238 civitas
453 2208 491 2237 et
519 2201 725 2245 moenibus,
752 2207 803 2245 et,
835 2201 923 2250 quia
959 2207 1048 2236 ante
1080 2200 1205 2236 fuerat
1233 2207 1396 2247 tentata,

282 2266 392 2309 firmo
412 2272 492 2302 erat
510 2265 699 2316 praesidio.
758 2264 1047 2315 conjunxerant
1078 2277 1118 2301 se
1147 2265 1192 2300 iis
1219 2275 1306 2316 post
1331 2279 1396 2304 ex-

263 2331 555 2383 pugnationem
578 2330 699 2368 Andri
728 2343 813 2367 cum
843 2330 1024 2381 praefecto
1043 2329 1315 2379 Agesimbroto
1342 2331 1396 2367 vi-

281 2396 380 2446 ginti
406 2395 570 2434 Rhodiae
595 2409 724 2440 naveS,
749 2402 860 2434 tectae
886 2407 1038 2433 omnes:
1071 2407 1155 2432 eam
1178 2394 1336 2433 classem
1353 2396 1392 2432 in
