1523 2666
331 149 418 200 480
782 161 828 189 T.
853 161 989 190 LIV11

140 255 320 289 U.C.558.
336 251 479 286 Bellum
509 262 620 298 grave
648 251 691 287 ab
717 253 895 289 Antiocho
925 254 1118 289 inminere:
1138 252 1220 299 jam
1247 255 1361 302 ipsum
1378 266 1444 290 sua

140 302 177 332 A·
193 302 231 333 C·
250 308 458 364 ¹9⁴·sponte
477 317 513 351 in
532 316 718 364 Europam
739 322 1003 366 transgressum.
1063 318 1160 360 Quid
1180 319 1307 355 deinde
1314 319 1444 367 factu-

331 393 413 416 rum
432 386 622 423 censerent,
643 393 750 429 quum
770 382 852 418 hinc
870 383 993 420 AEtolz'
1011 383 1111 419 haud
1130 383 1233 419 dubie
1251 383 1365 420 hostes
1382 396 1444 420 vo-

331 449 454 480 carent
482 446 531 480 ad
560 445 702 487 bellum,
727 446 826 481 illinc
854 446 1054 488 Hannibal,
1086 447 1260 483 Romanis
1287 447 1446 483 cladibus

330 509 478 556 insignis
508 510 719 556 imperator,
752 510 986 546 stimularet?
1016 509 1122 546 Dum
1157 510 1203 546 de
1239 510 1442 561 provinciis

331 572 530 608 consulum
563 572 807 622 disceptatur,
842 579 1023 622 praetores
1057 575 1183 610 sortiti
1212 580 1313 611 sunt.
1370 575 1442 612 Cn.

327 636 508 672 ‚Domitio
542 636 686 672 urbana
708 636 940 686 jurisdictio,
970 637 1017 674 T.
1037 637 1218 674 Juventio
1244 639 1444 688 peregrina

332 702 470 738 evenit.
526 700 569 737 P.
591 701 771 737 Cornelio
791 701 981 751 Hispania
1002 701 1171 744 ulterior,
1190 699 1276 738 Sex.
1291 702 1443 751 Digitio

332 766 485 801 citerior
500 780 507 800 ε
531 764 677 801 duobus
699 765 770 802 Cu.
785 765 987 809 Corneliis,
1004 765 1176 802 Blasioni
1197 766 1339 810 Sicilia,
1355 766 1442 803 Me-

331 829 456 866 rendae
477 830 661 865 Sardinia.
718 830 765 866 In
782 830 1051 867 Macedoniam
1074 844 1215 868 novum
1235 831 1441 869 exercitum

331 896 581 945 transportari
601 908 679 931 non
700 894 862 945 placuit:
897 909 995 939 eum,
1014 897 1079 946 qui
1105 903 1203 934 esset
1226 897 1293 942 ibi,
1313 898 1442 934 reduci

330 960 371 995 in
391 958 543 995 Italiam
564 972 585 995 a
605 959 802 1002 Quinctio,
824 973 866 996 ac
887 960 1024 996 dimitti
1042 975 1049 996 z
1082 961 1173 997 item
1193 974 1279 997 eum
1298 962 1441 998 exerci-

330 1031 412 1060 tum
433 1024 586 1066 dimitti,
609 1024 673 1072 qui
693 1037 776 1060 cum
797 1024 853 1061 M.
875 1025 1012 1061 Porcio
1034 1026 1181 1062 Catone
1196 1027 1234 1061 in
1252 1025 1442 1076 Hispania

330 1096 440 1124 esset.
476 1087 705 1124 Consulibus
723 1088 908 1124 ambobus
930 1089 1081 1125 Italiam
1093 1090 1327 1139 provinciam
1343 1102 1438 1133 esse,

330 1161 365 1188 et
386 1153 477 1188 duas
505 1151 666 1187 urbanas
698 1165 761 1187 eos
782 1152 950 1201 legiones
972 1154 1155 1190 scribere:
1187 1161 1243 1197 ut,
1260 1154 1437 1197 dimissis,
1516 1162 1519 1205 ἰ

326 1229 420 1265 quos
452 1223 603 1252 senatus
635 1217 856 1260 censuisset,
888 1217 1130 1261 exercitibus,
1163 1225 1251 1254 octo
1279 1219 1438 1254 omnino
1516 1208 1519 1245 l

326 1282 512 1319 Romanae
532 1283 701 1331 legiones
723 1290 860 1320 essent.

379 1348 526 1384 XLIV.
556 1348 632 1383 Ver
661 1360 807 1383 sacrum
834 1348 978 1384 factum
1002 1355 1082 1385 erat
1100 1349 1226 1399 priore
1245 1360 1360 1392 anno,
1378 1348 1437 1386 M.

323 1411 462 1448 Porcio
489 1418 527 1448 et
554 1412 600 1448 L.
621 1411 775 1447 Valerio
795 1412 1037 1448 consulibus:
1070 1413 1108 1448 id
1128 1426 1243 1461 quum
1270 1413 1314 1449 P.
1330 1412 1434 1449 Lici-

323 1476 407 1511 nius
428 1476 600 1525 pontifex
617 1488 694 1511 non
712 1488 791 1511 esse
807 1483 908 1512 recte
923 1475 1066 1511 factum
1082 1476 1244 1524 collegio
1257 1477 1433 1526 primum,

323 1539 455 1576 deinde
475 1553 520 1577 ex
537 1541 764 1576 auctoritate
781 1540 931 1589 collegii
954 1540 1144 1583 Patribus,
1159 1541 1432 1584 renunciasset,

321 1603 367 1638 de
393 1604 542 1652 integro
571 1604 784 1640 faciendum
815 1604 1000 1640 arbitratu
1031 1604 1255 1654 pontificum
1275 1617 1431 1641 censue-

321 1676 432 1713 runt,
465 1668 649 1717 ludosque
671 1682 844 1717 magnos,
866 1670 930 1718 qui
957 1681 1032 1704 una
1052 1670 1132 1704 voti
1162 1676 1301 1712 essent,
1325 1675 1433 1706 tanta

320 1733 494 1783 pecunia,
526 1740 668 1782 quanta
697 1734 898 1776 adsoleret,
919 1733 1126 1771 faciendos.
1181 1734 1257 1769 Ver
1285 1747 1432 1770 sacrum

314 1797 432 1834 xideri
456 1810 583 1847 peet1S,
605 1798 704 1846 quod
725 1805 856 1833 natum
877 1803 975 1833 essct
994 1799 1093 1833 inter
1112 1797 1306 1834 Kalendas
1321 1797 1430 1834 Mar·

319 1862 404 1902 tias,
427 1869 463 1896 et
483 1862 602 1910 pridie
622 1861 817 1897 Kalendas
833 1861 973 1904 Maias,
994 1861 1037 1897 P.
1055 1861 1236 1897 Cornelio
1253 1862 1430 1911 Scipione

318 1931 356 1959 et
398 1924 458 1959 Ti.
495 1925 718 1974 Sempronio
757 1924 896 1972 Longo
931 1924 1161 1962 consulibus.
1219 1926 1430 1962 Censorum

318 1988 405 2023 inde
421 1988 577 2024 comitia
591 1988 723 2024 habita
739 1995 827 2023 sunt
842 2003 849 2024 ι
874 1989 990 2024 creati
1007 2001 1181 2024 censores
1204 1988 1290 2025 Sex.
1303 1988 1429 2025 AElius

317 2051 442 2087 Paetus
470 2059 508 2087 et
539 2052 580 2088 C.
603 2052 801 2088 Cornelius
830 2053 1021 2101 Cethegus
1046 2054 1254 2103 principem
1277 2060 1429 2090 senatus

315 2115 358 2153 P.
386 2116 603 2166 Scipionem
637 2116 845 2159 consulem,
873 2130 982 2166 quem
1015 2124 1052 2153 et
1079 2118 1223 2167 priores
1254 2130 1427 2154 censores

311 2180 500 2228 legerant,
522 2180 694 2230 legerunt
711 2197 717 2218 z
742 2188 817 2218 tres
834 2183 993 2218 omnino
1011 2189 1218 2224 senatoreS‚
1239 2183 1428 2220 neminem

310 2244 434 2281 curuli
451 2245 597 2281 honore
618 2258 740 2289 usum,
765 2247 1039 2296 praeterierunt.
1088 2246 1260 2282 Gratiam
1278 2259 1428 2296 quoque

308 2309 502 2355 ingentem
523 2310 619 2359 apud
640 2323 725 2346 eum
743 2311 917 2347 ordinem
939 2319 1180 2361 pepererunt,
1198 2311 1313 2360 quod,
1330 2311 1425 2348 ludis

306 2370 508 2418 Romanis,
530 2374 697 2412 aedilibus
721 2375 911 2412 curulibus
932 2377 1178 2427 imperarunt,
1208 2382 1246 2412 ut
1267 2375 1350 2413 loca
1370 2388 1426 2413 se-
