1507 2656
350 199 504 227 LIBER
527 197 679 226 XXXV.
713 196 818 225 CAP.
841 197 948 225 xlx.
1119 193 1199 239 521

95 287 298 323 cessandum
317 298 408 323 esse:
437 289 473 322 in
499 298 538 322 eo
557 287 651 321 enim
672 286 856 321 victoriam
886 286 990 327 verli,
1009 287 1040 321 si
1064 290 1099 322 et
1124 287 1203 322 loca
1213 290 1253 364 ἕ.
1267 289 1306 363 g.
1322 299 1395 325 559.

1246 355 1253 364 .
1296 356 1304 365 .
1323 341 1394 367 193.

94 355 308 396 opportuna,
329 355 363 385 et
381 351 466 386 socii
481 351 827 397 praeoccupizrentur.
861 348 1103 385 Hannibalem
1115 360 1201 397 quo-

95 425 161 460 que
177 415 251 449 sine
271 425 380 448 mora-
396 413 610 448 mittendum
639 414 675 448 in
693 410 859 461 Africam
887 423 957 447 esse
982 413 1030 448 ad
1054 413 1202 448 distrin-
1248 434 1251 437 -

90 477 223 522 gendos
241 476 429 512 Romanos.
615 513 618 516 ,

148 539 263 575 ΧΙΧ.
293 538 491 575 Hannibal
505 552 581 575 non
597 538 786 575 adhibitus
799 539 839 575 in
855 538 1069 582 consilium,
1085 550 1198 589 prop-
1213 540 1377 571 Hannibal

93 608 149 638 ter
169 603 371 652 conloquia
391 616 474 640 cum
496 603 611 639 Villio
633 609 826 653 suspectus
847 603 942 652 regi,
962 609 1001 638 et
1028 603 1066 638 in
1093 602 1198 638 nullo

90 674 222 717 postea
248 668 392 704 honore
419 668 585 711 habitus,
606 668 728 718 primo
748 679 830 703 eam
851 666 1119 703 contumeliam
1141 672 1197 703 ta-

91 731 186 766 citus
205 731 310 767 tulit:
344 732 477 767 deinde
505 731 638 767 melius
659 743 740 767 esse
759 736 877 773 ratus,
901 736 939 766 et
958 731 1197 780 percunctari

90 808 259 831 caussam
290 796 494 845 repentinae
515 795 769 837 alienationis,
791 801 829 830 et
847 807 1007 844 purgare
1027 806 1080 836 se,
1101 800 1198 829 tem-

88 872 179 909 porc
200 866 304 909 apto,
326 861 483 908 quaesita
502 860 723 909 simpliciter
748 859 951 895 iracundiae
980 870 1112 894 caussa
1132 871 1198 894 au-

88 923 253 972 ditaque,
282 925 395 960 Pater
426 925 630 966 Hamilcar,
661 923 798 972 inquit,
829 924 1017 966 Antioche,
1044 927 1249 971 parvumSe
1266 933 1388 967 purgat²

88 989 277 1023 admodum
307 1000 375 1029 me,
407 1000 516 1035 quum
543 988 773 1036 sacrificaret,
808 988 983 1023 altaribus
1013 988 1199 1022 admotum

76 1050 315 1097 jurejurando
334 1053 466 1099 adegit,
487 1064 682 1099 numquam
700 1052 853 1087 amicum
865 1051 954 1099 fore
976 1052 1102 1099 populi
1122 1051 1197 1086 Ro-

83 1117 192 1151 mani.
248 1115 322 1151 Sub
341 1115 405 1151 hoc
423 1120 647 1151 sacramento
665 1126 725 1149 sex
742 1119 777 1150 et
796 1116 948 1162 triginta
970 1126 1082 1149 annos
1100 1115 1197 1150 mili-

85 1180 181 1215 tavi:
211 1179 276 1215 hoc
300 1191 355 1214 me
381 1180 417 1214 in
443 1191 533 1227 pace
554 1181 680 1226 patria
704 1191 782 1215 mea
802 1179 962 1226 expulit:
992 1178 1056 1214 hoc
1071 1179 1197 1225 patria

82 1247 257 1278 extorrem
275 1244 312 1277 in
332 1247 430 1278 tuam
450 1244 587 1290 regiam
605 1244 783 1279 adduxit:
806 1242 869 1278 hoc
889 1243 989 1285 duce,
1001 1243 1031 1277 si
1049 1246 1086 1277 tu
1097 1253 1196 1289 spem

81 1318 197 1342 meam
217 1307 430 1349 destitueris,
447 1307 653 1355 ubicumque
667 1309 771 1349 vires,
789 1307 848 1342 ubi
867 1318 968 1342 arma
984 1318 1053 1342 esse
1067 1308 1192 1348 sciam,

1211 627 1286 666 regi.

80 1370 148 1407 huc
166 1372 318 1414 veniam,
337 1376 410 1407 toto
425 1371 506 1407 orbe
525 1376 703 1408 terrarum
723 1383 880 1420 quaerens
899 1370 1039 1418 aliquos
1055 1370 1192 1406 Roma-

75 1437 130 1470 nis
155 1435 279 1472 hostes.
337 1436 477 1483 Itaque,
497 1438 528 1472 si
551 1437 673 1484 quibus
704 1441 847 1472 tuorum
877 1437 962 1471 meis
987 1434 1192 1470 criminibus

77 1500 175 1546 apud
195 1504 228 1535 te
246 1511 398 1535 crescere
417 1501 511 1542 libet,
533 1501 644 1535 aliam
669 1502 857 1535 *miniterium
884 1500 1059 1534 crescendi
1077 1510 1118 1533 ex
1135 1509 1192 1533 me

78 1567 249 1609 quaerant.
309 1564 390 1606 Odi,
411 1565 561 1611 odioque
590 1576 667 1599 sum
699 1564 897 1599 Romanis.-
925 1564 964 1597 icl
988 1573 1044 1597 me
1070 1574 1191 1597 verum

77 1626 205 1667 dicere,
234 1631 340 1674 pater
361 1627 550 1662 Hamilcar
579 1632 613 1662 et
642 1628 711 1662 Dii
739 1631 839 1662 testes
863 1629 957 1661 sunt.
1015 1626 1188 1668 Proinde,

76 1702 182 1737 quum
213 1691 255 1725 (Ie
277 1690 365 1726 bello
385 1691 550 1727 Romano
576 1691 758 1738 cogitabis,
779 1693 873 1726 inter
893 1693 1030 1738 primos
1057 1691 1189 1725 amicos

75 1754 315 1790 Hannibalem
336 1754 485 1791 habeto:
513 1758 543 1791 si
563 1768 633 1803 qua
651 1767 704 1790 res
724 1760 756 1790 te
774 1756 823 1790 acl
839 1767 965 1802 pacem
984 1754 1186 1801 compellet,

75 1819 113 1852 in
146 1819 182 1853 id
216 1819 399 1854 consilium
436 1819 562 1860 alium,
598 1831 677 1854 cum
709 1831 777 1865 quo
815 1818 992 1858 deliberes,
1026 1819 1186 1864 quaerilo.

75 1880 167 1916 Non
188 1883 306 1917 movit
335 1883 448 1918 modo
475 1882 560 1918 talis
592 1883 714 1918 oratio
746 1894 887 1929 regem,
909 1881 973 1916 sed
993 1881 1106 1915 etiam
1126 1893 1185 1915 re·

75 1945 292 1981 conciliavit
327 1946 549 1982 Hannibali.
614 1946 675 1982 Ex
704 1945 865 1982 consilio
895 1945 950 1981 ita
982 1945 1186 1981 discessum

75 2016 145 2050 est,
166 2016 208 2044 ut
227 2009 367 2045 bellum
388 2018 591 2059 gereretur.

128 2071 221 2108 XX.
251 2071 386 2109 Romae
407 2073 647 2109 destinabant
668 2073 818 2121 quidem
838 2071 1073 2107 sermonibus
1093 2071 1182 2106 hos·
1196 2083 1238 2113 υ,
1252 2083 1289 2114 c,
1305 2088 1376 2116 560.

74 2143 151 2171 tem
172 2137 417 2180 Antiochum,
439 2138 502 2173 sed
531 2137 715 2173 nihildum
741 2137 787 2172 ad
816 2136 851 2171 id
880 2134 1020 2171 bellum
1046 2140 1183 2184 praeter
1194 2126 1283 2157 A·C·
1303 2134 1374 2160 ¹⁹2·

75 2200 220 2235 animos
250 2200 446 2251 parabant.
504 2200 733 2236 Consulibus
754 2199 939 2235 ambobus
962 2197 1072 2234 ltalia
1092 2210 1181 2247 pro-

75 2264 198 2301 vincia
217 2265 366 2302 decreta
385 2271 463 2301 est:
496 2266 551 2301 ita
569 2272 609 2301 ut
626 2266 724 2300 inter
744 2276 783 2301 se
803 2267 1079 2314 compararent,
1101 2273 1181 2300 sor-

1211 590 1376 623 suspectus
1420 605 1424 611 ·
