1507 2656
221 183 375 212 LIBER
399 181 591 211 XXVIII.
624 180 731 210 cAP.
754 181 938 211 XXXIX·
1059 181 1137 225 139

25 273 114 308 duce
133 277 199 309 aut
216 275 370 309 exercitu
389 285 476 321 opus
490 284 560 308 esse
570 289 584 317 ;
607 273 650 309 ab
674 273 844 308 Turdulis
861 284 924 308 nos
940 275 1138 310 veterrimis
1149 279 1191 309 U.
1205 279 1243 310 C.
1259 282 1336 314 547.

26 335 192 379 hostibus,
217 338 276 384 qui
300 338 436 385 prioris
461 348 598 384 quoque
626 337 753 372 excidii
781 348 906 372 caussa
929 337 1029 372 nobis
1045 323 1329 386 fue-A·C·2⁰⁵·

24 405 121 444 rant,
143 403 318 449 exstingui
344 413 466 450 posse:
497 414 605 449 quum
633 413 674 437 ex
703 402 883 448 insperato
901 406 1046 449 repente
1069 404 1139 438 mi-

23 466 118 500 sistis
145 465 241 501 nobis
269 466 313 501 P.
334 465 427 501 hunc
455 465 686 513 Scipionem:
715 477 830 513 quem,
850 464 1140 512 fortunatissimi

23 530 180 564 omnium
200 529 487 576 Saguntinorum
507 530 682 572 videmur,
704 531 790 577 quia
818 530 996 565 consulem
1014 531 1137 566 decla-

20 597 143 628 ratum
160 593 331 636 videmus,
352 606 394 629 ac
412 594 540 629 vidisse
557 606 619 629 nos
638 593 769 629 civibus
791 596 920 630 nostris
947 595 1137 631 renuncia-

22 657 95 692 turi
125 669 258 700 sumus,
291 670 390 706 spem
425 670 562 694 omnem
591 659 812 707 salutemque
846 663 1031 695 nostram:
1059 660 1135 707 qui,

20 732 138 768 quum'
143 722 322 769 plurimas
340 722 493 759 hostium
511 727 708 759 vestrorum
727 725 872 772 cepisset
898 725 935 760 in
953 723 1138 771 Hispania

16 784 134 827 urbes,
157 785 283 833 ubique
301 798 343 822 ex
361 791 550 835 captorum
576 800 723 824 numero
742 792 898 824 excretos
916 787 1137 835 Saguntinos

17 849 56 883 in
67 850 230 896 patriam
259 852 419 894 remisit5
443 856 625 899 postremo
660 853 933 895 Turdetaniam,
960 853 1049 887 adeo
1076 853 1134 887 in-

5 912 147 962 festam
176 914 285 956 nobis,
312 920 354 950 ut
380 916 445 950 illa
472 921 579 962 gente
606 918 775 951 incolumi
801 922 899 951 stare
927 916 1135 962 Saguntum

15 990 87 1014 non
104 982 234 1025 posset,
255 980 308 1013 ita
327 978 417 1013 bello
437 979 594 1028 adflixit,
615 984 656 1015 ut
675 991 746 1015 non
765 981 869 1015 modo
890 979 1000 1021 nobis,
1024 979 1134 1026 (absit

15 1043 118 1079 verbo
137 1043 291 1090 invidia)
313 1055 357 1079 ne
370 1045 523 1091 posteris
541 1045 684 1091 quidem
703 1045 864 1079 timenda
885 1045 1014 1079 nostris
1032 1048 1133 1082 esset.

13 1108 189 1146 Deletam
213 1108 334 1144 urbem
363 1110 539 1144 cernimus
566 1119 702 1150 eorum,
731 1120 880 1156 quorum
909 1109 946 1143 ‘in
969 1109 1133 1155 gratiam

13 1172 218 1220 Saguntum
236 1173 416 1208 deleverat
433 1172 647 1208 Hannibal:
673 1173 829 1220 vectigal
846 1183 887 1207 ex
905 1183 993 1219 agro
1009 1184 1132 1210 eorum

11 1238 184 1285 capimus,
215 1237 309 1284 quod
335 1236 434 1272 nobis
460 1249 532 1272 non
549 1235 684 1285 fructu
704 1235 905 1282 jucundius
932 1241 996 1279 est,
1021 1249 1132 1285 quam

9 1302 158 1339 ultione.
216 1301 266 1337 Ob
285 1301 372 1344 liaec,
393 1301 516 1349 quibus
534 1300 674 1348 majora
700 1314 812 1349 neque
839 1313 997 1350 sperare,
1017 1313 1131 1350 neque

8 1372 136 1415 optare
161 1366 205 1402 ab
223 1366 311 1403 Diis
328 1367 576 1403 inmortalibus
601 1371 822 1414 poteramus,
840 1367 981 1414 gratias
1006 1371 1129 1403 actum

10 1443 72 1468 nos
101 1432 218 1467 decem
247 1432 383 1479 legatos
411 1432 638 1479 Saguntinus
663 1436 807 1467 senatus
826 1431 1052 1479 populusque
1080 1431 1130 1467 ad

7 1508 70 1532 vos
86 1497 209 1532 misit:
235 1497 343 1532 simul
358 1498 600 1544 gratulatum,
623 1498 718 1545 quod
736 1498 791 1533 ita
808 1508 863 1532 res
882 1496 944 1532 hos
962 1507 1072 1532 annos
1088 1497 1128 1531 in

2 1561 189 1609 >Hispania
223 1566 329 1609 atque
364 1561 478 1598 Italia
512 1563 679 1609 gessistis,
716 1567 758 1598 ut
793 1561 1014 1608 Hispaniam
1054 1571 1128 1596 non

8 1623 110 1661 Ibero
129 1637 232 1660 amne
251 1630 362 1668 tenus,
381 1627 443 1661 secl
462 1638 534 1673 qua
554 1631 729 1662 terrarum
748 1626 898 1662 ultimas
912 1625 1004 1672 finit
1023 1635 1126 1659 ocea-

6 1701 86 1732 nus,
119 1690 293 1725 domitam
325 1692 434 1726 armis
467 1690 626 1725 habeatis
639 1706 651 1726 .·
684 1690 817 1731 Italiae,
850 1689 920 1723 nisi
951 1694 1128 1736 quatenus

7 1755 146 1791 vallum
166 1759 362 1790 castrorum
381 1757 504 1802 cingit,
525 1755 619 1790 nihil
636 1755 853 1802 reliqueritis
873 1754 994 1788 Poeno.
1040 1753 1127 1790 Jovi

8 1821 141 1866 optimo
169 1822 339 1861 maximo,
366 1821 513 1867 praesidi
534 1820 751 1867 Capitolinae
779 1820 885 1860 arcis,
910 1830 979 1853 non
1004 1822 1127 1865 grates

8 1888 150 1919 tantum
187 1884 228 1919 ob
265 1885 337 1920 hoec
373 1896 479 1931 agere
505 1883 597 1930 jussi
632 1896 764 1925 sumus,
799 1885 860 1919 sed
893 1884 1024 1918 (Ionum
1061 1882 1127 1918 hoc

6 1948 129 1990 etiam,
152 1949 181 1983 si
200 1959 260 1983 vos
274 1950 541 1995 permitteretis,
563 1960 729 1984 coronam
751 1960 898 1983 auream
917 1948 955 1982 in
977 1947 1124 1994 Capito-

6 2011 94 2048 lium
113 2013 271 2047 vietorioe
295 2024 379 2060 ergo
396 2012 515 2061 ferre.
573 2013 620 2049 Id
647 2014 703 2049 uti
728 2013 963 2060 permittatis,
986 2023 1124 2059 quaesu-

4 2087 82 2112 mus
95 2092 106 2112 .·
134 2078 271 2124 utique,
292 2079 323 2111 si
342 2077 435 2112 vobis
456 2079 507 2112 ita
522 2078 678 2119 videtur,
699 2089 775 2124 quae
803 2076 900 2112 uobis
928 2077 1123 2122 imperato-

4 2152 59 2175 res
76 2142 183 2176 vestri
202 2143 386 2176 commoda
406 2141 619 2183 tribuerunt,
640 2154 682 2177 ea
710 2146 794 2177 rata
813 2145 920 2188 atque
947 2144 1123 2187 perpetua

5 2206 224 2240 auctoritate
242 2210 355 2241 vestra
364 2204 531 2254 faciatis.
589 2205 749 2241 Senatus
780 2204 914 2252 legatis
941 2203 1120 2251 Sagunti-

4 2268 62 2303 nis
93 2270 300 2318 respondit,
332 2271 382 2306 Et
415 2272 578 2306 dirutum
611 2274 647 2306 et
678 2271 884 2305 restitutum
916 2268 1121 2316 Saguntum

0 2332 84 2380 fidei
114 2334 257 2370 socialis
285 2336 464 2385 utrimque
497 2339 645 2371 servatae
677 2335 929 2371 documentum
960 2331 1120 2368 omnibus
