1507 2656
0 2308 10 2656 :za—*Q

294 172 449 202 LIBER
472 170 650 200 XXXIV·
683 169 789 198 CAP.
811 169 940 199 XLII.
1091 169 1174 214 479

69 259 189 298 millia
234 260 410 305 militum,
459 266 569 310 capta
609 257 691 308 plus
742 263 905 307 quatuor
950 257 1071 296 millia
1117 272 1174 296 es-

63 331 161 362 sent.

121 387 252 425 XLII.
282 388 429 425 Eodem
453 386 532 423 fere
554 391 724 436 tempore
745 390 782 420 et
808 397 830 421 a
856 384 903 422 T.
923 385 1107 424 Quinctio
1133 388 1178 425 de

68 450 179 488 rebus
213 452 261 488 ad
291 451 607 488 Lacedaemonem
644 449 776 497 gestiS‚
811 454 847 484 et
878 447 925 484 ab
960 448 1019 486 M.
1038 450 1177 488 Porcio

67 515 222 552 consule
245 529 291 552 ex
321 516 512 566 Hispania
540 514 660 551 literae
692 513 846 550 adlatae:
879 513 1074 563 utriusque
1106 527 1177 552 no-

66 579 169 616 mine
188 580 226 616 in
250 579 327 615 dies
347 587 476 616 ternos
497 578 723 629 supplicatio
742 591 764 613 a
784 583 917 613 senatu
936 577 1087 615 decreta
1106 586 1175 617 est.

66 642 114 680 L.
134 643 306 681 Valerius
327 644 473 687 consul,
494 656 609 693 quum
635 649 722 693 post
747 643 851 678 fusos
878 642 978 678 circa
994 642 1177 681 Litanam

69 707 199 746 silvam
226 709 344 746 Boios
373 710 539 759 quietam
565 707 798 759 provinciam
821 706 1029 750 habuisset,
1057 709 1175 744 comi-

69 773 208 810 tiorum
237 786 368 811 caussa
399 773 565 810 Romam
598 772 732 817 rediit3
765 778 801 808 et
833 771 974 807 creavit
1003 772 1176 809 consules

69 836 113 873 P.
141 838 361 875 Cornelium
388 838 604 888 Scipionem
636 835 860 873 Africanum
888 835 1025 872 iterum
1053 842 1091 872 et
1116 836 1178 874 Ti.

71 900 336 951 Sempronium
354 901 546 950 Longum.
602 900 753 937 Horum
776 905 901 950 patres
924 899 1046 949 primo
1075 912 1177 937 anno

70 966 223 1001 secundi
243 966 377 1003 Punici
397 966 486 1003 belli
507 965 679 1002 consules
699 965 861 1001 fuerant.
891 963 1075 1000 Praetoria
1090 964 1178 1001 inde

69 1029 226 1065 comitia
256 1029 410 1066 habita:
443 1030 560 1065 creati
588 1029 632 1065 P.
649 1028 848 1065 Cornelius
870 1028 1011 1077 Scipio,
1039 1034 1076 1063 et
1101 1028 1177 1065 duo

69 1092 139 1129 Cu.
161 1092 343 1135 Cornelii,
372 1092 558 1129 Merenda
590 1099 629 1128 et
657 1092 803 1134 Blasio,
828 1098 866 1126 et
893 1091 964 1127 Cn.
980 1090 1177 1127 Domitius

69 1156 361 1201 Ahenobarbus,
400 1164 439 1193 et
475 1157 561 1194 Sex.
597 1156 782 1205 Digitius,
821 1162 859 1191 et
897 1155 944 1192 T.
977 1154 1177 1191 Juventius

69 1221 230 1259 Thalna.
288 1223 463 1258 Comitiis
486 1221 677 1272 perfectis,
711 1219 845 1257 consul
877 1220 916 1255 in
943 1220 1177 1270 provinciam

68 1285 190 1323 rediit.
246 1285 402 1322 Novum
414 1284 478 1335 jus
500 1298 545 1321 eo
566 1297 666 1321 anno
687 1298 710 1320 a
727 1283 1035 1320 Ferentinatibus
1053 1290 1176 1321 tenta-

69 1355 164 1392 tum,
187 1355 229 1385 ut
253 1349 398 1393 Latini,
419 1349 482 1398 qui
501 1349 541 1384 in
564 1348 753 1385 coloniam
781 1347 996 1384 Romanam
1022 1349 1179 1386 nomina

71 1413 274 1456 dedissent,
306 1413 404 1449 cives
430 1412 598 1449 Romani
632 1418 768 1448 essent.
825 1411 1023 1455 Puteolos,
1056 1412 1179 1450 Saler-

70 1489 250 1526 numque,
271 1483 309 1512 et
327 1477 546 1513 Buxentum
575 1476 754 1525 adscripti
777 1475 918 1517 coloni,
940 1476 1003 1524 qui
1024 1478 1181 1513 nomina

71 1541 264 1584 dederant,
286 1554 400 1590 quum
427 1540 476 1577 ob
502 1541 540 1576 id
572 1553 611 1576 se
640 1553 709 1591 pro
730 1539 872 1576 civibus
900 1540 1084 1576 Romanis
1105 1541 1180 1577 fer-

72 1613 170 1651 rent,
198 1613 349 1644 senatus
373 1605 575 1657 judicavit,
595 1618 673 1642 non
703 1618 783 1643 esse
813 1618 876 1642 eos
907 1606 1005 1642 cives
1034 1605 1180 1643 Roma·

69 1684 152 1709 nos.

126 1746 281 1783 XLIII.
310 1745 504 1795 Principio
537 1745 640 1787 anni,
679 1757 753 1793 quo
796 1744 839 1781 P.
871 1745 999 1795 Scipio
1030 1746 1179 1783 Africa·

73 1823 143 1847 nus
182 1812 317 1847 iterum
357 1817 396 1847 et
436 1810 496 1846 Ti.
528 1810 771 1860 Sempronius
809 1808 967 1857 Longus
1006 1810 1179 1847 consules

72 1876 239 1917 fuerunt,
283 1874 400 1922 legati
443 1873 604 1910 Nabidis
657 1873 807 1922 tyranni
852 1873 1016 1910 Romam
1066 1886 1180 1911 vene-

71 1945 172 1976 runt.
230 1938 281 1974 Iis
317 1944 423 1974 extra
455 1937 587 1973 urbem
623 1937 662 1973 in
693 1936 769 1973 aede
802 1936 990 1986 Apollinis
1028 1945 1180 1974 senatus

74 2003 182 2040 datus
202 2009 278 2038 est:
311 2015 398 2052 pax,
420 2014 501 2050 quae
528 2014 613 2039 cum
641 2001 688 2038 T.
708 2001 893 2040 Quinctio
927 2002 1180 2046 convenisset,

73 2075 117 2105 ut
135 2073 217 2104 rata
236 2072 348 2108 esset,
369 2067 573 2116 petierunt,
589 2066 959 2116 inpetraveruntque.
1015 2064 1077 2101 De
1091 2078 1181 2117 pro·

74 2131 208 2169 vinciis
228 2143 341 2179 quum
363 2129 521 2166 relatum
542 2135 653 2172 esset,
674 2135 825 2165 senatus
845 2127 1020 2176 frequens
1039 2129 1079 2165 ln
1099 2142 1182 2166 eam

78 2195 304 2232 sententiam
323 2193 427 2240 ibat3
460 2200 515 2237 ut,
532 2194 711 2243 quoniam
728 2194 765 2230 in
787 2193 975 2245 Hispania
995 2199 1031 2229 et
1050 2192 1183 2230 Mace-

77 2260 193 2297 donia
218 2258 446 2297 debellatum
472 2257 585 2301 foret,
613 2257 831 2294 consulibus
861 2256 1044 2294 ambobus
1071 2256 1184 2295 Italia

76 2323 270 2375 provincia
290 2329 399 2360 esset.
457 2322 599 2372 Scipio,
619 2324 706 2359 satis
729 2334 799 2359 esse
825 2322 944 2361 Itaziae
967 2333 1080 2360 unum
1098 2334 1183 2361 cem·

70 2389 194 2433 sulem,
213 2386 391 2426 censebat
407 2401 414 2424 z
443 2387 550 2425 alteri
561 2387 817 2425 decernendam
832 2386 1085 2425 Macedoniam
1100 2398 1181 2425 esee.

1188 261 1230 294 U.
1243 261 1280 293 C.
1295 269 1370 297 5⁵7·

1187 306 1227 336 A.
1241 305 1278 337 C.
1297 312 1371 339 195.

1193 1744 1235 1774 U.
1249 1742 1284 1774 C.
1302 1751 1374 1777 558.

1192 1789 1230 1818 A.
1245 1787 1281 1817 C.
1302 1794 1373 1821 194·
