1507 2656
349 238 506 267 LIBER
536 236 718 266 xxxw.
752 237 859 267 cAP.
882 238 1029 268 XXIV.
1156 227 1240 282 587

118 333 232 372 esset,
253 327 430 364 adversus
456 333 619 377 quatuor
643 339 662 363 e
682 326 852 377 partibus
881 327 989 364 simul
1012 327 1238 378 obpugnan-
1254 333 1295 364 U,
1310 333 1346 364 C.
1363 336 1439 367 5611

116 398 193 429 tem
214 393 364 429 hostem
386 398 594 428 nocturnus
615 392 751 428 diurno
773 392 1019 428 continuatus
1039 393 1148 429 labor
1169 379 1290 432 est.A‘
1305 377 1341 408 C·
1362 386 1434 411 ¹91'

116 456 244 496 Quum
273 455 454 504 fatigatos
479 455 563 506 jam
594 455 749 492 AEtolos
771 456 884 492 sciret
904 455 1036 492 consul
1056 463 1093 492 et
1113 469 1159 493 ex
1177 470 1237 494 ra-

115 521 220 557 tione
239 521 438 571 temporis,
466 527 504 557 et
533 521 634 570 quod
663 522 717 557 ita
744 520 951 569 transfugae
971 521 1234 566 adfirmabant,

114 584 191 620 tale
217 585 419 621 consilium
448 585 559 621 iniit:
593 586 716 622 media
744 591 859 622 nocte
888 586 1056 637 receptui
1085 586 1236 635 signum

113 648 230 693 dedit,
252 656 290 685 et
309 649 356 686 ab
377 649 667 699 obpugnatione
697 648 810 685 simul
839 662 970 686 omnes
1001 650 1138 686 milites
1169 650 1233 688 de-

111 713 243 750 ductos
265 726 381 763 usque
402 714 449 749 ad
469 714 620 750 tertiam
641 714 714 750 diei
730 714 863 750 horam
880 714 1028 762 quietos
1046 714 1083 749 in
1099 714 1231 750 castris

112 777 260 816 tenuit:
293 779 380 815 inde
411 784 538 829 coepta
567 778 804 829 obpugnatio
835 778 881 814 ad
912 778 1073 814 mediam
1103 791 1232 815 rursus

110 850 263 880 noctem
298 843 480 894 perducta
510 849 567 878 est
584 859 594 887 3
627 842 843 878 intermissa
872 841 1007 878 deinde
1036 854 1155 891 usque
1184 842 1232 879 ad

110 909 262 944 tertiam
283 908 357 943 diei
376 907 523 943 horam.
561 906 845 955 Fatigationem
865 906 937 942 rati
958 918 1130 942 caussam
1150 918 1231 942 esse

112 971 239 1008 AEtoli
257 984 335 1008 non
357 970 627 1007 continuandae
644 970 956 1019 obpugnationis,
974 982 1055 1018 quae
1072 975 1109 1005 et
1128 970 1230 1020 ipsos

115 1036 318 1079 adfecerat,
337 1035 401 1071 ubi
418 1035 606 1071 Romanis
625 1035 753 1070 datum
771 1035 938 1084 receptui
951 1035 1101 1083 signum
1117 1041 1230 1078 esset,

110 1099 214 1135 velut
233 1101 305 1149 ipsi
325 1112 477 1148 quoque
492 1099 567 1135 hoc
584 1099 765 1141 revocati,
782 1111 851 1148 pro
867 1111 905 1134 se
923 1099 1081 1147 quisque
1094 1111 1140 1134 ex
1153 1105 1231 1135 sta-

109 1163 279 1199 tionibus
301 1162 564 1199 decedebant:
598 1175 668 1198 nec
698 1167 786 1198 ante
814 1162 966 1198 tertiam
995 1162 1067 1198 diei
1096 1163 1228 1199 horam

111 1228 245 1264 armati
266 1228 302 1263 in
325 1227 439 1262 muris
458 1226 703 1276 adparebant.

165 1290 319 1327 XXIV.
350 1290 510 1334 Consul,
535 1303 650 1339 quum
673 1296 787 1327 nocte
811 1290 936 1327 media
964 1290 1228 1328 intermisisset

111 1355 453 1406 obpugnationem,
479 1361 613 1403 quarta
633 1354 762 1403 vigilia
787 1367 913 1390 rursus
934 1353 981 1390 ab
1000 1354 1120 1391 tribus
1140 1368 1228 1405 par-

110 1420 211 1456 tibus
232 1432 377 1455 summa
398 1420 436 1455 vi
465 1419 678 1467 adgressus,
701 1419 747 1455 ab
775 1431 850 1455 una
877 1418 937 1456 Ti.
960 1419 1225 1468 Sempronium

108 1492 237 1521 tenere
256 1484 424 1519 intentos
444 1482 582 1519 milites
605 1484 830 1532 signumque
854 1489 1114 1533 exspectantes
1137 1483 1224 1533 jus-

109 1548 171 1591 sit,
192 1547 238 1583 ad
255 1560 299 1583 ea
317 1547 355 1582 in
376 1554 568 1583 nocturno
585 1546 770 1590 tumultu,
788 1546 886 1582 unde
907 1546 1048 1582 clamor
1067 1547 1223 1582 exaudi-

106 1617 223 1654 retur,
243 1611 344 1647 haud
364 1610 476 1647 dubie
496 1617 598 1647 ratus
619 1611 749 1646 hostes
776 1623 1038 1647 concursuros.
1095 1610 1222 1647 AEtoli

106 1688 191 1728 pars
213 1675 326 1725 sopiti
347 1675 495 1711 adfecta
511 1674 641 1711 labore
661 1688 704 1711 ac
726 1674 862 1723 vigiliis
879 1687 1039 1725 corpora
1055 1687 1100 1711 ex
1120 1687 1222 1711 som-

105 1755 157 1779 no
172 1740 452 1778 moliebantur:
484 1753 569 1790 pars
589 1739 788 1789 vigilantes
813 1740 935 1776 adhuc
956 1740 1000 1776 ad
1022 1741 1220 1790 strepitum

106 1806 357 1857 pugnantium
377 1806 414 1841 in
436 1805 603 1841 tenebris
625 1812 793 1841 currunt.
833 1804 977 1840 Hostes
997 1806 1133 1854 partim
1154 1818 1221 1854 per

104 1869 410 1920 ruinasjacentis
431 1871 526 1905 muri
548 1870 814 1905 transcendere
836 1875 1024 1905 conantur
1042 1883 1049 1904 :
1081 1870 1220 1919 partim

105 1935 214 1972 scalis
235 1935 435 1971 adscensus
456 1940 631 1970 tentant:
665 1934 840 1969 adversus
872 1945 965 1983 quos
990 1933 1153 1982 undique
1174 1933 1221 1969 ad

105 2012 216 2050 opem
235 1999 427 2035 ferendam
449 1998 658 2034 obcurrunt
679 1998 818 2034 sEtoli.
866 1998 957 2033 Pars
979 2010 1067 2040 una,
1088 1998 1125 2033 in
1147 2010 1221 2046 qua

107 2064 263 2101 aedificia
282 2071 388 2099 extra
408 2063 538 2099 urbem
559 2070 680 2105 erant,
698 2075 820 2111 neque
849 2061 1076 2104 defenditur,
1098 2074 1219 2110 neque

106 2128 374 2178 obpugnatur:
408 2127 485 2170 sed,
507 2128 570 2175 qui
599 2126 880 2177 obpugnarent,
901 2126 1038 2162 intenti
1070 2127 1218 2175 signum

107 2194 405 2245 exspectabant5
439 2194 615 2230 defensor
633 2206 746 2229 nemo
767 2194 908 2230 aderat.
951 2193 1038 2229 Jam
1058 2193 1217 2230 diluces-
1232 2204 1271 2235 131
1285 2209 1378 2247 capit,

106 2259 229 2302 cebat,
251 2271 364 2307 quum
387 2259 534 2307 signum
554 2257 686 2294 consul
705 2258 807 2293 dedit
826 2272 832 2293 ι
865 2263 903 2293 et
922 2257 1002 2293 sine
1032 2256 1108 2293 ullo
1137 2270 1218 2293 cer-

105 2324 248 2360 tamine
267 2323 404 2374 partim
431 2335 497 2373 per
526 2323 719 2366 semiruta,
741 2323 880 2372 partim
909 2321 1018 2359 scalis
1048 2322 1217 2371 integros

103 2401 230 2427 muros
252 2387 528 2428 transcendere.
586 2387 705 2424 Simul
726 2388 882 2434 clamor,
903 2386 1017 2426 index
1033 2387 1132 2440 capti
1150 2399 1219 2441 op<

599 2453 627 2490 C
650 2466 668 2491 c
688 2454 714 2494 6
