1507 2656
348 135 501 164 LIBER
527 132 702 163 xxvn.
735 132 843 161 cAP.
866 131 961 161 VII·
1169 132 1217 175 13

101 223 187 260 mile
207 224 282 260 veri
301 224 421 259 visum
450 229 521 266 est,
543 234 684 259 annum
705 223 896 270 integrum
915 220 1132 270 Scipionem
1159 221 1219 257 ni-

99 287 152 325 hil
168 289 337 337 gerundo
355 288 392 324 in
413 288 599 337 Hispania
615 287 879 323 consumsisse.
926 286 974 325 Q.
989 285 1109 322 Fabio
1129 285 1216 322 Ma-
1230 285 1273 316 U.
1284 285 1320 317 C.
1340 293 1416 319 ⁵43.

96 352 201 388 ximo
216 353 404 401 quintum,
422 353 469 391 Q.
484 351 619 387 Fulvio
635 350 773 386 Flacco
790 356 965 399 quartum
981 349 1215 394 consulibus,
1228 330 1268 359 A'
1284 329 1320 360 C'
1340 337 1416 363 ²⁰⁹⁰

97 415 227 452 Idibus
246 416 413 459 Martiis,
435 429 510 465 quo
531 415 591 451 die
611 415 877 463 magistratum
899 414 1082 457 inierunt,
1103 413 1219 451 Italia

95 480 279 517 ambobus
307 482 503 530 provincia
523 481 674 516 decreta
688 495 697 524 3
731 478 950 528 regionibus
975 484 1104 514 tamen
1129 491 1216 528 par-

93 544 206 580 titum
239 545 461 594 imperium:
493 543 633 580 Fabius
663 544 710 580 ad
738 543 963 585 Tarentum,
994 541 1149 578 Fulvius
1175 543 1216 578 in

93 607 258 645 Lucanis
279 622 322 645 ac
337 609 499 645 Bruttiis
521 621 597 645 rem
615 614 775 657 gereret.
831 607 888 643 M.
903 607 1064 643 Claudio
1079 620 1215 657 proro-

92 677 222 720 gatum
248 673 284 708 in
314 684 455 708 annum
485 673 696 722 imperium.
754 671 941 707 Praetores
967 671 1092 707 sortiti
1123 684 1213 721 pro-

90 736 256 772 vincias:
290 737 332 773 C.
347 737 537 773 Hostilius
557 736 729 773 Tubulus
751 735 949 778 urbanam,
971 735 1016 771 L.
1032 735 1211 772 Veturius

90 799 204 836 Philo
216 801 454 850 peregrinam
469 814 554 837 cum
571 800 710 844 Gallia,
731 800 777 836 T.
791 800 994 838 Quinctius
1014 799 1210 848 Crispinus

92 865 275 915 Capuam,
299 867 635 903 C.Aurunculeius
653 866 876 902 Sardiniam.
933 865 1134 901 Exercitus
1154 866 1210 902 ita

89 941 155 979 per
174 930 387 979 provincias
408 931 528 967 divisi.
586 931 722 966 Fulvio
743 931 824 966 duae
844 930 1028 978 legiones,
1051 942 1141 978 quas
1168 930 1208 966 in

90 993 218 1030 Sicilia
236 994 293 1031 M.
308 995 479 1031 Valerius
496 995 674 1031 Laevinus
695 995 854 1030 haberet
869 1010 876 1030 ε
909 995 957 1033 Q.
971 994 1107 1036 Fabio,
1125 994 1209 1043 qui-

88 1057 156 1094 bus
194 1058 233 1094 in
264 1059 417 1095 Etruria
449 1060 492 1095 C.
521 1059 748 1109 Calpurnius
779 1058 1005 1108 praefuisset,
1036 1059 1209 1095 decretae.

86 1122 286 1159 Exercitus
324 1124 490 1160 urbanus
522 1131 563 1160 ut
592 1125 630 1160 in
662 1124 854 1160 Etruriam
889 1123 1129 1159 succederet:
1163 1123 1208 1161 C.

87 1186 312 1236 Calpurnius
337 1188 456 1223 eidem
485 1194 662 1238 praeesset
689 1188 892 1237 provinciae
923 1187 1205 1236 exercituique:

87 1250 256 1300 Capuam
287 1252 583 1300 exercitumque,
613 1264 724 1299 quem
750 1250 965 1290 QFulvius
997 1250 1206 1292 habuisset,

85 1313 130 1350 T.
145 1315 347 1353 Quinctius
368 1314 571 1350 obtineret.
630 1316 673 1350 C.
688 1314 878 1350 Hostilius
906 1314 952 1349 ab
975 1314 1017 1350 C.
1035 1314 1207 1349 Laetorio

83 1384 317 1427 propraetore
345 1379 578 1427 provinciam
607 1378 904 1425 exercitumque,
925 1378 988 1425 qui
1018 1383 1097 1412 tum
1121 1375 1206 1426 jam

81 1441 244 1477 Arimini
264 1447 358 1484 erat,
380 1442 579 1490 acciperet.
623 1441 679 1478 M,
693 1441 893 1483 BIarcello,
914 1440 1049 1489 quibus
1071 1440 1205 1477 consul

80 1504 177 1541 bene
214 1518 292 1541 rem
322 1512 504 1554 gesserat,
542 1505 712 1553 legiones
743 1506 914 1541 deeretae.
970 1505 1027 1541 M.
1048 1505 1206 1542 Valerio
1259 1543 1264 1547 ,

81 1582 165 1605 cum
184 1568 229 1605 L.
244 1570 379 1606 Cincio
403 1571 477 1617 (his
498 1582 648 1618 quoque
676 1576 733 1605 est
759 1571 860 1605 enim
887 1576 1135 1618 prorogatum
1162 1570 1200 1605 in

81 1633 209 1668 Sicilia
236 1634 451 1682 imperium)
476 1633 688 1669 Cannensis
718 1634 905 1669 exercitus
929 1633 1062 1668 datus:
1096 1646 1201 1669 eum-

79 1709 152 1745 que
171 1697 345 1746 supplere
365 1710 410 1733 ex
431 1697 630 1739 militibus,
650 1698 713 1746 qui
734 1710 779 1732 ex
794 1696 1008 1745 legionibus
1026 1698 1095 1733 Cn.
1110 1696 1201 1733 Ful-

79 1761 129 1796 vii
156 1768 408 1810 superessent,
422 1760 533 1811 jussi.
592 1762 837 1809 Conquisitos
865 1774 930 1796 eos
961 1749 1139 1797 consules
1160 1762 1201 1797 in

80 1824 246 1861 Siciliam
280 1826 486 1861 miserunt:
520 1826 722 1874 additaque
754 1826 882 1861 eadem
913 1825 1057 1861 militiae
1088 1826 1201 1874 igno-

74 1890 207 1932 minia,
246 1889 315 1925 sub
346 1903 420 1938 qua
457 1890 676 1925 Cannenses
715 1889 945 1932 militabant,
976 1889 1116 1938 quique
1153 1902 1200 1927 ex

78 1954 251 2002 praetoris
283 1953 354 1989 Cn.
375 1952 499 1988 Fulvii
528 1954 710 1995 exercitu,
732 1953 782 1989 ob
813 1953 945 1988 similis
968 1954 1062 1988 iram
1081 1952 1197 2001 fugae,

77 2017 180 2053 missi
200 2030 246 2053 eo
271 2017 319 2053 ab
340 2024 473 2053 senatu
493 2017 656 2053 fuerant.
714 2018 756 2052 C.
770 2016 1030 2052 Aurunculeio
1057 2017 1198 2054 eaedem

77 2080 116 2116 in
145 2081 319 2117 Sardinia
347 2081 530 2129 legiones,
562 2081 696 2130 quibus
717 2080 760 2117 P.
774 2080 942 2116 Manlius
963 2080 1083 2115 Vulso
1113 2093 1197 2116 eam

74 2144 310 2194 provinciam
328 2145 561 2188 obtinuerat,
576 2146 748 2181 decretae.
805 2145 848 2181 P.
863 2144 1047 2194 SulpiciO,
1064 2145 1196 2181 eadem

75 2206 225 2257 legione
238 2209 443 2258 eademque
459 2209 578 2245 classe
594 2208 864 2245 Macedoniam
881 2208 1054 2244 obtinere
1066 2207 1196 2258 jusso,

74 2280 321 2322 prorogatum
339 2274 380 2311 in
406 2286 548 2311 annum
576 2273 799 2325 imperium:
830 2273 992 2322 triginta
1008 2273 1195 2323 quinque·
