1507 2656
314 189 470 218 LIBER
494 186 664 216 xxxn.
699 185 807 215 CAP.
830 187 927 216 xll.
1097 186 1180 230 343

69 295 92 318 a
109 281 287 331 Charopo
307 280 476 331 principe
491 278 736 328 Epirotarum
755 277 903 320 missus,
921 277 1116 314 deducitur
1135 276 1182 313 ad
1195 276 1237 305 U·
1249 275 1285 306 C·
1305 283 1379 307 554-

70 345 276 382 consulem.
332 345 369 381 Is
388 357 424 381 se
443 346 478 380 in
497 356 538 380 eo
555 343 665 386 saltu,
687 345 749 391 qui
773 344 879 390 regiis
905 347 988 378 tunc
1017 347 1184 378 oneratus

1193 320 1233 351 A.
1250 319 1287 351 C.
1307 325 1379 352 198.

1195 375 1223 405 A
1239 380 1362 413 pastore

69 412 195 447 castris
222 415 312 453 erat,
344 413 543 445 armentum
569 419 715 455 pascere
744 407 822 443 ait:
863 419 981 443 omnes
1009 409 1183 443 montium
1196 418 1247 447 via
1261 424 1368 448 osten-

69 487 191 510 eorum
222 472 419 522 amfractus
455 473 631 520 callesque
658 483 766 508 nosse.
824 471 866 507 Sz'
896 484 1013 508 secum
1046 472 1185 519 aliquos

69 540 211 575 mittere
238 539 337 580 velit,
368 550 437 573 non
468 538 589 585 iniquo
616 549 678 572 nec
706 535 917 584 perdifficili
945 538 1047 572 aditu
1075 548 1186 584 supra

70 608 177 651 caput
207 603 359 639 hostium
388 603 635 638 deducturum.
691 601 793 643 Haec,
817 600 1015 650 Charopus
1045 613 1186 637 renun-

68 665 160 702 ciari
183 665 309 715 jubet,
333 668 384 702 ita
414 667 585 708 crederet,
611 670 650 701 ut
677 677 749 701 succ
774 667 896 713 potius
924 666 1057 708 omnia,
1079 678 1188 714 quam

71 731 181 773 illius,
199 720 386 779 potestatis
404 735 526 766 essent.
583 730 711 768 Quum
739 730 858 777 magis
879 728 991 765 vellet
1020 729 1185 773 credere,

71 807 186 842 quam
216 794 383 838 auderet,
412 793 558 836 consul,
580 794 813 842 mixtumque
843 793 981 841 gaudio
1011 806 1054 829 ac
1083 799 1189 830 metu

74 859 239 894 animum
261 866 421 907 gereret,
439 859 665 895 auctoritate
685 864 810 894 motus
827 858 1009 908 Charopi,
1026 857 1190 908 experiri

73 933 178 970 spem
204 922 372 958 oblatam
400 923 532 959 statuit
550 935 557 956 ε
589 929 641 966 et,
664 929 704 958 ut
724 929 907 958 averteret
928 935 1006 958 rem
1026 935 1048 958 a
1067 922 1190 972 suspi-

72 986 197 1029 cione,
217 985 334 1021 biduo
358 987 569 1034 insequenti
600 986 782 1022 lacessere
811 987 975 1030 hostem,
997 986 1189 1036 dispositis

71 1050 118 1086 ab
146 1051 250 1086 omni
281 1057 386 1100 parte
416 1052 549 1100 copiis,
572 1050 934 1099 succedentibusque
962 1051 1120 1100 integris
1149 1051 1190 1087 in

71 1114 198 1150 locum
235 1115 483 1157 defessorum,
522 1127 598 1150 non
637 1115 794 1151 destitit.
858 1115 1035 1153 Quatuor
1071 1114 1191 1151 millia

72 1179 157 1215 inde
177 1179 274 1216 lecta
294 1180 461 1229 peditum
482 1187 519 1215 et
539 1185 729 1215 trecentos
750 1180 894 1228 equites
914 1179 1070 1215 tribuno
1089 1179 1190 1216 mili-

69 1250 151 1280 tum
181 1244 306 1280 tradit.
364 1244 537 1293 Equites,
559 1244 683 1292 quoad
712 1243 796 1279 loca
826 1244 1032 1293 patiantur,
1053 1244 1190 1280 ducere

64 1306 201 1358 jubet:
235 1309 298 1344 ubi
328 1309 374 1344 ad
406 1310 507 1345 invia
536 1309 653 1357 equiti
684 1316 837 1344 ventum
868 1310 930 1351 sit,
964 1309 1002 1344 in
1032 1308 1191 1358 planitie

73 1372 199 1421 aliqua
219 1372 335 1409 locari
357 1375 564 1422 equitatum
584 1390 593 1419 3
626 1374 786 1423 pedites,
808 1386 881 1422 qua
904 1373 980 1409 dux
1001 1380 1190 1409 monstra-

73 1445 131 1474 ret
150 1439 264 1481 viam,
287 1440 338 1474 ire
357 1453 364 1473 :
398 1439 475 1482 ubi,
498 1447 537 1475 ut
557 1439 812 1489 polliceretur,
832 1451 943 1489 super
963 1446 1076 1490 caput
1100 1439 1191 1475 hos-

72 1504 166 1540 tium
197 1512 416 1554 perventum
449 1505 511 1546 sit,
541 1503 647 1539 fumo
677 1504 765 1539 dare
795 1504 967 1552 signum:
1005 1517 1074 1540 nec
1102 1510 1192 1540 ante

72 1568 276 1606 clamorem
298 1567 445 1610 tollere,
463 1581 575 1617 quam
596 1568 643 1604 ab
661 1581 699 1603 se
720 1569 829 1617 signo
847 1575 1004 1618 accepto
1025 1580 1192 1618 pugnam

72 1641 237 1682 coeptam
258 1632 430 1668 arbitrari
452 1639 592 1682 posset.
649 1632 777 1668 Nocte
797 1634 934 1669 itinera
960 1633 1038 1669 fieri
1062 1632 1191 1682 jubet,

74 1699 131 1746 (et
150 1710 294 1747 pernox
315 1696 414 1733 forte
440 1697 530 1732 luna
557 1699 652 1743 erat)
681 1699 844 1734 interdiu
875 1699 950 1735 cibi
979 1699 1193 1748 quietisque

75 1768 239 1809 sumeret
256 1768 422 1811 tempus:
450 1762 581 1797 ducem
603 1764 796 1812 promissis
818 1764 1036 1812 ingentibus
1056 1776 1193 1800 onera-

75 1833 169 1868 tum,
191 1826 220 1861 si
248 1825 337 1861 fides
369 1831 505 1868 exstet,
526 1827 694 1862 vinctum
725 1834 850 1863 tamen
881 1827 1036 1863 tribuno
1065 1828 1194 1866 tradit.

74 1889 147 1926 His
169 1890 286 1940 copiis
308 1890 361 1925 ita
380 1890 555 1932 dimissis,
578 1904 623 1927 eo
655 1892 836 1928 intentius
868 1892 1062 1929 Romanus
1084 1893 1194 1929 undi-

74 1967 145 2003 que
166 1955 282 1990 instat
302 1955 383 2005 capi
405 1956 600 1993 stationes.

1195 462 1280 491 ditur

1200 503 1366 536 Quinctio.

128 2017 224 2054 XII.
256 2017 413 2055 Interim
434 2019 493 2055 die
514 2022 628 2056 tertio
649 2035 763 2070 quum
783 2023 975 2066 verticem,
997 2035 1107 2072 quem
1128 2035 1193 2073 pe·
1209 2036 1382 2068 Quinctius

74 2082 227 2124 tierent,
249 2082 415 2119 Romani
437 2085 580 2134 cepisse
601 2099 643 2121 ac
663 2093 791 2122 tenere
811 2099 850 2121 se
870 2086 975 2122 furno
1003 2087 1192 2136 significa-

75 2152 182 2190 rent3
213 2153 294 2182 tum
315 2160 416 2190 vei-0,
438 2149 622 2185 trifariam
642 2150 768 2185 divisis
790 2151 924 2200 copiis,
946 2151 1078 2187 consul
1098 2151 1193 2188 valle

75 2210 198 2246 inedia
218 2202 302 2247 cum
322 2212 482 2248 militum
505 2214 640 2250 robore
662 2215 828 2251 succedit
848 2231 854 2251 z
889 2228 1031 2251 cornua
1060 2216 1193 2252 dextra

75 2273 242 2323 lzevaque
262 2276 437 2312 admovet
455 2280 606 2314 castris:
630 2292 699 2315 nec
719 2281 870 2328 segnius
891 2281 1020 2316 hostes
1042 2280 1193 2317 obviam

72 2348 189 2376 eunt:
223 2348 273 2382 et,
295 2342 396 2382 dum.
427 2343 605 2379 aviditate
636 2344 851 2380 certaminis
882 2345 1065 2394 provecti,
1087 2352 1192 2382 extra

630 2407 708 2446 04

1239 2092 1299 2119 ,gie
1315 2090 1387 2111 titur

1208 2124 1407 2164 Philippum.
