1507 2656
357 205 514 233 LIBER
539 201 732 231 XXXIII·
765 201 871 229 cAP.
895 202 1016 230 XXV.
1160 200 1241 245 407

129 295 398 334 obtinuissent.
455 295 614 332 Cosanis
636 307 680 330 eo
701 294 759 330 die
790 293 1088 344 postulantibus,
1110 302 1152 331 ut
1171 295 1243 332 sibi
1259 302 1347 332 U.C.
1366 310 1443 336 555.

128 361 353 398 colonorum
371 372 548 397 numerus
569 364 784 407 augeretur,
810 358 911 394 mille
932 359 1093 395 adscribi
1116 359 1215 409 jussi
1233 375 1240 396 z
1256 346 1295 375 A·
1311 345 1347 377 C·
1366 354 1441 383 ¹⁹7²

129 425 219 461 dum
233 438 280 461 ne
300 425 381 474 quis
399 425 437 460 in
451 435 582 460 eorum
601 435 760 458 numero
773 430 887 465 esset,
905 422 969 471 qui
983 429 1072 472 post
1092 423 1134 460 P.
1149 425 1245 460 Cor-

127 489 270 525 nelium
289 496 327 525 et
344 489 405 525 Ti.
426 487 691 538 Sempronium
712 486 886 523 consules
906 487 1027 522 hostis
1047 486 1194 524 fuisset.

181 553 312 591 XXV.
340 553 440 589 Ludi
470 552 637 588 Romani
666 564 711 587 eo
736 564 837 588 anno
867 552 906 587 in
937 552 1038 588 circo
1058 565 1246 602 scenaque

128 616 174 653 ab
194 617 363 654 aedilibus
385 616 591 659 curulibus,
622 616 665 652 P.
687 615 870 652 Cornelio
897 616 1076 666 Scipione
1106 622 1143 652 et
1173 617 1244 653 Cn.

125 680 276 718 Manlio
291 681 476 725 Vulsone,
491 689 528 717 et
543 680 864 730 magnificentius,
883 694 994 730 quam
1012 681 1118 724 alias,
1135 681 1242 725 facti,

126 751 164 782 et
182 745 304 782 laetius
324 754 480 798 propter
498 759 555 783 res
575 747 677 783 bello
697 747 794 783 bene
811 754 937 796 gestas
959 748 1134 796 spectati,
1151 748 1244 783 toti-

126 822 198 859 que
223 816 282 847 ter
308 812 527 848 instaurati:
560 811 696 862 plebeii
720 811 858 860 septies
880 811 1094 848 instaurati.
1151 811 1242 848 Aci-

125 873 196 910 lius
218 874 391 918 Glabrio,
420 876 463 912 C.
478 875 620 912 Laelius
644 888 708 912 eos
734 875 842 911 ludos
862 874 1046 912 fecerunt.
1103 875 1165 912 Ex
1184 888 1244 912 ar-

126 945 242 986 gento
263 939 476 976 multaticio
491 942 565 976 tria
585 941 693 989 signa
711 953 828 983 cenea,
847 940 990 982 Cereri,
1007 940 1242 990 Liberoque,

125 1008 163 1038 et
190 1001 354 1046 Liberae,
386 1011 606 1053 posuerunt.
662 1004 710 1040 L.
741 1004 875 1039 Furius
907 1011 945 1040 et
973 1004 1029 1040 M.
1061 1004 1241 1041 Claudius
1256 1007 1439 1059 ΗΕΖ-556.

124 1066 343 1110 MarcelluS,
366 1067 565 1104 consulatu
586 1069 698 1111 inito,
720 1081 835 1117 quum
856 1068 901 1104 de
927 1069 1131 1118 provinciis
1152 1082 1241 1118 age·
1255 1052 1294 1081 A·
1309 1054 1344 1080 μ’
1364 1056 1437 1082 mm

124 1140 240 1176 retur,
261 1139 299 1168 et
319 1133 469 1169 Italiam
500 1134 649 1181 utrique
678 1134 914 1182 provinciam
940 1140 1092 1169 senatus
1113 1133 1241 1170 decer-

124 1203 245 1241 neret,
279 1205 320 1234 ut
349 1198 617 1234 Macedoniam
645 1185 730 1234 cum
761 1198 873 1234 Italia
907 1199 1147 1241 sortirentur,
1177 1212 1242 1249 pe-

125 1262 269 1299 tebant.
326 1262 547 1305 Marcellus,
578 1264 782 1312 provinciae
813 1263 998 1313 cupidior,
1030 1276 1162 1313 pacem
1191 1265 1240 1300 si-

125 1326 307 1363 mulatam
337 1341 380 1364 ac
409 1327 583 1364 fallacem
615 1328 789 1369 dicendo,
827 1337 865 1363 et
894 1327 1179 1371 rebellaturum,
1211 1329 1240 1363 si

126 1392 311 1427 exercitus
331 1391 419 1427 inde
439 1391 659 1441 deportatus
681 1399 793 1433 esset,
821 1403 964 1440 regem,
994 1391 1129 1427 dubios
1157 1405 1244 1428 scn-

124 1455 252 1491 tentiae
273 1455 405 1491 Patres
426 1455 579 1491 fecerat.
617 1455 669 1491 Et
689 1455 850 1491 forsitan
873 1455 1129 1491 obtinuissent
1150 1469 1242 1492 con-

124 1517 236 1560 sules,
259 1519 297 1554 ni
328 1519 377 1557 Q,
397 1519 566 1555 Marcius
594 1518 679 1554 Rex
704 1526 741 1554 et
769 1519 812 1554 C.
833 1519 986 1554 Atinius
1005 1519 1152 1562 Labeo,
1174 1521 1242 1555 tri-

122 1581 214 1619 buni
235 1583 370 1632 plebis,
393 1595 431 1619 se
450 1584 723 1619 intercessuros
745 1584 953 1626 dixissent;
986 1584 1025 1619 ni
1046 1584 1148 1634 prius
1170 1585 1242 1634 ipsi

125 1647 172 1682 ad
186 1647 336 1697 plebem
351 1647 541 1691 tulissent,
555 1647 933 1698 vellentjuberentne
947 1661 1032 1683 cum
1048 1661 1134 1697 rege
1149 1649 1238 1684 Phi·
1253 1646 1318 1677 Pax
1334 1657 1423 1698 cum*

124 1711 229 1761 lippo
249 1725 381 1761 pacem
401 1725 493 1748 esse.
550 1713 609 1748 Ea
638 1714 790 1761 rogatio
811 1714 849 1748 iu
871 1713 1065 1761 Capitolio
1093 1713 1139 1748 ad
1161 1713 1239 1763 ple·
1253 1690 1440 1766 2215&po

124 1775 210 1812 bem
230 1775 308 1812 lata
327 1783 402 1812 est:
436 1790 566 1813 omnes
596 1778 762 1825 quinque
786 1785 823 1812 et
849 1778 1006 1826 triginta
1027 1777 1161 1820 tribus,
1184 1779 1239 1814 uti

125 1847 283 1889 rogatae,
297 1840 507 1891 jusserunt.
565 1841 616 1877 Et
636 1855 711 1890 quo
728 1843 847 1890 magis
869 1855 1000 1891 pacem
1021 1850 1140 1878 ratam
1159 1855 1239 1878 esse

123 1906 162 1940 in
181 1905 410 1942 lWacedonia
430 1906 544 1954 vulgo
571 1906 804 1950 laetarentur,
832 1908 950 1943 tristis
973 1921 1018 1943 cx
1050 1907 1361 1957 HispaliiaTristis
1372 1922 1458 1943 nun·

1252 1961 1320 1981 cius
1332 1964 1370 1983 ex
1383 1956 1459 1986 His-

123 1971 283 2006 nuncius
311 1971 458 2007 adlatus
481 1971 618 2014 effecit,
647 1971 885 2021 vulgataeque
912 1972 1043 2015 litei-ze,
1078 1974 1115 2008 ζ’.
1138 1974 1239 2008 Sem-
1253 1997 1357 2034 pania.

121 2036 290 2083 pronium
315 2037 532 2071 Tuditanum
550 2037 799 2084 proconsulem
820 2039 854 2072 in
877 2038 1040 2072 citeriore
1060 2038 1241 2084 Hispania

119 2099 250 2147 proelio
269 2101 423 2136 victum:
451 2102 643 2136 exercitam
673 2100 746 2146 ejus
765 2100 895 2148 fusum
918 2100 1179 2148 fugatumque,
1202 2106 1241 2137 et

126 2162 292 2198 inlustres
310 2164 404 2198 viros
424 2164 457 2198 in
479 2165 555 2199 acie
572 2165 745 2200 cecidisse.
789 2165 1023 2205 Tuditanum,
1041 2177 1121 2199 cum
1137 2167 1243 2211 gravi

126 2228 269 2262 vulnere
290 2227 403 2262 latum
418 2240 459 2263 ac
474 2229 612 2275 proelio,
630 2229 726 2264 haud
747 2230 797 2264 ita
816 2230 928 2264 multo
941 2234 1020 2276 post
1037 2231 1242 2277 exspirasse.

131 2291 361 2327 Consulibus
382 2293 567 2329 ambobus
590 2293 702 2330 Italia
722 2295 917 2344 provincia
939 2307 1021 2329 cum
1042 2295 1101 2329 his
1123 2294 1242 2343 legio-

126 2355 251 2399 nibus,
273 2369 364 2406 quas
386 2358 597 2409 superiores
619 2358 793 2395 consules
816 2358 1053 2401 habuissent,
1076 2359 1240 2401 decreta,
