1523 2666
274 151 359 196 520
736 147 782 178 T.
804 146 937 177 mvn

80 242 171 272 U.C.
189 249 261 275 559-
275 253 416 279 caussas
435 244 535 276 tanto
554 241 630 288 regi
648 251 707 276 eas
727 242 888 277 civitates
906 252 998 276 esse:
1020 241 1081 277 secl
1095 241 1239 277 initium
1255 253 1390 292 semper

79 285 122 315 A'
135 285 172 316 θ’
191 291 260 318 ¹93'
275 319 299 342 α
314 307 440 355 parvis
458 303 592 351 injusta
604 305 806 352 imperandi
813 305 902 354 fieri
912 321 923 340 .·
944 306 1011 340 nisi
1032 306 1227 348 crederent,
1245 306 1387 350 Persas,

272 382 385 419 quum
409 381 542 417 aquam
574 372 776 415 terramque
807 369 850 405 ab
876 369 1159 405 Lacedaemoniis
1191 371 1387 417 petierunt,

269 435 376 483 gleba
396 439 498 470 terrae
516 438 550 469 et
569 432 700 468 haustu
726 444 827 480 aqnae
847 435 989 480 eguisse.
1049 435 1121 470 Per
1139 435 1292 470 similem
1311 439 1387 470 ten·

274 499 446 534 tationem
468 497 640 532 Romanis
673 497 716 531 de
745 496 879 532 duabus
903 498 1104 533 civitatibus
1128 499 1213 545 agi:
1241 503 1275 534 et
1296 498 1389 534 alias

274 564 446 605 civitates,
467 561 574 596 simul
593 561 682 595 duas
691 558 823 607 jugum
842 563 974 596 exuisse
991 562 1173 605 vidissent,
1189 563 1238 598 ad
1257 562 1388 598 libera-

274 632 384 662 torem
413 626 587 674 populum
613 623 824 672 defecturas.
883 625 925 660 Si
948 638 1019 661 non
1046 626 1190 662 libertas
1217 628 1386 663 servitute

271 691 392 737 potior
415 690 475 731 sit,
499 693 615 724 tamen
642 690 735 723 omni
759 690 924 735 praesenti
943 694 1041 725 statu
1059 701 1156 737 spem
1179 691 1304 738 cuiqzie
1320 702 1384 726 no-

271 755 383 790 v'anrli
400 765 455 789 res
472 764 555 788 suas
574 752 796 788 blandiorem
816 765 897 789 esse,

326 817 481 853 XVIII.
511 816 728 852 Alexander
747 817 926 853 Acarnan
942 817 980 852 in
1001 817 1161 853 consilio
1181 822 1275 859 erat,
1291 815 1384 853 Phi-

271 881 365 931 lippi
386 881 576 930 quondam
592 881 751 922 amicus,
769 892 889 930 nuper
906 880 1038 917 relicto
1056 893 1100 917 eo
1121 887 1269 916 secutus
1287 893 1383 930 opu-

270 945 470 982 lentiorem
485 944 626 992 regiam
635 944 817 980 Antiochi
831 959 837 979 ε
858 951 909 987 et,
922 945 1113 993 tamqua'm
1122 945 1264 994 peritus
1274 944 1381 980 Grae·

271 1011 353 1051 ciae,
373 1022 443 1045 nec
464 1010 616 1056 ignarus
636 1007 916 1051 Romanorum,
936 1008 975 1044 in
999 1020 1083 1044 eum
1110 1008 1266 1056 gradum
1287 1009 1379 1044 ami-

272 1074 370 1109 citiae
407 1073 520 1120 regis,
542 1079 583 1107 ut
613 1071 780 1107 consiliis
807 1084 957 1120 quoque
990 1072 1134 1107 arcanis
1165 1072 1381 1116 interesset,

272 1142 448 1186 acceptus
479 1142 569 1171 erat.
618 1134 670 1177 Is,
691 1141 882 1184 tamquam
909 1148 1002 1176 non,
1023 1141 1149 1170 utrum
1164 1134 1383 1172 bellandum

272 1207 385 1243 esset,
405 1213 475 1236 nec
499 1212 561 1242 ne,
593 1198 865 1242 consuleretur,
887 1200 950 1235 sed
981 1199 1043 1235 ubi
1074 1206 1112 1235 et
1131 1212 1204 1248 qua
1220 1199 1379 1238 ‘ratione

269 1263 412 1301 bellum
431 1268 635 1312 gereretur,
656 1263 846 1298 Victoriam
866 1275 901 1298 se
917 1263 1013 1299 hand
1029 1257 1384 1312 dubiani'proponere

271 1330 391 1364 animo
411 1325 647 1369 adfirmabat,
666 1328 696 1361 si
723 1328 758 1362 in
782 1327 967 1374 Europam
991 1329 1171 1363 transisset
1194 1339 1268 1371 rex,
1289 1334 1323 1364 et
1342 1330 1382 1365 in

270 1394 395 1440 aliqua
427 1392 573 1427 Graeciae
594 1394 700 1438 parte
724 1392 840 1425 sedem
865 1390 955 1426 bello
982 1393 1136 1438 cepisset.
1193 1392 1280 1434 Jam
1301 1394 1381 1440 pri-

270 1469 367 1492 mum
386 1448 545 1497 AEtolbs,
566 1455 626 1502 qui
643 1454 850 1490 umbilicum
874 1455 1019 1491 Graeciae
1038 1456 1241 1498 incolerent,
1262 1457 1300 1491 in
1319 1469 1381 1492 ar-

269 1523 336 1556 mis
360 1533 441 1556 eum
465 1522 706 1562 inventurum,
727 1522 976 1568 antesignanos
1001 1522 1050 1556 ad
1070 1523 1266 1569 asperrima
1285 1535 1379 1570 quae-

267 1598 334 1634 que
363 1585 445 1621 belli
470 1590 628 1633 paratos.
686 1585 730 1620 In
750 1585 883 1620 (luobus
910 1586 1006 1621 velut
1033 1586 1195 1622 cornibus
1219 1587 1377 1630 Graecioe,

268 1650 387 1686 Nabin
407 1663 428 1686 α
450 1651 691 1697 Peloponneso
717 1650 980 1686 concitaturum
1005 1653 1139 1692 omnia,
1162 1655 1379 1699 repetentem

266 1716 483 1762 Argivorum
501 1714 633 1756 urbem,
654 1718 870 1761 repetentem
887 1715 1085 1749 maritimas
1101 1715 1261 1750 civitates
1267 1731 1279 1759 ,·
1300 1718 1379 1764 qui-

267 1780 328 1815 bus
346 1791 426 1815 eum
442 1779 626 1826 depulsum
644 1778 800 1814 Romani
816 1778 1081 1814 Laceclcemonis
1097 1780 1204 1814 muris
1219 1780 1378 1816 inclusis·

264 1849 362 1886 sent3
392 1856 415 1879 a
444 1844 661 1879 Macedonia
689 1843 915 1890 Philippum,
944 1842 1002 1878 ubi
1026 1845 1183 1890 primum
1215 1843 1376 1880 bellicum

263 1910 345 1943 cani
370 1908 540 1949 audisset,
562 1919 665 1942 arma
685 1911 885 1954 capt-urum.
942 1906 1052 1941 Nosse
1068 1918 1104 1941 se
1121 1908 1269 1953 spiritus
1286 1907 1372 1954 ejus,

260 1983 360 2006 nosse
377 1972 538 2006 animum
549 1987 561 2013 ‚-
590 1972 690 2012 scire,
701 1969 872 2017 ferarum
892 1971 1009 2011 modo,
1031 1982 1108 2017 quoe
1127 1971 1292 2006 claustris
1310 1977 1374 2007 aut

260 2036 411 2071 maculis
431 2039 631 2077 teneantur,
650 2036 807 2082 ingentes
812 2033 892 2080 jam
912 2036 974 2069 (iiii
989 2036 1059 2069 iras
1078 2047 1157 2070 eum
1177 2036 1212 2070 in
1229 2041 1377 2083 pectore·

259 2100 419 2134 volvere:
449 2100 645 2134 meminisse
675 2100 783 2134 etia-m
815 2110 863 2139 se,
889 2099 1024 2146 quoties
1050 2100 1086 2133 in
1112 2098 1203 2134 bello
1229 2102 1374 2146 precari

259 2174 377 2198 omnes
397 2161 496 2197 Deos
520 2163 643 2197 solitus
661 2163 720 2204 sit,
742 2167 782 2197 ut
800 2162 1019 2197 Antiochum
1037 2162 1102 2197 sibi
1121 2163 1247 2198 darent
1265 2162 1368 2209 adju·

256 2232 393 2262 torem:
422 2223 519 2271 cujus
540 2226 615 2261 vot-i
642 2227 673 2261 si
701 2237 840 2273 compos
864 2226 1053 2274 nzmcfiat,
1074 2226 1213 2261 nullam
1231 2238 1370 2263 moram

254 2290 448 2326 rebellandi
457 2288 663 2339 facturum.
726 2291 881 2326 Tantum
902 2302 971 2326 non
987 2291 1240 2348 cunctandum,
1256 2303 1366 2340 neque
