1507 2656
272 207 427 237 LIBER
449 204 604 235 XXXV.
639 203 743 232 CAP.
767 202 933 232 xxvn.
1074 200 1158 246 529

55 308 97 333 re
116 295 252 340 navali,
269 294 374 346 eujus
391 299 488 330 esset
506 293 673 341 ignarm,
694 290 939 333 obfendisset,
957 302 1002 326 eo
1018 289 1100 340 plus
1120 292 1158 326 in
1171 294 1214 325 U.
1225 295 1261 324 C.
1280 299 1352 326 560.

55 373 113 403 ea,
135 372 294 410 quorum
310 371 377 395 usu
397 356 562 398 calleret,
583 355 661 404 spei
681 360 828 396 nactus,
846 353 958 390 breve
978 354 1014 390 id
1030 360 1158 404 tyran·

54 436 106 460 no
125 424 301 472 gaudium
322 435 361 458 se
380 421 598 457 effecturum
618 417 852 455 adfirmabat.

106 487 280 524 XXVII.
308 485 444 528 Nabis,
481 497 597 533 quum
631 496 810 534 prospera
840 481 959 518 elatus
989 494 1044 525 re,
1076 488 1157 519 tum

52 563 156 602 spem
184 552 297 587 etiam
322 550 424 587 haud
454 548 606 585 dubiam
633 553 782 591 nactus,
803 546 899 583 nihil
917 546 1001 597 jam
1023 559 1043 582 a
1064 547 1158 582 mari

50 614 207 666 periculi
226 614 322 657 fore,
343 621 381 651 et
401 619 593 650 terrestres
614 613 736 649 aditus
757 612 929 648 claudere
945 618 1159 662 opportune

51 678 184 729 positis
217 677 396 729 praesidiis
427 676 565 712 voluit:
598 677 711 712 tertia
742 682 849 726 parte
884 675 1077 724 copiarum
1110 675 1156 711 ab

53 741 252 778 obsidione
277 741 410 791 Gythii
440 740 614 783 abducta,
642 740 689 776 ad
722 739 844 776 Pleias
875 739 1002 788 posuit
1023 744 1156 774 castra.

52 805 220 842 Inminet
246 806 276 842 is
302 805 407 841 locus
435 811 471 841 et
498 804 650 847 Leucis,
671 810 709 840 et
727 804 865 846 Acriis,
886 816 959 852 qua
978 800 1157 838 videban-

51 876 114 906 tur
134 870 262 906 hostes
293 871 498 906 exercitum
521 870 723 905 admoturi.
780 869 908 907 Quum
938 866 990 903 ibi
1020 867 1158 901 stativa

51 940 191 977 essent,
209 940 247 969 et
265 934 372 983 pauci
394 933 636 969 tabernacula
651 932 848 974 haberent,
869 930 1070 966 multitudo
1084 930 1158 965 alia

51 1009 156 1033 casas
177 1009 223 1033 ex
240 996 422 1033 arundine
442 1003 563 1033 textas
583 996 730 1040 fronde,
748 1009 829 1045 quae
851 994 1020 1031 umbram
1043 993 1156 1029 modo

50 1060 248 1111 praeberet,
269 1061 472 1105 texissent3
505 1061 722 1110 priusquam
747 1061 784 1095 in
805 1064 1046 1108 compectum
1067 1058 1157 1092 hos-

49 1126 144 1161 tium
170 1125 314 1160 veniret
339 1124 617 1174 Philopoemen,
648 1137 717 1159 nec
747 1124 966 1173 opinantem
991 1134 1075 1157 eum
1098 1122 1156 1156 in-

1166 338 1259 369 ·A..C.
1280 345 1350 372 192.

48 1190 201 1239 proviso
221 1201 357 1237 genere
375 1188 464 1225 belli
481 1188 633 1237 adgredi
655 1189 800 1224 statuit.
859 1187 1022 1234 Navigia
1041 1198 1155 1235 parva
1168 1185 1300 1215 Nabidis

1167 1235 1267 1258 castra
1283 1229 1332 1258 in-

47 1254 86 1289 in
113 1253 317 1289 stationem
337 1252 524 1289 occultam
547 1253 627 1301 agri
648 1253 779 1301 Argivi
803 1251 1017 1287 contraxit:
1052 1250 1090 1285 in
1112 1263 1154 1286 ea
1167 1272 1285 1301 cendit.

50 1317 244 1367 expeditos
265 1316 417 1359 milites,
439 1322 611 1353 caetratos
636 1317 847 1366 plerosque,
869 1328 951 1352 cum
972 1314 1097 1350 fundis
1118 1321 1154 1350 et

43 1380 196 1431 jaculiS,
218 1387 255 1417 et
275 1381 350 1417 alio
370 1380 438 1417 levi
461 1393 597 1429 genere
616 1387 828 1421 armaturae,
850 1379 1039 1428 inposuit:
1069 1378 1157 1414 inde

49 1444 162 1480 litora
191 1444 333 1492 legens,
355 1457 467 1493 quum
492 1444 538 1479 ad
566 1444 816 1493 propinquum
838 1443 968 1477 castris
988 1441 1154 1477 hostium

46 1508 346 1558 promontorium
364 1508 540 1549 venisset,
555 1519 724 1554 egressus
742 1505 898 1541 callibus
913 1505 1027 1546 notis,
1041 1512 1154 1540 nocte

45 1571 168 1607 Pleias
205 1572 397 1621 pervenit:
439 1578 489 1613 et,
524 1572 656 1621 sopitis
683 1569 874 1618 vigilibus,
907 1574 950 1603 ut
983 1569 1020 1603 in
1047 1568 1151 1603 nullo

45 1636 259 1686 propinquo
287 1643 404 1677 metu,
426 1637 550 1683 ignem
572 1636 666 1671 casis
688 1634 734 1670 ab
755 1635 856 1669 omni
882 1640 986 1682 parte
1007 1638 1150 1668 castr00

43 1714 125 1737 rum
164 1700 306 1750 injecit.
361 1701 476 1736 Multi
511 1702 611 1750 prius
645 1701 818 1737 incendio
853 1699 1015 1735 absumti
1050 1705 1150 1740 sunt,

44 1779 155 1814 quam
185 1766 351 1801 hostium
378 1766 579 1801 adventum
612 1767 813 1800 sentirent:
849 1772 900 1807 ct,
929 1764 990 1813 qui
1026 1776 1150 1798 sense-

42 1837 142 1873 rant,
162 1830 302 1866 nullam
324 1843 433 1880 opem
454 1830 551 1865 ferre
570 1837 788 1879 potuerunt.
846 1829 962 1864 Fen-0
980 1827 1147 1863 flamma-

42 1907 113 1943 que
133 1894 260 1929 omnia
279 1893 471 1929 absumta:
504 1893 679 1942 perpauci
710 1899 833 1927 tamen
862 1905 909 1928 ex
937 1899 1013 1926 tam
1045 1891 1146 1926 anci-

40 1957 110 2007 piti
129 1965 233 2007 peste
253 1957 299 1992 ad
325 1956 506 2005 Gythium
525 1957 560 1990 in
583 1955 727 2004 majora
748 1964 868 1991 castra
889 1954 1144 2005 perfugerunt

40 2020 101 2056 Ita
120 2019 297 2070 perculsis
324 2019 511 2062 hostibus,
536 2019 798 2068 Philopoemen
820 2020 990 2068 protinus
1018 2019 1061 2053 ad
1084 2020 1144 2053 de-

39 2083 293 2136 populandam
320 2083 505 2132 Tripolim
527 2082 709 2118 Laconici
738 2083 831 2130 agri,
860 2083 921 2130 qui
953 2083 1143 2131 proximus

39 2147 151 2184 finem
171 2145 533 2195 BIegalopolitarum
553 2152 622 2188 est,
644 2146 768 2180 duxit:
802 2153 852 2187 et,
874 2158 1006 2194 magna
1025 2146 1056 2179 vi
1079 2157 1143 2194 pe-

38 2223 168 2248 corum
187 2211 457 2259 hominumque
484 2211 570 2246 inde
596 2209 765 2259 abrepta,
787 2210 1001 2259 priusquam
1023 2222 1043 2244 a
1064 2209 1143 2257 Gy-

35 2275 120 2311 thio
153 2281 333 2324 tyrannus
365 2275 575 2325 praesidium
611 2275 709 2321 agris
749 2275 927 2316 mitteret,
959 2275 1140 2309 discessit.

37 2338 132 2375 Inde
151 2337 316 2387 Tegeam
337 2339 503 2375 exercitu
524 2344 734 2380 contracto,
752 2338 989 2387 concilioque
1009 2337 1139 2374 eodem

90 2403 188 2440 VoL.
210 2403 284 2440 ΙΙΙ.
555 2404 588 2440 A
609 2416 629 2439 a
