1507 2656
284 215 438 244 cumn
461 211 616 243 xxxv.
649 211 755 240 cn.
776 212 966 241 xxvur.
1092 212 1173 255 531

78 310 143 342 aut
166 306 243 349 illo,
266 307 366 355 quid,
391 306 422 341 si
445 303 489 340 ab
509 308 606 350 tergo
628 302 842 343 adoriretur,
863 302 1073 351 capiendum
1093 314 1174 338 con·
1187 311 1230 342 U.
1244 311 1281 342 C.
1297 317 1368 343 560.

77 371 152 406 silit
163 369 296 419 foret?
324 370 432 406 Posse
456 369 643 403 instructos
664 370 764 402 recta
787 367 876 409 acie,
897 378 998 414 posse
1016 368 1177 403 incendi·
1187 357 1228 386 A·
1242 355 1278 387 C·
1297 363 1368 388 ¹9²·

77 439 153 471 tum
184 447 324 483 agmen,
360 438 396 470 et
430 431 674 468 tantummodo
709 435 835 479 aptum
871 432 950 473 vioe,
983 430 1175 469 obcurrere.

79 499 192 541 Quem
218 500 332 535 locum
355 499 430 547 ipse
453 501 623 546 capturus
647 499 746 538 esset,
773 494 975 544 cogitando
995 501 1060 532 aut
1075 508 1178 545 quae-

76 562 193 599 rendo
213 561 508 612 exsequebatur,
531 565 596 597 aut
612 564 696 609 quot
709 561 873 603 armatis,
889 564 953 596 aut
971 572 1038 609 quo
1051 572 1180 608 genere

73 639 254 663 armorum
275 627 489 675 (plurimum
504 627 597 661 enim
617 623 794 670 interesse)
816 635 944 660 usurus
954 640 967 667 ;
997 637 1064 672 quo
1078 626 1179 673 inpe-

77 680 248 735 dimenta,
269 704 337 740 quo
360 692 531 733 sarcinas,
548 701 617 738 quo
640 688 780 725 turbam
806 690 973 724 inermem
996 687 1179 735 rejiceret,-

76 761 208 805 quanto
225 768 280 799 ea,
297 761 362 793 aut
381 756 481 805 quali
495 754 663 803 praesidio
679 754 870 789 custodiret
877 770 889 796 ‚·
909 757 944 789 et
963 758 1081 790 utram
1094 766 1180 802 per-

73 832 171 869 gere,
191 832 264 868 qua
282 821 437 869 coepisset
458 821 511 855 ire
535 820 607 861 via,
628 830 675 854 an
696 830 789 860 eam,
810 830 878 865 qua
899 818 1059 860 venisset,
1078 830 1181 867 repe-

77 888 150 920 tere
167 884 293 920 melius
310 888 417 928 esset5
446 883 570 919 castris
595 893 731 930 quoque
757 893 859 930 quem
885 882 1000 918 locam
1025 886 1180 930 caperet,

75 952 249 997 quantum
267 950 484 984 munimento
503 948 776 995 amplecteretur
793 946 875 988 Ioci,
897 958 967 994 qua
980 951 1183 995 opportuna

76 1014 237 1061 aquatio,
258 1025 328 1061 qna
343 1012 471 1061 pabuli
490 1012 737 1059 lignorumque
755 1012 858 1058 copia
874 1016 982 1047 esset:
1011 1024 1081 1060 qua
1097 1023 1182 1060 pos-

77 1081 152 1112 tero
172 1077 228 1113 die
247 1080 364 1111 castra
381 1076 535 1111 moventi
555 1079 671 1110 tutum
695 1076 850 1110 maxime
867 1076 947 1118 iter,
968 1075 1185 1124 quaeforma

76 1143 230 1191 agminis
250 1141 368 1191 foret.
424 1140 496 1176 His
528 1140 625 1176 curis
649 1138 1020 1188 cogitationibusque
1052 1139 1105 1175 ita
1134 1139 1182 1175 ab

76 1207 230 1243 ineunte
257 1212 367 1242 aetate
392 1205 559 1241 animum
587 1204 811 1254 agitaverat,
832 1209 874 1239 ut
898 1203 1002 1240 nulla
1027 1203 1061 1239 ei
1081 1215 1183 1239 nova

77 1273 118 1309 in
138 1271 203 1309 tali
226 1284 265 1310 re
285 1271 468 1320 cogitatio
488 1276 599 1307 esset.
653 1270 706 1306 Et
728 1277 808 1306 tum
830 1271 999 1307 omnium
1019 1270 1182 1321 primum

79 1349 214 1386 agmen
231 1336 448 1373 constituit:
480 1335 567 1372 dein
587 1335 784 1371 Cretenses
802 1334 999 1372 auxiliares
1015 1341 1066 1378 et,
1087 1347 1181 1384 quos

77 1400 305 1437 Tarentinos
326 1398 527 1442 vocabant,
553 1399 711 1447 equites,
737 1398 849 1435 binos
875 1411 1001 1436 secum
1028 1399 1180 1435 trahen-

78 1472 135 1501 tes
155 1477 285 1514 equOS‚
307 1464 352 1501 ad
371 1464 492 1515 prima
511 1464 619 1512 signa
637 1463 757 1500 misit:
789 1469 841 1506 et,
855 1462 971 1513 jussis
991 1463 1180 1513 equitibus

77 1527 267 1577 subsequi,
289 1540 399 1578 super
418 1530 638 1570 torrentem,
659 1527 758 1563 unde
777 1527 906 1576 aquari
928 1534 1097 1578 possent,
1118 1540 1181 1563 ru-

77 1604 163 1642 pem
182 1592 393 1642 occnpavit.
448 1590 508 1626 Eo
528 1590 784 1641 inpedimenta
803 1590 931 1626 omnia
948 1597 987 1627 et
1006 1590 1182 1628 calonum

76 1654 228 1692 turbam
257 1654 469 1705 conjectam
497 1654 648 1690 armatis
677 1654 934 1698 circumdedit,
959 1661 997 1691 et
1022 1668 1091 1706 pro
1113 1668 1181 1691 na-

77 1726 164 1756 tura
193 1719 269 1756 loci
299 1726 421 1756 castra
450 1719 718 1755 communivit:
750 1718 994 1755 tabernacula
1015 1725 1181 1756 statuere

76 1785 116 1820 in
141 1784 298 1834 aspretis
322 1789 361 1820 et
384 1782 601 1832 inaequabili
619 1782 700 1818 solo
721 1782 869 1818 difficile
888 1789 980 1820 erat.
1035 1783 1179 1820 Hostes

78 1849 304 1898 quingentos
323 1859 453 1898 passus
471 1846 627 1883 aberant
642 1862 650 1882 :
683 1860 730 1883 ex
744 1847 876 1883 eodem
894 1848 976 1884 rivo
993 1848 1181 1898 utrimque

77 1926 162 1950 cum
179 1913 354 1964 praesidio
373 1912 462 1949 levis
483 1919 682 1949 armaturae
700 1913 827 1961 aquati
843 1919 931 1948 sunt
947 1928 955 1950 ε
987 1919 1038 1956 et,
1057 1915 1180 1963 prius-

77 1990 189 2027 quam
211 1977 355 2027 (qualia
372 1978 410 2013 in
429 1977 650 2028 propinquis
671 1977 801 2013 castris
819 1975 960 2024 solent)
980 1978 1180 2015 contrahe-

77 2047 181 2078 retur
199 2049 402 2085 certamen,
421 2054 500 2078 nox
518 2041 732 2077 intervenit.
766 2040 925 2077 Postero
945 2041 1004 2077 die
1024 2041 1180 2091 adpare-

80 2104 148 2141 bat
166 2105 410 2155 pugnandum
441 2117 510 2155 pro
533 2104 775 2154 aquatoribus
803 2105 902 2141 circa
929 2105 1049 2140 rivum
1076 2117 1179 2142 esse:

79 2175 193 2206 nocte
213 2169 252 2204 in
272 2167 368 2205 valle
387 2181 410 2205 a
428 2174 633 2219 conspectu
651 2167 820 2204 hostium
840 2180 981 2211 aversa,
1003 2175 1182 2217 quantam

79 2231 360 2268 multitudinem
388 2231 492 2268 locus
522 2231 693 2268 occulere
715 2237 878 2283 poterat,
901 2232 1082 2276 condidit,
1110 2245 1181 2269 cae-

80 2302 276 2335 tratorum.

133 2359 293 2400 XXIX.
321 2359 426 2400 Luce
445 2367 543 2405 orta,
564 2359 800 2398 Cretensium
823 2359 915 2398 levis
934 2365 1122 2398 armatura
1145 2367 1183 2398 ct

570 2424 606 2462 A
623 2436 647 2461 a
664 2424 687 2461 2
