1507 2656
383 193 537 222 LIBER
561 191 682 220 XXX.
716 189 822 219 CAP.
845 191 916 220 XI.
1126 192 1205 235 225

95 283 238 320 videres
259 281 419 326 vincula,
440 281 574 331 quibus
595 280 667 317 alia
688 280 768 317 aliis
797 280 935 317 innexa
955 287 1048 324 erat,
1069 283 1202 317 seriem
1216 284 1257 315 U.
1272 283 1307 314 C.
1323 291 1395 316 549.-

94 348 207 384 aliam
235 346 346 383 simul
378 346 542 396 plurium
570 346 722 381 navium
754 345 865 381 trahi.
922 344 1010 381 Hoc
1039 328 1302 382 maximeA'C'
1321 334 1396 359 ⁹⁰3*

91 412 205 448 modo
225 411 377 447 lacerati
395 410 544 459 quidem
565 422 695 445 omnes
725 415 875 459 pontes,
897 416 934 445 et
953 411 1016 446 vix
1043 411 1201 446 transsi-

92 474 206 511 liendi
235 476 274 511 in
304 475 508 511 secundum
538 474 709 510 ordinem
738 474 891 509 navium
919 474 1083 524 spatium
1112 486 1200 523 pro-

91 538 365 588 pugnatoribus
387 538 514 574 datum
535 544 603 573 est.
661 537 735 573 Sex
754 537 872 573 ferme
896 538 1076 574 onerariae
1105 550 1201 588 pup-
1213 547 1318 577 Naves
1334 556 1391 577 sex

90 602 201 652 pibus
235 602 434 639 abstractae
469 602 750 650 Karthaginem
781 608 891 638 sunt:
934 601 1058 653 major
1090 591 1414 651 quamabstrahunt.

87 679 158 717 pro
181 680 220 703 re
242 667 387 710 laetitia,
417 667 479 703 sed
509 680 554 703 eo
583 667 741 716 gratior,
773 667 874 715 quod
902 667 1001 703 inter
1028 667 1202 703 adsiduas

91 730 211 766 clades
242 745 285 767 ac
303 731 475 767 lacrimas
505 744 621 766 unum
643 737 990 780 quantumcumque
1009 743 1054 767 ex
1075 732 1202 780 inspe-

89 802 173 830 rato
211 795 387 843 gaudium
425 794 651 840 adfulserat5
693 808 778 830 cum
816 807 875 837 eo,
916 802 956 830 ut
992 795 1201 844 adpareret,

89 859 188 894 haud
209 859 340 908 procul
360 861 476 896 exitio
495 860 610 895 fuisse
629 859 846 896 Romanam
872 858 1042 902 classem,
1064 859 1103 894 ni
1122 871 1202 895 ces-

91 929 213 959 satum
234 937 255 959 a
276 924 462 973 praefectis
483 937 634 961 suarum
653 925 805 961 navium
824 923 938 967 foret,
959 931 998 960 et
1018 924 1144 974 Scipio
1164 925 1204 959 in

86 993 257 1037 tempore
278 988 524 1024 subvenisset.

143 1051 217 1088 XI.
246 1051 318 1087 Per
339 1052 487 1087 cosdem
515 1051 615 1088 forte
635 1053 726 1096 dies,
748 1066 864 1103 quum
892 1053 1033 1090 Laelius
1059 1059 1096 1089 et
1115 1051 1203 1088 Esa-

90 1115 224 1151 sinissa
243 1116 526 1164 quintodecimo
545 1115 664 1152 ferme
686 1117 745 1152 die
766 1118 804 1153 in
825 1117 1045 1153 Numidiam
1070 1129 1201 1166 perve-

89 1180 246 1223 nissent,
267 1179 441 1228 Massyli,
468 1192 626 1228 regnum
655 1187 856 1230 paternum
875 1181 1103 1223 Masinissae,
1124 1180 1383 1216 laetiMasinissa

88 1250 130 1280 ut
159 1245 205 1280 ad
234 1257 358 1293 regem
379 1245 441 1281 diu
471 1245 720 1281 desideratum
741 1258 972 1282 concessere.
1030 1245 1196 1296 Syphax,
1212 1237 1352 1311 {323¹
1361 1238 1408 1258 re-

86 1308 202 1359 pulsis
218 1309 305 1344 inde
324 1309 510 1358 praefectis
526 1310 782 1358 praesidiisque
801 1311 891 1353 suis,
905 1317 1030 1346 vetere
1050 1323 1089 1347 se
1106 1323 1197 1347 con-

86 1372 233 1409 tinebat
265 1385 397 1422 regno,
432 1374 652 1421 neutiquam
682 1375 888 1422 quieturus.
946 1374 1200 1410 stimulabant

87 1450 226 1486 aegrum
247 1450 374 1473 amore
405 1450 500 1473 uxor
529 1450 732 1487 socerque:
765 1445 802 1475 et
832 1440 885 1475 ita
913 1439 1000 1474 viris
1022 1440 1201 1488 equisque

84 1500 316 1544 abundabat,
339 1508 380 1537 ut
399 1501 580 1551 subjectae
600 1503 719 1538 oculis
740 1504 847 1551 regni
878 1516 944 1553 per
972 1503 1110 1539 multos
1130 1503 1200 1539 flo-

83 1566 200 1601 rentis
220 1578 340 1602 annos
360 1567 456 1602 vires
478 1567 591 1602 etiam
618 1568 742 1602 minus
762 1567 926 1603 barbaro
946 1574 1059 1616 atque
1088 1568 1217 1617 inpos

81 1629 179 1664 tenti
209 1630 336 1665 animo
362 1630 514 1680 spiritus
544 1637 701 1679 possent
732 1631 867 1667 facere.
925 1631 1048 1679 Igitur
1073 1632 1196 1667 omni-
1211 1631 1342 1670 Syphax

83 1691 168 1735 bns,
199 1693 262 1741 qui
291 1693 392 1728 bello
420 1694 498 1742 apti
527 1700 647 1736 erant,
679 1695 718 1729 in
749 1707 863 1729 unum
894 1696 1034 1730 coactis
1062 1708 1193 1743 equos,
1208 1674 1334 1757 ξξὲὲῗηι
1351 1684 1399 1705 ‘e'

84 1769 202 1799 arma,
235 1757 313 1792 tela
346 1757 500 1794 dividit:
542 1758 686 1806 equites
721 1759 759 1793 in
789 1764 945 1800 turmas,
980 1759 1123 1807 pedites
1156 1760 1196 1795 in

83 1820 274 1864 cohortes,
300 1822 397 1857 sicut
415 1821 607 1870 quondam
637 1821 684 1856 ab
704 1821 890 1858 Romanis
911 1823 1196 1859 centurionibus

83 1884 278 1927 didicerat,
303 1885 507 1921 distribuit.
561 1885 744 1921 Exercitu
773 1886 872 1921 haud
903 1888 1063 1930 minore,
1084 1901 1198 1936 quam

84 1959 193 1996 quem
213 1948 315 1998 prius
341 1948 540 1992 habuerat,
561 1955 727 1984 ceterum
748 1949 852 1985 omni
880 1962 998 1999 prope
1018 1963 1118 1987 novo
1139 1961 1197 1987 at·

83 2024 155 2059 que
178 2012 388 2056 incondito,
410 2014 463 2049 ire
493 2013 539 2049 ad
558 2013 687 2048 hostes
717 2014 851 2062 pergit.
907 2014 973 2056 Et,
996 2017 1126 2051 castris
1156 2017 1195 2051 in

82 2076 297 2124 propinquo
315 2078 612 2126 positis,rprimo
626 2078 737 2126 pauci
757 2079 899 2126 equites
931 2092 976 2114 ex
1000 2085 1083 2115 tuto
1111 2092 1195 2129 spe-

83 2137 251 2175 culantes
278 2140 324 2176 ab
346 2141 572 2176 stationibus
603 2140 802 2190 progredi3
836 2141 922 2177 iude
941 2141 1079 2191 jaculis
1107 2143 1194 2179 sub-

83 2202 180 2237 moti
198 2215 388 2239 recurrere
415 2204 461 2239 ad
487 2216 597 2239 suos:
631 2203 719 2239 inde
749 2206 988 2240 excursiones
1019 2206 1056 2240 iu
1077 2206 1197 2242 vicem

82 2264 176 2308 fieri,
197 2273 248 2308 et,
270 2280 383 2316 quum
413 2268 541 2318 pulsos
570 2267 789 2316 indignatio
810 2269 1044 2312 accenderet,
1072 2269 1195 2319 plures

70 2329 225 2366 subire:
258 2332 359 2381 quod
382 2334 660 2370 irritamentum
688 2333 939 2370 certaminum
968 2335 1197 2383 equestrium

611 2395 686 2433 L5
