1523 2666
60 267 150 298 U.C.
171 274 242 299 545.

60 312 100 341 A.
113 310 151 341 C.
168 315 243 345 207.

254 174 309 227 96
715 184 760 212 T.
786 185 920 213 L1v11

255 270 386 306 Livius
426 270 711 319 quinquagenos
746 283 856 307 senos
891 282 990 306 asses
1022 270 1168 306 divisit:
1200 278 1367 309 tantum·

254 334 338 370 dem
364 335 407 371 C.
429 333 607 370 Claudius
635 333 855 370 absentibus
883 334 1065 370 militibus
1097 335 1172 370 suis
1201 341 1257 370 est
1285 335 1368 385 pol-

252 398 392 441 licitus,
415 411 529 447 qnum
559 398 605 434 ad
634 399 841 434 exercitum
871 398 1039 435 redisset.
1094 398 1298 442 Notatum,
1323 411 1368 435 eo

253 461 314 497 die
333 460 441 511 plura
460 462 628 498 carmina
649 460 874 497 militaribus
897 460 998 510 jocis
1028 462 1066 497 in
1089 462 1131 497 C.
1153 461 1366 506 Claudium,

254 538 367 574 quam
392 526 430 561 in
453 525 643 561 consulem
675 538 797 568 snum,
821 524 980 574 jactata.
1036 525 1195 574 Equites
1225 526 1271 562 L.
1292 526 1368 561 Ve-

253 589 394 624 turium
415 596 452 624 et
471 589 520 628 Q.
541 588 736 624 Caecilium
756 588 900 637 legatos
921 589 1066 637 magnis
1087 588 1217 624 tulisse
1245 588 1368 625 laudi-

253 651 339 694 bus,
369 652 618 700 hortatosque
651 663 731 687 esse
761 651 923 700 plebem,
957 658 998 687 ut
1027 664 1090 687 eos
1125 651 1297 688 consules
1328 653 1368 688 in

253 716 469 766 proximum
488 728 629 752 annum
649 722 842 752 crearent:
876 714 1057 765 adjecisse
1077 717 1244 763 equitum
1272 729 1368 766 prae-

253 780 435 828 rogativae
455 780 720 816 auctoritatem
742 778 929 821 consules,
950 785 1103 827 postero
1128 779 1187 814 die
1214 779 1255 814 in
1275 792 1366 815 con-

253 844 378 887 cione,
398 856 510 892 quam
530 843 622 879 forti
641 842 816 890 fidelique
835 842 994 878 duorum
1014 842 1201 892 praecipue
1220 841 1366 891 legato-

252 920 335 944 rum
356 920 472 957 opera
491 908 548 943 usi
568 912 706 949 essent,
727 912 1079 942 commemorante&

306 971 359 1008 X.
389 972 517 1012 Quum
551 971 791 1007 comitiorum
821 976 968 1019 tempus
1002 970 1209 1020 adpeteret,
1238 978 1276 1007 et
1302 985 1368 1021 per

252 1035 474 1072 dictatorem
510 1036 665 1072 coniitia
696 1034 828 1070 haberi
863 1034 1078 1084 placuisset,
1119 1035 1162 1070 C.
1187 1034 1366 1072 Claudius

251 1100 384 1136 consul
413 1100 470 1136 M.
489 1100 642 1136 Livium
672 1099 857 1148 collegam
888 1100 1111 1134 dictatorem
1142 1099 1267 1135 dixit:
1298 1099 1367 1136 Li-

252 1165 333 1200 vius
357 1164 405 1204 Q.
428 1164 622 1200 Coecilinm
652 1164 873 1212 magistrum
904 1165 1095 1211 equitum:
1129 1176 1151 1199 a
1178 1163 1234 1199 Μ.
1255 1163 1367 1199 Livio

252 1229 437 1265 dictatore
466 1228 581 1264 creati
611 1227 783 1263 consules
813 1227 858 1263 L.
878 1227 1070 1270 Veturius,
1097 1227 1145 1266 Q.
1165 1227 1364 1272 Caecili11s5

253 1293 283 1328 is
305 1293 397 1342 ipse,
419 1293 483 1341 qni
502 1298 582 1328 turn
604 1298 684 1327 erat
714 1292 893 1339 magister
912 1292 1092 1338 equitum.
1151 1291 1244 1326 Inde
1272 1305 1367 1340 prae—

252 1363 380 1392 torum
406 1357 561 1392 comitia
588 1356 742 1392 habita:
775 1355 891 1390 creati
922 1356 964 1391 C.
987 1354 1178 1397 Servilius,
1206 1355 1262 1391 M.
1285 1356 1385 1391 (Ζῶ-ν

254 1419 361 1455 cilius
394 1419 588 1462 Metellus,
616 1419 676 1455 Ti.
699 1418 879 1454 Claudius
911 1418 1072 1460 Asellus,
1105 1418 1152 1456 Q.
1172 1418 1366 1454 Mamilius

253 1483 433 1526 Turinus,
456 1483 616 1532 quitum
647 1482 760 1518 aedilis
791 1481 909 1531 plebis
931 1488 1021 1517 crat.
1080 1482 1253 1517 Comitiis
1283 1495 1367 1531 per—

254 1548 376 1590 fectis,
399 1548 575 1590 dictator,
598 1548 821 1594 magistratu
842 1546 1031 1588 abdicato,
1053 1547 1281 1594 dimissoque
1302 1559 1365 1581 ex-

253 1612 386 1654 ercitu,
414 1612 452 1647 in
479 1611 671 1647 Etruriam
702 1611 935 1660 provinciam
961 1623 1008 1645 ex
1038 1609 1367 1646 senatusconsulto

253 1683 309 1710 est
329 1675 519 1724 profectus
541 1676 586 1711 ad
608 1676 834 1724 quaestiones
855 1674 1066 1710 habendas:
1100 1675 1163 1722 qui
1182 1674 1365 1710 Etrusco-

252 1752 335 1775 rum
367 1738 645 1775 Umbrorumve
679 1738 809 1788 populi
842 1738 1064 1774 defectionis
1098 1738 1145 1774 ab
1177 1738 1363 1774 Romanis

252 1803 297 1838 ad
318 1802 596 1839 Hasdrubalem
617 1802 684 1838 sub
710 1803 910 1839 adventum
931 1801 1010 1852 ejus
1037 1802 1195 1838 consilia
1223 1803 1364 1851 agitas-

251 1872 349 1910 sent,
378 1868 516 1915 quique
543 1880 627 1903 cum
658 1866 822 1909 auxiliis,
853 1874 919 1902 aut
947 1873 1173 1908 commeatu,
1202 1873 1267 1902 aut
1293 1880 1364 1918 ope

251 1929 377 1979 aliqua
408 1930 607 1981 juvissent.
666 1930 761 1966 Haec
794 1944 839 1966 eo
873 1943 973 1966 anno
1008 1931 1110 1966 domi
1146 1930 1365 1980 militiaeque

249 2003 368 2042 gesta.
426 1994 526 2030 Ludi
554 1994 722 2031 Romani
751 2001 807 2030 ter
840 1996 912 2030 toti
943 1995 1141 2030 instaurati
1171 1995 1218 2030 ab
1248 1996 1363 2031 aedili-

248 2057 317 2094 bus
343 2058 550 2101 curulibus,
583 2060 652 2095 Cn.
682 2058 840 2094 Servilio
861 2059 1054 2108 Caepione,
1083 2060 1161 2095 Ser.
1183 2060 1363 2096 Cornelio

249 2121 428 2158 Lentulo.
485 2123 583 2158 Item
600 2123 677 2160 ludi
697 2123 834 2173 plebeii
855 2124 968 2159 semel
988 2124 1060 2159 toti
1085 2124 1284 2160 instaurati
1315 2124 1363 2161 ab

249 2186 418 2222 aedilibns
448 2186 582 2237 plebis,
613 2187 669 2223 M.
686 2188 901 2238 Pomponio
920 2187 1122 2229 Mathone,
1143 2196 1181 2223 et
1209 2188 1257 2226 Q.
1274 2187 1361 2224 Ma-

247 2249 353 2286 milio
373 2250 531 2288 Tui-ino.
587 2251 869 2288 Tertiodeciino
897 2264 997 2288 anno
1017 2251 1151 2287 Punici
1181 2251 1283 2294 belli,
1313 2252 1361 2289 L.

247 2313 406 2352 Veturio
435 2315 598 2354 Philone
627 2323 666 2354 et
693 2317 741 2357 Q.
764 2315 919 2354 Caecilio
937 2315 1098 2353 Metello
1127 2315 1359 2360 consulibus,
1384 2353 1387 2358 ,
