1523 2666
372 174 458 217 606
822 184 868 214 Τ.
890 184 1029 214 mvn

176 278 221 309 U.
237 278 274 310 C.
288 262 540 313 ⁵51.'oneratas
558 279 757 312 commeatu
775 277 894 312 venire
906 292 918 312 .·
945 288 1028 312 suas
1046 281 1179 320 autem,
1200 282 1241 314 ut
1256 283 1390 326 pacata
1409 292 1484 316 om-
1516 281 1518 307 ἓ

174 323 268 354 A‘C‘
289 330 436 376 19Ῑήὶα
465 341 561 376 circa
583 351 619 375 se
647 339 895 387 relinquentes,
922 341 1015 376 nihil
1042 346 1173 388 praeter
1200 343 1351 378 militem
1378 348 1485 391 atque

372 417 478 440 arma
507 403 717 439 habituras:
754 404 909 438 multam
940 406 1049 440 etiam
1079 403 1289 451 adjuturam
1318 409 1486 443 notitiam
1517 449 1520 452 ,

369 469 482 504 ‘maris
511 472 757 514 terrarumque
786 472 821 503 et
850 473 1033 506 ventorum
1045 486 1058 506 .·
1086 484 1162 518 quae
1191 473 1310 507 omnia
1341 473 1486 519 ignaros

372 531 561 568 turbatura
580 531 695 566 hostes
712 537 834 567 essent.
867 531 995 568 Movit
1014 545 1144 569 omnes
1165 540 1299 570 auctor
1318 534 1483 578 consilii,

371 595 435 644 qui
462 600 499 631 et
527 607 567 630 re
597 594 797 630 consilium
827 601 1071 632 exsecuturus
1102 603 1195 634 erat.
1248 598 1415 633 Biduum
1444 598 1484 634 in

372 661 555 710 adparatu
573 660 710 696 morati
725 675 732 696 :
755 661 869 696 tertio
889 661 949 697 die
965 668 1118 697 centum
1133 661 1306 705 navibus,
1326 676 1484 712 quarum

371 724 615 773 septuaginta
648 732 773 765 tectae,
805 730 939 760 ceterae
973 732 1126 774 apertae,
1161 727 1317 762 minoris
1352 738 1482 762 omnes

370 786 518 829 formae,
553 793 673 829 erant,
706 786 866 836 profecti
899 788 1101 825 Phocaeam
1131 790 1344 839 petierunt:
1381 790 1482 833 inde,

370 863 486 899 quum
507 850 686 892 audisset,
708 850 1012 900 adpropinquare
1035 851 1118 902 jam
1144 851 1362 889 Romanam
1386 853 1484 888 clas-

372 926 466 957 sem,
499 926 579 956 rex,
615 914 703 962 quia
735 926 814 949 non
846 914 1095 951 interfuturus
1126 916 1250 952 navali
1284 916 1482 952 certamini

370 984 466 1020 erat,
486 978 741 1026 Magnesiam,
763 991 844 1027 quae
865 979 911 1015 ad
933 979 1102 1028 Sipylum
1122 987 1192 1023 est,
1214 981 1415 1024 concessit,
1436 980 1483 1016 ad

369 1050 565 1080 terrestres
597 1044 724 1093 copias
753 1045 1046 1094 comparandas:
1066 1040 1208 1082 'classis
1239 1047 1286 1082 ad
1315 1047 1483 1095 Cyssun-

370 1113 448 1143 tem
468 1113 619 1156 portum
644 1107 944 1155 Erythraeorum,
965 1115 1158 1156 tamquam
1184 1109 1237 1145 ibi
1264 1111 1387 1158 aptius
1416 1122 1482 1145 ex-

371 1177 589 1221 spectatura
622 1171 786 1213 hostem,
825 1172 1032 1208 contendit.
1089 1172 1271 1215 Romani,
1308 1173 1371 1208 ubi
1404 1173 1482 1222 pri-

369 1248 474 1288 mum
503 1234 698 1283 aquilones
732 1235 774 1280 (ii
805 1247 967 1282 namque
995 1247 1062 1284 per
1091 1235 1237 1284 aliquot
1265 1236 1341 1272 dies
1371 1242 1481 1272 tenu-

369 1299 495 1345 erant)
519 1298 700 1340 cecidere,
722 1297 769 1334 ab
798 1297 898 1333 Delo
929 1298 1093 1341 Phanas,
1115 1306 1267 1349 portum
1298 1300 1481 1336 Chiorum

368 1366 411 1400 in
439 1363 616 1411 AEgaeum
645 1375 748 1398 mare
775 1375 937 1406 versum,
968 1370 1125 1413 petunt:
1157 1364 1244 1400 inde
1273 1364 1320 1400 ad
1351 1364 1481 1401 urbem

368 1429 624 1476 circumegere
653 1439 780 1469 naves,
803 1434 1090 1476 commeatuque
1117 1434 1257 1471 sumto,
1278 1428 1479 1464 Phocaeam

369 1491 578 1542 trajiciunt.
626 1491 833 1533 Eumenes,
855 1491 1000 1527 Elaeam
1020 1492 1067 1528 ad
1086 1505 1192 1528 suam
1212 1492 1368 1529 classem
1387 1504 1476 1542 pro-

367 1556 505 1599 fectus,
526 1555 654 1605 paucis
682 1561 769 1603 post
794 1555 881 1590 inde
901 1556 1047 1599 diebus,
1069 1569 1154 1592 cum
1181 1563 1342 1605 quatuor
1365 1562 1403 1591 et
1421 1557 1477 1592 vi-

368 1621 465 1670 ginti
484 1620 640 1656 navibus
661 1620 786 1662 tectis,
808 1620 945 1669 apertis
967 1620 1150 1669 pluribus,
1171 1620 1299 1670 paullo
1325 1633 1348 1656 a
1373 1620 1476 1656 Pho-

367 1698 447 1721 caea
465 1685 511 1720 ad
530 1684 743 1726 Romanos,
763 1690 939 1732 parantes
960 1685 1264 1733 instruentesque
1284 1697 1323 1721 se
1341 1685 1387 1720 ad
1405 1697 1474 1720 na-

365 1748 449 1784 vale
480 1755 685 1789 certamen,
716 1747 839 1783 rediit.
896 1746 991 1783 Inde
1021 1754 1172 1784 centum
1202 1748 1477 1797 quinquaginta

365 1813 477 1848 tectis
497 1811 670 1853 navibus,
691 1811 830 1859 apertis
850 1810 968 1847 ferme
991 1812 1278 1860 quinquaginta,
1299 1811 1475 1861 profecti,

363 1877 502 1927 primo,
524 1874 764 1923 aquilonibus
796 1876 1016 1911 transversis
1044 1889 1158 1924 quum
1188 1883 1412 1923 urgerentur
1436 1875 1475 1910 in

364 1947 518 1983 terram,
539 1940 775 1987 cogebantur
799 1939 904 1974 tenui
932 1940 1082 1987 agmine
1107 1952 1225 1989 prope
1244 1941 1282 1974 in
1303 1940 1473 1975 ordinem

362 2004 522 2052 singulae
556 2015 668 2038 naves
703 2004 780 2047 ire;
826 2002 973 2044 deinde,
1005 2009 1046 2038 ut
1076 2002 1192 2038 lenita
1221 2002 1388 2052 paullum
1418 2002 1471 2038 vis

363 2069 468 2104 venti
488 2074 558 2109 est,
576 2067 622 2103 ad
642 2067 830 2115 Corycum
847 2073 1013 2115 portum,
1031 2067 1095 2116 qui
1114 2079 1225 2116 super
1246 2067 1472 2115 Cyssuntem

363 2138 435 2174 est,
457 2132 585 2167 conati
604 2137 693 2166 suut
712 2130 897 2180 trajicere.

169 2201 281 2243 Pugna
418 2195 565 2232 XLIV.
595 2194 862 2244 Polyxenidas,
881 2200 922 2230 ut
937 2195 1238 2244 adpropinquare
1257 2195 1385 2230 hostes
1407 2194 1472 2229 ad-

168 2247 303 2279 mvalis·
361 2261 481 2297 latum
501 2266 571 2301 est,
593 2259 793 2295 occasione
813 2259 1005 2309 pugnandi
1029 2258 1151 2301 laetus,
1173 2259 1365 2294 sinistrum
1390 2258 1470 2307 ipse

360 2337 481 2362 cornu
509 2324 550 2360 in
577 2323 696 2361 altum
722 2323 906 2368 extendit,
927 2323 1100 2359 dextrum
1129 2334 1247 2360 cornu
1271 2320 1473 2373 praefectos
