1507 2656
342 203 497 235 LIBER
520 200 668 232 XXXI·
700 197 806 229 cAP.
831 199 1024 230 XXXIII·
1151 201 1235 245 309

127 295 188 333 secl
205 295 366 333 eamdem
393 305 508 331 seram
532 297 640 340 atque
665 291 844 333 inutilem,
864 291 962 338 sequi
975 307 989 334 ,·
1019 302 1127 339 quum
1141 304 1237 340 prae-
1249 296 1292 328 U.
1308 294 1346 326 C.
1363 301 1438 328 552,

129 361 283 408 cipitata
307 360 441 408 raptim
462 358 609 394 consilia
632 368 745 404 neque
770 356 943 398 revocari,
963 367 1074 404 neque
1091 358 1128 392 in
1147 358 1240 392 inte·
1252 341 1289 372 Α·
1305 339 1343 372 C‘
1358 345 1433 371 ²⁰⁰⁹

127 435 234 471 grum
253 424 391 460 restitui
405 423 553 471 possint.
597 420 879 457 Deliberationis
897 424 1017 456 autem
1036 419 1121 466 ejus,
1143 420 1244 467 cujas

127 489 203 536 ipse
220 489 466 524 maturitatem
482 486 754 534 exspectandam
769 489 931 533 putaret,
952 489 1089 533 tempus
1104 486 1155 521 ita
1161 484 1244 531 jam

128 564 222 588 nunc
249 553 360 588 statui
388 563 515 600 posse:
545 563 651 599 quum
683 550 814 598 legibus
843 555 990 587 cautum
1011 554 1110 592 esset,
1131 561 1174 585 ne
1200 550 1245 585 cle

124 627 218 664 pace
243 615 387 658 bellove,
417 616 487 651 nisi
516 616 553 650 z'n
585 615 804 651 Panaetolico
834 619 869 650 et
895 615 1046 662 Pylaico
1080 614 1243 656 concilio,

129 684 310 728 ageretur,
333 679 557 716 decernerent
575 680 764 728 extemplo,
786 683 827 714 ut
847 683 981 726 praetor
998 680 1073 714 sine
1087 677 1243 727 fraude,

133 755 240 791 quum
257 745 300 779 de
318 743 408 779 bello
428 747 493 778 aut
515 744 558 778 cle
580 755 673 791 pace
699 755 803 791 agere
827 744 927 785 velit,
949 744 1099 779 advocet
1128 742 1245 779 conci-

133 807 247 844 lium:
276 811 324 850 et,
348 807 443 854 quod
472 811 548 842 tum
577 806 759 855 referatur
785 808 1078 855 decernaturque,
1098 811 1139 842 ut
1161 817 1246 855 per·

131 872 217 908 inde
228 869 292 917 jus
308 876 498 920 ratumque
521 872 582 914 sit,
602 884 644 907 ac
664 873 694 908 si
712 874 748 908 in
769 873 991 908 Panaetolico
1010 876 1076 907 aut
1095 870 1247 918 Pylaico

133 936 283 972 concilio
301 940 421 972 actum
439 940 538 972 esset.
594 935 771 972 Dimissis
799 938 853 971 ita
877 947 1058 985 suspensa
1079 947 1119 970 re
1141 934 1247 982 lega-

133 998 199 1043 tis,
233 999 385 1048 egregie
419 999 634 1036 consultum
661 1000 766 1049 genti
795 999 943 1036 aiebat:
987 1012 1090 1042 nam,
1125 999 1247 1035 utrius

134 1063 253 1114 partis
279 1063 413 1101 melior
437 1064 595 1101 fortuna
614 1064 704 1101 belli
726 1070 838 1107 esset,
860 1064 905 1100 ad
926 1062 1006 1114 ejus
1024 1063 1248 1100 societatem
1307 1063 1315 1065 ’

135 1127 398 1165 inclinaturos.
455 1128 550 1165 Haec
570 1129 610 1164 in
631 1127 795 1164 concilio
811 1127 1034 1164 AEtolorum
1055 1133 1153 1164 acta.

187 1191 390 1229 XXXIII.
419 1192 617 1242 Philippus
648 1192 797 1243 inpigre
826 1198 927 1228 terra
949 1191 1118 1240 marique
1138 1203 1246 1241 para-
1260 1198 1426 1239 Philippus

133 1255 202 1293 bat
219 1256 384 1293 bellum:
416 1256 567 1294 navales
595 1257 723 1307 copias
753 1256 1037 1293 Demetriadem
1062 1257 1102 1292 in
1125 1255 1246 1292 Thes·
1259 1242 1464 1326 ἱζξῑὶἕὲἓέἒ·

137 1320 271 1357 saliam
290 1321 554 1359 contrahebat.
585 1322 758 1358 Attalum
778 1321 1069 1370 Romanamque
1089 1320 1247 1357 classem
1259 1336 1317 1361 rat.

137 1385 325 1436 principio
357 1386 453 1422 veris
483 1385 531 1422 ab
561 1386 706 1435 AEgina
737 1393 840 1423 ratus
871 1392 1057 1428 moturos,
1088 1384 1248 1421 navibus

137 1449 410 1497 maritimaeque
448 1461 523 1485 orae
560 1449 732 1500 praefecit
767 1449 1024 1493 Heraclidem,
1064 1462 1175 1498 quem
1212 1455 1251 1485 et

138 1517 227 1548 ante
245 1511 483 1562 praefecerat:
517 1513 598 1562 ipse
621 1519 817 1550 terrestres
838 1514 966 1564 copias
987 1511 1249 1563 comparabat,

137 1588 276 1625 magna
302 1588 342 1612 se
367 1576 442 1612 duo
463 1576 605 1613 auxilia
630 1577 836 1614 detraxisse
865 1578 1052 1614 Romanis
1081 1577 1248 1619 credens,

137 1651 186 1676 ex
210 1652 287 1676 una
314 1646 422 1690 parte
442 1639 612 1683 AEtolos,
634 1652 681 1676 ex
701 1640 820 1677 altera
838 1641 1056 1685 Dardanos,
1076 1639 1249 1677 faucibus

140 1702 190 1740 ad
213 1697 460 1751 Pelagoniam
488 1716 510 1738 a
535 1703 613 1739 filio
633 1703 773 1740 Perseo
793 1704 1019 1742 interclusis.
1076 1704 1137 1740 Ab
1158 1715 1250 1740 con-

142 1767 222 1804 sule
240 1779 318 1803 non
337 1766 556 1817 parabatur,
578 1767 642 1804 sed
665 1768 868 1817 gerebatur
886 1768 971 1819 jam
988 1768 1153 1805 bellum:
1185 1779 1253 1818 per

141 1831 448 1869 Dassaretiorum
470 1831 562 1868 fines
583 1832 789 1868 exercitum
807 1831 983 1876 ducebat,
1002 1832 1250 1874 frumentum,
1263 1830 1385 1863 Consul
1402 1841 1457 1881 per

142 1895 243 1946 quod
262 1909 310 1932 ex
327 1895 494 1932 hibernis
522 1896 723 1940 extulerat,
744 1898 934 1946 integrum
955 1897 1096 1933 vehens
1107 1913 1118 1943 i
1151 1895 1252 1946 quod
1264 1877 1458 1950 ἓῗῑᾞζὲἵ

142 1961 183 1997 in
200 1972 310 1996 usum
339 1960 450 1996 militi
476 1961 566 1996 satis
593 1968 704 2004 esset,
726 1961 980 2011 praebentibus
1001 1962 1114 2010 agris.
1172 1960 1252 2011 Op·
1265 1963 1354 2011 ducit
1369 1971 1459 1992 exer-

142 2025 233 2076 pida
256 2025 404 2074 vicique
437 2026 576 2075 partim
604 2025 814 2068 voluntate,
835 2027 975 2076 partim
994 2032 1098 2062 metu
1117 2038 1158 2062 se
1176 2031 1254 2061 tra·
1267 2012 1381 2036 mmm‘

146 2088 307 2125 debant:
341 2089 512 2138 quaedam
531 2089 567 2124 vi
589 2095 821 2139 expugnata,
842 2090 1014 2139 quaedam
1034 2090 1195 2131 deserta,
1218 2089 1256 2125 in

147 2158 296 2189 montes
316 2154 547 2203 propinquos
574 2153 849 2200 refugientibus
875 2152 1060 2195 barbaris,
1089 2153 1256 2189 iuvenie-

146 2216 297 2254 bantur.
353 2217 413 2253 Ad
440 2217 615 2266 Lyncum
647 2217 785 2253 stativa
812 2218 941 2267 posuit
968 2229 1088 2267 prope
1116 2216 1257 2254 flumen

149 2280 312 2317 Bevum:
344 2281 431 2318 inde
450 2281 723 2318 frumentatum
742 2282 841 2318 circa
856 2281 993 2316 horrea
1013 2280 1259 2317 Dassaretio-

147 2357 230 2382 rum
248 2344 436 2383 mittebat.
481 2346 679 2398 Philippus
701 2351 943 2383 consternata
961 2344 1111 2396 quidem
1128 2345 1257 2383 omnia
