1507 2656
304 171 461 200 LIBER
485 168 654 198 XXVII·
687 167 795 196 CAP.
818 167 1010 198 XXVIII·
1160 167 1215 213 47

99 260 217 297 Primi
239 259 399 309 agminis
421 264 529 294 erant
554 257 722 308 perfugae
742 256 1023 301 Romanorum,
1045 263 1084 294 et
1110 271 1214 296 arma

97 325 275 362 Romana
303 322 520 360 habebant:
552 323 593 365 ii,
614 321 680 358 ubi
706 322 754 358 ad
782 328 934 373 portam
964 329 1023 359 est
1041 329 1211 367 ventum,

94 389 236 427 Latine
259 401 389 426 omnes
418 387 617 437 loquentes
645 388 814 423 excitant
832 387 979 436 vigiles,
1001 389 1215 439 aperirique

95 460 245 505 portam
258 453 422 504 jubent:
456 451 650 489 consulem
667 451 810 489 adesse.
866 452 1028 501 Vigiles,
1047 452 1148 490 velut
1168 454 1218 491 ad

95 532 227 555 vocem
248 531 379 555 eorum
406 517 576 561 excitati,
597 516 836 561 tumultuari,
864 518 1068 568 trepidare,
1089 518 1216 555 moliri

95 589 269 634 portam:
303 587 496 619 cataracta
518 580 666 631 dejecta
685 581 812 618 clausa
838 588 941 618 erat:
975 595 1056 619 eam
1077 583 1217 633 partim

96 648 267 685 vectibus
294 647 445 693 levant3
478 648 618 697 partim
644 646 799 684 funibus
825 647 1042 684 subducunt
1070 648 1108 684 in
1129 654 1216 684 tan-

93 719 175 750 tum
204 712 429 755 altitudinis,
459 718 502 748 ut
530 711 657 748 subire
694 712 788 748 recti
817 719 988 762 possent.
1046 712 1215 751 Vixdum

95 778 185 815 satis
205 777 362 829 patebat
381 778 466 821 iter,
487 789 604 827 quum
624 776 792 828 perfugae
813 777 988 813 certatim
1012 784 1129 814 ruunt
1148 790 1217 829 per

93 849 267 894 portam:
300 848 339 879 et
359 854 475 892 quum
501 842 671 879 sexcenti
696 841 815 878 ferme
840 842 1061 885 intrassent,
1081 843 1215 878 remis-

96 920 139 944 so
157 907 262 951 fune,
283 921 361 957 quo
381 920 564 958 suspensa
584 913 679 950 erat,
702 911 895 942 cataracta
921 918 1063 955 magno
1085 907 1217 944 sonitu

93 972 242 1010 cecidit.
298 972 522 1023 Salapitani,
540 971 603 1008 alii
622 970 800 1021 perfugas
821 970 1064 1019 negligenter
1084 983 1131 1008 ex
1149 971 1215 1007 iti-

92 1048 180 1073 nere
214 1048 397 1086 suspensa
424 1036 605 1078 humeris,
634 1040 677 1070 ut
706 1035 806 1070 inter
834 1040 1006 1084 pacatos,
1038 1041 1214 1083 gerentes

94 1113 211 1144 arma,
242 1100 448 1136 invadunt:
481 1099 546 1136 alii
575 1112 595 1136 e
624 1099 719 1135 turri
750 1097 830 1149 ejus
861 1105 983 1149 portae
1021 1099 1216 1149 murisque

95 1164 208 1207 saxis,
239 1164 407 1207 sudibus,
438 1163 538 1214 pilis,
570 1162 784 1199 absterrent
814 1162 977 1199 hostem.
1036 1162 1098 1199 Ita
1128 1163 1217 1200 inde

96 1228 295 1265 Hannibal
322 1234 469 1265 suamet
497 1229 578 1279 ipse
598 1227 730 1264 fraude
759 1233 892 1278 captus
913 1227 1030 1264 abiit:
1063 1227 1214 1278 profec-

97 1299 233 1342 tusque
261 1293 307 1329 ad
332 1293 545 1330 Locrorum
576 1292 796 1328 solvendam
826 1292 1079 1336 obsidionem,
1102 1304 1214 1342 quam

100 1357 254 1392 Cincius
285 1369 432 1393 summa
450 1357 500 1400 vi,
523 1355 700 1406 operibus
727 1362 1082 1405 tormentorumque
1112 1356 1215 1392 omni

97 1432 235 1468 genere
265 1433 312 1456 ex
345 1420 474 1456 Sicilia
511 1419 684 1463 advecto,
719 1419 981 1470 obpugnabat.
1038 1420 1216 1470 Magoni,

89 1483 173 1535 jam
197 1484 299 1521 haud
327 1484 445 1521 ferme
474 1484 605 1520 fidenti
635 1490 872 1520 retenturum
899 1485 1217 1535 defensurumque

97 1560 137 1584 se
158 1547 303 1591 urbem,
326 1549 448 1598 prima
468 1559 568 1598 speS,
590 1553 714 1583 morte
739 1549 921 1584 nunciata
939 1548 1128 1592 Marcelli,
1149 1549 1216 1586 ad·

95 1610 213 1649 fulsit.
270 1612 430 1647 Secutus
457 1611 544 1648 inde
572 1612 750 1654 nuncius,
772 1611 1048 1656 Hannibalern,
1075 1612 1216 1649 Numi-

95 1675 225 1711 darum
254 1676 426 1724 equitatu
455 1675 664 1725 praemisso,
687 1676 825 1726 ipsum,
848 1682 1034 1725 quantum
1065 1676 1215 1713 adcele-

95 1752 178 1777 rare
211 1746 352 1790 posset,
383 1753 469 1776 cum
503 1740 673 1790 peditum
711 1741 864 1789 agmine
901 1742 1020 1790 sequi.
1079 1741 1215 1790 Itaque

98 1804 161 1840 ubi
181 1805 344 1854 primum
369 1804 556 1841 Numidas
588 1805 690 1841 edito
712 1817 731 1840 e
751 1804 912 1855 speculis
932 1806 1043 1854 signo
1074 1806 1214 1842 adven-

96 1873 177 1906 tare
200 1870 331 1913 sensit,
363 1875 400 1906 ct
427 1870 521 1920 ipse,
552 1869 745 1920 patefacta
773 1875 929 1921 repente
958 1876 1083 1920 porta,
1105 1870 1215 1907 ferox

96 1933 136 1970 in
155 1934 282 1970 hostes
304 1935 480 1984 erumpit.
536 1934 590 1970 Et
609 1935 747 1984 primo,
770 1936 889 1984 magis
911 1936 999 1984 quia
1019 1935 1215 1985 inproviso

96 1997 133 2033 id
153 1997 308 2041 fecerat,
330 2011 442 2047 quam
462 1998 562 2046 quod
588 2011 656 2048 par
675 1998 816 2034 viribus
838 2006 949 2042 esset,
972 2011 1108 2049 anceps
1133 2012 1214 2036 cer-

95 2070 223 2101 tamen
253 2071 355 2101 erat:
389 2064 536 2108 deinde,
565 2070 607 2100 ut
635 2077 883 2114 supervenere
913 2066 1103 2109 Numidae,
1127 2072 1213 2102 tan-

96 2136 157 2166 tus
184 2142 301 2180 pavor
320 2129 506 2166 Romanis
533 2136 591 2166 est
611 2128 787 2179 injectus,
809 2136 851 2166 ut
879 2131 1018 2180 passim
1039 2130 1085 2166 ad
1111 2142 1214 2166 mare

99 2207 141 2231 ac
172 2206 286 2230 naves
316 2194 517 2243 fugerent5
550 2193 691 2230 relictis
726 2194 902 2245 operibus
938 2194 1213 2243 machinisque,

100 2258 235 2308 quibus
262 2271 388 2295 muros
410 2259 647 2308 quatiebant.
706 2259 768 2297 Ita
787 2260 951 2297 adventu
981 2258 1213 2297 Hannibalis

99 2321 223 2361 soluta
241 2323 454 2362 Locrorum
474 2323 624 2361 obsidio
645 2329 714 2362 est.

1229 263 1271 295 U.
1283 262 1320 293 C.
1339 263 1416 296 5443

1227 308 1266 338 A.
1281 306 1319 338 C.
1336 314 1412 340 20⁸.

1230 1301 1406 1333 Locrorum

1228 1345 1432 1379 obsidionem

1229 1388 1331 1421 solvit.
