1523 2666
349 195 436 239 334
796 196 840 224 Τ.
867 195 1004 225 L1V11

152 289 194 320 U.
208 288 245 321 C.
263 295 336 322 553.
350 286 605 322 convenisset.
662 285 715 321 Et
743 285 1018 322 Narniensium
1047 285 1196 336 legatis,
1228 287 1472 336 querentibus

152 333 191 364 Α·
205 332 242 364 C·
262 340 333 367 199.
347 351 395 387 ad
415 363 613 386 numerum
630 349 702 386 sibi
722 349 880 386 colonos
897 363 974 386 non
997 363 1092 394 esse,
1108 358 1147 387 et
1158 351 1340 388 inmixtos
1357 366 1472 402 quos·

346 415 434 452 dam
463 428 541 451 non
572 415 629 451 sui
656 416 804 464 generis
836 428 905 465 pro
936 415 1082 452 colonis
1111 429 1150 452 se
1177 429 1321 465 gerere,
1343 429 1472 454 earum

343 493 470 516 rerum
507 493 641 516 caussa
670 482 849 516 tresviros
881 493 1007 517 creare
1037 480 1084 517 L.
1107 481 1308 517 Cornelius
1338 480 1472 518 consul

336 542 496 595 jussus:
530 545 647 581 creati
674 544 718 581 P.
739 551 776 580 et
803 545 888 581 Sex.
902 544 997 580 AElii
1019 545 1153 593 (Paetis
1181 546 1257 582 fuit
1285 545 1471 582 ambobus
1508 548 1509 551 ’

343 609 578 657 cognomen)
602 614 641 644 et
668 609 711 644 C.
729 607 929 644 Cornelius
949 608 1137 645 Lentulus
1158 622 1165 643 :
1197 610 1299 658 quod
1325 609 1471 646 Narni-

344 671 498 708 ensibus
520 672 649 707 datum
670 678 765 714 erat,
788 677 830 707 ut
849 671 1074 708 colonorum
1102 686 1281 710 numerus
1312 685 1470 723 cogere-

340 742 418 781 tur,
440 737 477 773 id
498 737 641 772 Cosani
660 743 834 786 petentes
854 749 931 773 non
954 737 1252 787 inpetraverunt.

394 801 470 838 111.
502 801 648 845 Rebus,
669 815 753 852 quae
780 802 916 838 Romae
946 802 1101 851 agendae
1131 809 1253 847 erant,
1274 802 1468 854 perfectis,

340 866 515 903 consules
537 868 575 903 in
596 868 811 916 provincias
832 867 1007 918 profecti.
1064 867 1107 904 P.
1126 867 1283 904 Villium
1312 868 1352 904 in
1379 868 1467 905 Ma‘

122 932 240 982 Sefiitio
341 932 540 968 cedoniam
560 945 676 980 quum
698 933 876 975 venisset,
899 939 1009 968 atrox
1031 932 1168 969 seditio
1189 932 1367 976 militum,
1382 931 1466 982 jam

121 976 269 1048 ΞἭΞ-Πι
340 1003 429 1033 ante
448 997 609 1039 irritata,
631 1010 700 1033 nec
721 998 812 1033 satis
833 998 870 1033 in
893 998 1081 1047 principio
1101 1009 1332 1048 compressa,
1353 1009 1465 1034 exce·

120 1064 263 1094 eedonia.
337 1062 417 1111 pit:
451 1062 525 1097 duo
547 1061 664 1097 millia
685 1075 728 1098 ea
755 1062 917 1098 militum
937 1062 1056 1105 fuere,
1077 1063 1140 1112 qui
1162 1076 1209 1099 ex
1227 1062 1360 1098 Africa
1378 1067 1467 1112 post

337 1126 526 1163 devictum
554 1126 814 1163 Hannibalem
845 1127 882 1162 in
918 1127 1100 1170 Siciliam,
1129 1127 1217 1164 inde
1249 1139 1352 1163 anno
1384 1126 1464 1163 fere

335 1197 425 1240 post
456 1191 495 1227 in
531 1191 802 1228 Macedoniam
841 1205 910 1242 pro
948 1191 1173 1228 voluntariis
1210 1190 1463 1241 transportati

338 1263 470 1292 erant:
511 1256 549 1291 id
579 1252 776 1292 voluntate
805 1256 949 1292 factum
978 1257 1198 1306 negabant:
1230 1257 1287 1293 Ab
1314 1256 1463 1293 tribunis

336 1326 541 1356 recusantes
570 1323 607 1356 in
636 1334 742 1357 naves
770 1323 970 1370 inpositos:
999 1324 1062 1358 sed
1090 1327 1296 1370 utcumque,
1316 1333 1377 1357 seu
1404 1323 1462 1357 in-

327 1381 475 1429 juncta,
492 1397 553 1420 seu
572 1391 734 1432 suscepta
744 1385 849 1433 foret
864 1386 1013 1428 militia,
1034 1390 1069 1421 et
1084 1398 1163 1422 eam
1183 1386 1405 1427 exhaustam,
1428 1389 1463 1421 et

322 1448 440 1496 finem
457 1450 611 1497 aliquem
633 1451 913 1499 militandifieri
928 1462 1068 1498 oequum
1088 1462 1170 1487 esse.
1207 1450 1341 1486 Multis
1359 1450 1463 1485 annis

332 1524 405 1548 sese
421 1514 570 1550 Italiam
591 1527 659 1550 non
679 1516 807 1550 vidisse
823 1531 835 1551 .·
865 1517 1082 1551 consenuisse
1107 1515 1171 1551 sub
1196 1516 1306 1551 armis
1332 1516 1368 1550 z'n
1398 1514 1460 1550 Si-

332 1577 431 1619 cilia,
462 1577 607 1625 Africa,
638 1579 867 1614 Macedonia.
929 1578 1115 1627 Consectos
1139 1577 1221 1624 jam
1252 1590 1288 1614 se
1325 1578 1456 1621 labore,

330 1653 448 1689 opere,
471 1654 663 1689 exsangues
684 1648 735 1678 tot
754 1644 909 1691 acceptis
927 1644 1128 1679 vulneribus
1157 1655 1238 1679 esse.
1297 1640 1457 1685 Consul,

330 1718 493 1742 caussam
521 1708 748 1754 postulanda?
774 1710 950 1743 missionis
977 1708 1212 1756 probabilem,
1242 1709 1273 1743 si
1301 1708 1458 1743 modeste

325 1777 523 1820 peteretur,
545 1774 672 1814 videri,
691 1773 788 1808 dixit
806 1788 813 1809 :
846 1775 1030 1809 seditionis
1047 1786 1109 1808 nec
1136 1785 1228 1814 eam,
1249 1783 1312 1807 nec
1339 1771 1456 1807 ullam

330 1837 441 1872 aliam
461 1839 549 1872 satis
567 1836 707 1882 justam
727 1850 888 1873 caussam
907 1850 989 1874 esse.
1047 1839 1178 1886 Itaque
1193 1838 1223 1873 si
1242 1848 1387 1872 manere
1405 1836 1455 1872 ad

326 1901 445 1947 signa,
466 1905 501 1936 et
520 1902 616 1936 dicto
638 1913 769 1948 parere
787 1903 911 1944 velint,
931 1914 968 1937 se
997 1903 1040 1937 cle
1067 1904 1229 1937 missione
1257 1912 1378 1937 eorum
1407 1901 1456 1935 ad

326 1969 489 1999 senatum
517 1967 747 2013 scripturum.
806 1966 989 2001 Modestia
1003 1965 1174 2014 facilius,
1205 1977 1313 2013 quam
1334 1965 1452 2013 perti-

326 2032 448 2072 nacta,
471 2033 566 2079 quod
585 2033 708 2075 velint,
730 2035 984 2080 impetraturos.

109 2097 278 2129 Thauma-
380 2095 449 2132 IV.
479 2096 721 2132 Thaumacos
745 2110 790 2132 eo
817 2103 989 2146 tempore
1018 2095 1216 2145 Philippus
1247 2107 1395 2130 summa
1413 2095 1449 2131 vi

106 2143 296 2216 tcgftggjtsa
325 2159 575 2210 obpugnabat
613 2161 813 2210 aggeribus
848 2162 1070 2210 vineisque3
1115 2166 1153 2196 et
1178 2159 1261 2210 jam
1292 2159 1449 2195 arietem

107 2227 220 2258 deserit
324 2225 439 2260 muris
457 2226 677 2261 admoturus
692 2232 790 2261 erat:
815 2232 980 2261 ceterum
998 2227 1152 2275 incepto
1165 2224 1347 2261 absistere
1363 2235 1449 2260 eum

106 2268 284 2312 Philippus.
323 2290 451 2338 coegit
473 2290 620 2326 subitus
641 2290 862 2327 AEtolorum
894 2291 1090 2334 adventus,
1113 2290 1191 2338 qui,
1211 2288 1445 2325 Archidamo

322 2353 417 2390 duce
450 2355 549 2391 inter
585 2355 775 2392 custodias
812 2355 1075 2392 Macedonum
1094 2355 1237 2391 moenia
1267 2352 1444 2403 ingressi,
