1507 2656
362 170 519 201 LIBER
542 171 710 200 xxvn.
743 171 850 199 CAP.
873 171 991 199 XIII.
1145 168 1153 171 ’
1181 174 1232 217 23

123 260 270 305 habuit,
297 267 339 298 ut
365 261 515 313 proelio,
546 274 612 312 per
631 261 729 297 diem
758 267 882 297 totum
910 261 1113 298 infeliciter
1136 261 1235 299 tole-
1249 268 1339 299 U.C.
1357 274 1430 300 543.

117 330 223 367 -rato,
245 325 389 361 tristior
407 326 452 361 iis
471 326 558 361 irati
579 325 682 360 ducis
704 325 828 360 oratio
854 331 965 360 esset.
995 326 1082 362 Diis
1101 327 1236 362 inmor-
1248 312 1288 342 Α·
1303 311 1340 342 C·
1357 318 1434 343 ²⁰⁹·

126 388 269 431 talibus,
283 393 324 424 ut
339 390 454 425 intuli
468 401 520 431 re,
535 389 661 424 laudes
672 393 875 436 gratesque,
891 388 1028 437 inquit,
1045 401 1128 437 ago,
1146 391 1240 438 quod

124 453 238 487 victor
256 452 377 495 hostis,
394 465 473 488 cum
491 457 592 488 tanto
605 464 739 500 pavore
753 452 989 488 incidentibus
1002 453 1097 489 vobis
1110 455 1148 489 in
1163 455 1241 490 val-

128 515 202 551 lum
217 521 424 565 portasque,
441 528 511 552 non
531 518 608 564 ipsa
628 520 745 552 castra
765 520 816 551 est
831 517 1017 563 adgressus
1030 533 1041 554 .·
1071 519 1243 554 deseruis-

125 580 208 615 setis
227 580 393 629 profecto
413 582 533 617 eodem
562 586 697 616 terrore
717 585 850 623 castra,
872 593 941 629 quo
961 583 1127 618 omisistis
1150 595 1243 631 pub—

126 655 224 681 nam.
261 646 332 687 Qui
343 658 458 694 pavor
473 646 542 689 hic,
557 647 617 694 qui
631 651 759 688 terror,
773 658 851 694 quoe
861 651 1017 694 repente,
1032 649 1106 694 qui,
1120 652 1247 684 etcum

129 708 253 756 quibus
277 711 500 757 pugnaretis,
521 710 646 746 oblivio
674 711 809 746 animos
834 711 961 757 cepit?
987 722 1114 758 nempe
1140 713 1250 748 iidem

127 778 212 809 sunt
231 773 268 809 hi
285 774 411 817 hostes,
432 787 516 822 quos
533 775 702 810 vincendo
721 779 757 810 et
774 776 884 810 victos
900 776 1075 823 sequendo
1089 778 1251 823 priorem

131 842 291 874 aestatem
309 839 546 882 absumsistis3
577 839 700 887 quibus
719 840 794 875 dies
820 843 1005 887 noctesque
1021 838 1251 887 fugientibus

130 913 198 949 per
217 901 277 938 hos
295 903 369 938 dies
397 905 572 939 institistis
583 920 596 947 ;
626 916 711 951 quos
731 904 860 940 levibus
881 905 1016 952 proeliis
1034 903 1226 953 fatigastis
1238 921 1250 948 ‚-

135 978 222 1014 quos
249 966 410 1003 hesterno
439 969 497 1004 die
525 980 589 1003 nec
616 969 684 1003 iter
709 967 851 1016 facere,
881 980 945 1004 nec
972 973 1093 1004 castra
1119 980 1253 1016 ponere

131 1032 231 1079 passi
255 1033 345 1069 estis.
396 1033 530 1068 Omitto
560 1044 615 1075 ea,
637 1032 759 1080 quibus
774 1033 930 1080 gloriari
954 1034 1126 1080 potestis:
1155 1031 1254 1079 cujus

134 1099 171 1130 et
189 1096 299 1143 ipsius
313 1098 450 1145 pudere
468 1109 510 1133 ac
525 1098 694 1145 poenitere
708 1109 768 1133 vos
784 1102 936 1145 oportet,
954 1096 1111 1146 referam
1124 1113 1137 1133 .·
1154 1109 1254 1134 nem-

135 1171 196 1207 pe,
212 1162 321 1208 aequis
334 1162 495 1198 manibus
509 1162 669 1197 hesterno
686 1162 744 1197 die
753 1162 945 1197 diremistis
954 1174 1127 1210 pugnam.
1160 1162 1257 1204 Quid

138 1223 212 1260 haec
229 1237 310 1269 nox,
332 1228 420 1274 quid
448 1227 504 1262 hic
529 1228 602 1262 dies
629 1227 765 1262 adtulit
780 1228 799 1260 9
842 1226 973 1262 Vestrae
992 1226 1045 1262 his
1063 1228 1172 1274 copiae
1199 1228 1256 1262 in-

138 1290 284 1326 minutae
310 1296 405 1334 sunt,
436 1304 484 1327 an
511 1292 658 1327 illorum
690 1291 837 1327 auctae?
865 1283 949 1327 Non
976 1292 1139 1339 equidem
1169 1292 1261 1327 mihi

142 1364 222 1388 cum
250 1356 404 1390 exercitu
432 1366 509 1390 meo
529 1356 624 1402 loqui
642 1356 777 1396 videor,
803 1366 865 1390 nec
893 1367 973 1390 cum
995 1355 1167 1391 Romanis
1191 1357 1260 1391 rni-

145 1416 289 1455 litibus:
318 1431 468 1467 corpora
487 1424 627 1456 tantum
654 1424 761 1467 atque
780 1431 882 1454 arma
900 1420 1022 1455 eadem
1046 1424 1139 1455 sunt.
1185 1421 1259 1462 An,

143 1483 174 1517 si
192 1483 330 1518 eosdem
347 1485 483 1520 animos
502 1484 718 1525 habuissetis,
741 1488 841 1530 terga
868 1488 983 1519 vestra
1010 1485 1153 1519 vidisset
1181 1484 1260 1520 hos-

146 1547 190 1582 tis
203 1547 223 1582 ‚9
248 1548 352 1595 signa
366 1549 477 1584 alicui
492 1549 676 1596 manipulo
691 1553 755 1583 aut
771 1547 908 1583 cohorti
924 1548 1123 1584 abstulisset
1137 1549 1157 1583 ,9
1182 1549 1261 1584 Ad-

147 1610 214 1647 huc
239 1614 334 1648 ccesis
354 1613 528 1649 Romanis
547 1613 738 1660 legionibus
754 1612 1004 1660 gloriabatur:
1032 1625 1092 1649 vos
1116 1614 1174 1649 illi
1200 1613 1262 1649 ho-

147 1677 271 1713 dierno
291 1678 349 1714 die
363 1680 522 1726 primurn
530 1678 660 1727 fugati
674 1680 846 1714 exercitus
861 1678 1004 1713 dedistis
1018 1679 1132 1713 decus.
1176 1676 1264 1713 Cla-

149 1754 233 1778 mor
248 1741 334 1777 inde
351 1748 469 1785 ortus,
486 1749 529 1778 ut
546 1743 695 1779 veniam
711 1741 742 1792 ej
751 1755 790 1777 us
807 1742 879 1777 diei
896 1741 1001 1777 daret
1015 1757 1025 1786 5
1059 1741 1123 1776 ubi
1138 1740 1265 1784 vellet,

151 1805 286 1842 deinde
322 1806 554 1856 experiretur
586 1806 749 1842 militum
785 1817 937 1841 suorum
971 1804 1130 1840 animos.
1187 1805 1268 1852 Ego

150 1882 231 1907 vero
259 1872 435 1919 experiar,
465 1870 601 1919 inquit,
632 1872 785 1906 milites:
814 1874 850 1905 et
879 1881 939 1905 vos
967 1871 1120 1904 crastino
1148 1869 1204 1904 die
1231 1870 1268 1904 in

150 1937 265 1972 *aciem
288 1936 456 1977 educam,
476 1941 518 1971 ut
544 1937 693 1972 victores
718 1937 852 1984 potius,
874 1947 979 1983 quam
1007 1935 1105 1977 victi,
1129 1935 1271 1969 veniam

152 2000 348 2049 inpetretis,
370 2012 474 2047 quam
491 2001 625 2047 petitis.
682 1998 931 2041 cohortibus,
949 2011 1031 2046 quae
1051 1998 1159 2045 signa
1176 1998 1271 2032 ami-

152 2070 296 2107 serant,
324 2063 507 2100 hordeum
530 2064 609 2099 dari
632 2062 771 2113 jussit:
806 2062 1121 2110 centurionesque
1150 2061 1272 2096 mani-

156 2127 345 2177 pulorum,
375 2140 535 2176 quorum
570 2128 678 2176 signa
714 2128 851 2162 amissa
880 2126 1044 2168 fuerant,
1083 2124 1272 2160 destrictis

156 2189 292 2239 gladiis
321 2191 524 2227 discinctos
547 2191 743 2236 destituit3
777 2196 828 2233 et,
856 2196 898 2225 ut
928 2195 1082 2238 postero
1102 2187 1162 2223 die
1192 2200 1274 2223 om-

157 2266 241 2298 nes»,
265 2255 423 2304 equites,
454 2255 613 2305 pedites,
644 2255 779 2290 armati
808 2254 997 2295 adessent,
1028 2251 1157 2287 edixit.
1214 2249 1276 2285 Ita

155 2319 293 2355 concio
312 2319 467 2355 dimissa
484 2319 702 2360 fatentium,
716 2316 805 2368 jure
825 2329 868 2353 ac
888 2316 1025 2352 merito
1046 2326 1127 2351 sese
1153 2314 1276 2350 incre-
