1523 2666
304 201 390 249 550
761 203 808 232 Τ.
832 202 967 233 mvn

111 303 156 336 u,
168 304 205 336 c,
221 294 420 337 550,sentia
446 292 624 334 videatur,
642 301 739 339 spem
758 291 894 327 abunde
911 290 1145 339 expleturum.
1192 291 1289 328 Nam
1306 294 1413 329 simu!

111 348 152 379 A·
167 349 206 379 C·
222 354 461 407 ¹⁹2·primum
480 346 565 394 anni
587 361 724 404 tempus
749 356 950 403 navigabile
976 355 1179 404 praebuisset
1204 368 1317 400 mare,
1337 369 1413 393 om-

305 433 386 458 nem
402 433 439 458 se
463 421 639 457 Graeciam
664 420 787 462 armis,
807 420 907 462 viris,
927 420 1037 468 equis,
1058 431 1194 455 omnem
1216 431 1318 457 oram
1335 433 1414 457 ma-

304 488 464 524 ritimam
483 485 648 522 classibus
666 484 935 531 completurum.
989 483 1067 520 Nee
1089 485 1256 533 inpensae,
1275 497 1338 522 nec
1359 486 1415 522 la-

305 552 395 595 bori,
415 563 478 587 nec
501 550 662 598 periculo
687 559 892 596 parsurum,
914 549 1036 591 donec,
1056 549 1202 597 depulso
1230 549 1418 596 cervicibus

305 628 428 652 eorum
446 616 593 662 imperio
619 613 797 655 Romano,
820 612 966 648 liberam
993 616 1074 648 vere
1101 614 1291 658 Graeciam,
1312 618 1419 664 atque

305 682 345 716 in
364 692 405 715 ea
429 680 609 728 principes
628 678 772 714 AEtolos
792 676 942 726 fecisset
958 692 970 713 :
999 689 1078 713 cum
1098 678 1306 714 exercitibus
1323 691 1418 715 com-

305 749 445 780 meatus
463 755 600 792 quoque
619 743 732 778 omnis
747 743 887 790 generis
902 754 943 778 ex
958 742 1047 778 Asia
1059 746 1232 778 venturos.
1263 742 1307 779 In
1321 755 1417 791 prae-

305 810 423 845 sentia
441 820 534 844 curae
552 819 621 843 esse
639 807 777 843 AEtolis
797 807 929 849 debere,
949 811 990 842 ut
1009 808 1113 855 copia
1131 805 1313 856 frumenti
1329 809 1414 851 suis,

307 877 343 908 et
360 884 500 908 annona
519 870 715 907 tolerabilis
731 882 850 906 rerum
866 871 1021 906 aliarum
1039 870 1295 919 subpeditetur.

362 935 488 973 XLV.
518 935 564 983 In
583 936 681 972 hanc
701 935 928 971 sententiam
948 947 1014 971 rex
1034 948 1119 972 cum
1137 947 1278 984 magno
1293 935 1418 973 omni·

309 1013 374 1036 um
393 1001 554 1036 adsensu
571 999 719 1036 locutus
740 1000 923 1036 discessit.
970 999 1064 1035 Post
1083 1000 1285 1036 discessum
1303 1001 1418 1050 regis,

309 1065 409 1100 inter
425 1064 518 1100 duos
535 1064 722 1114 principes
738 1062 972 1106 AEtolorum‚
989 1062 1192 1099 Phaeneam
1209 1069 1247 1100 et
1259 1063 1418 1101 Thoan·

309 1134 403 1171 tem,
424 1129 621 1164 contentio
642 1127 727 1164 fuit.
783 1127 982 1170 Phaeneas,
1006 1127 1292 1164 reconciliatore
1317 1129 1419 1179 pacis

311 1200 349 1228 et
368 1192 620 1242 disceptatore
640 1192 684 1228 de
709 1192 769 1235 iis,
791 1205 872 1241 quae
900 1192 937 1227 in
964 1191 1222 1228 controversia
1241 1205 1326 1229 cum
1351 1206 1421 1243 po-

309 1256 401 1308 pulo
413 1255 591 1293 Romano
605 1262 743 1298 essent,
760 1256 942 1292 utendum
962 1257 1088 1306 potius
1106 1257 1314 1300 Antioche,
1329 1270 1417 1294 cen-

311 1320 433 1363 sebat,
454 1332 566 1369 quam
587 1319 680 1355 duce
699 1318 801 1356 belli.
839 1321 1044 1357 Adventum
1064 1321 1137 1369 ejus
1155 1327 1189 1359 et
1202 1321 1424 1369 majestatem

311 1386 360 1421 ad
378 1386 627 1421 verecundiam
645 1383 860 1432 faciendam
887 1383 1060 1422 Romanis
1079 1389 1150 1423 vim
1168 1386 1338 1434 majorem
1357 1387 1422 1424 ha-

311 1449 481 1491 biturum,
503 1461 608 1496 quam
629 1461 742 1484 arma.
790 1448 915 1485 ⁴Multa
944 1444 1116 1494 homines,
1138 1463 1181 1487 ne
1207 1451 1338 1487 bellare
1358 1463 1420 1487 ne-

312 1525 402 1549 cesse
418 1515 478 1555 sit,
499 1513 684 1549 voluntate
707 1514 903 1557 remittere,
925 1528 1002 1563 quae
1031 1515 1119 1551 bello
1147 1520 1181 1551 et
1209 1517 1318 1551 armis
1346 1516 1424 1564 cogi

311 1589 382 1612 non
406 1577 554 1624 possint.
599 1576 728 1612 Thoas
749 1589 902 1625 negare,
925 1580 1011 1627 paci
1039 1580 1179 1615 studere
1203 1579 1423 1615 Phaeneam:

310 1641 375 1676 secl
393 1642 567 1677 discutere
586 1641 802 1688 adparatum
824 1641 905 1677 belli
923 1643 1024 1685 velle,
1046 1647 1087 1678 ut
1109 1643 1212 1678 toedio
1231 1647 1266 1678 et
1284 1644 1426 1691 inpetus

311 1705 559 1752 relanguescat
572 1704 676 1752 regis,
694 1709 728 1740 et
748 1704 904 1740 Romani
924 1711 1059 1754 tempus
1078 1707 1126 1742 ad
1145 1708 1428 1755 comparandum

314 1768 477 1805 habeant.
523 1768 626 1804 Nihil
644 1771 737 1805 enim
757 1771 847 1817 aequi
868 1770 911 1806 ab
931 1771 1104 1807 Romanis
1122 1772 1297 1820 inpetrari
1310 1783 1424 1820 posse,

314 1834 418 1869 toties
433 1833 666 1880 legationibus
676 1834 789 1869 missis
805 1834 972 1877 Romam,
987 1836 1090 1871 toties
1105 1847 1184 1871 cum
1198 1836 1274 1883 ipso
1291 1835 1425 1876 Quinc-

315 1899 364 1932 tio
384 1899 627 1946 disceptando,
647 1900 735 1934 satis
762 1904 946 1947 expertum
971 1912 1066 1936 esse:
1093 1912 1168 1943 nec,
1188 1901 1257 1936 nisi
1278 1900 1430 1939 abscissa

314 1963 412 1997 omni
429 1974 502 2010 spe,
523 1963 699 1998 auxilium
719 1964 890 2000 Antiochi
913 1964 1157 2011 inploraturos
1172 1963 1302 2013 fuisse.
1350 1965 1427 2006 Quo
1519 1957 1523 2008 ,Ι

313 2025 460 2061 celerius
480 2038 541 2074 spe
569 2028 727 2063 omnium
755 2028 887 2071 oblato,
907 2041 977 2065 non.
1003 2041 1073 2065 esse
1097 2030 1427 2078 elanguescendum,
1517 2009 1523 2107 Ξ

313 2090 375 2125 sed
389 2092 565 2126 orandum
582 2093 702 2139 potius
716 2104 847 2140 regem,
860 2099 915 2137 ut,
930 2096 1111 2142 quoniam,
1128 2095 1222 2143 quod
1236 2097 1430 2132 maximum
1518 2110 1523 2124 ⁴

304 2152 440 2201 fuerit,
462 2155 536 2202 ipse
554 2156 683 2191 vindex
707 2157 851 2193 Graecice
874 2159 1022 2201 venerit,
1043 2160 1164 2207 copias
1192 2171 1328 2207 quoque
1356 2164 1426 2195 ter-

315 2222 443 2254 restres
460 2220 672 2269 navalesque
701 2227 867 2259 arcessat.
922 2225 1117 2259 Armatam
1144 2235 1261 2271 regem
1289 2224 1429 2272 aliquid

316 2283 601 2329 inpetraturum:
630 2286 795 2322 inermem
820 2299 890 2323 non
915 2300 984 2336 pro
1003 2287 1140 2324 AEtolis
1160 2288 1278 2331 modo,
1297 2289 1359 2324 sed
1382 2299 1428 2324 ne

311 2357 379 2392 pro
397 2358 433 2383 se
452 2348 593 2395 quidem
611 2350 700 2398 ipso,
721 2352 891 2388 momenti
914 2351 1024 2388 ullius
1040 2350 1216 2400 futurum
1234 2353 1332 2401 apud
1352 2352 1424 2390 Ro-
