1507 2656
318 178 473 207 LIBER
496 176 642 205 xxlx.
676 174 783 204 CAP.
806 174 951 205 XXIV.
1110 177 1187 221 191

77 269 171 311 e'rat,
192 279 240 304 ne
267 278 355 303 vera
383 278 429 302 eo
461 264 557 314 ipso,
579 264 681 312 quod
709 262 936 307 celarentur,
958 276 1026 300 sua
1051 272 1189 315 sponte
1203 273 1244 303 U.
1257 273 1294 303 C.
1312 280 1386 306 54⁸.

80 333 199 381 magis
223 335 455 372 emanarent,
476 329 665 376 timorque
695 327 733 363 in
756 328 964 364 exercitum
990 329 1188 374 incideret,
1202 316 1240 346 Α·
1258 316 1296 347 C·
1312 324 1387 349 2⁰⁴⁸

77 410 125 433 nc
145 395 257 432 simul
275 408 360 432 cum
386 406 474 442 rege
502 399 540 428 et
563 392 952 440 Karthaginiensibus
980 392 1081 429 foret
1109 393 1191 430 bel-

80 460 246 503 landum,
268 459 403 496 avertit
431 470 453 493 a
472 469 562 493 vero
583 456 687 493 falsis
716 457 1019 507 praeoccupando
1045 465 1190 495 mentes

78 523 289 559 hominum.
363 521 428 564 Et,
462 521 606 556 vocatis
645 520 692 556 ad
729 520 955 556 concionem
991 520 1190 564 militibus,

78 589 160 624 Non
175 589 274 624 ultra
286 598 355 623 esse
374 587 628 627 cunctandum,
647 585 712 621 ait.
743 585 896 627 Instare,
916 587 1008 621 utin
1022 584 1192 634 Africam

76 653 340 700 quamprimum
360 649 532 696 trajiciat,
551 650 660 685 socios
678 660 788 696 reges.
834 649 1065 685 Masinissam
1088 651 1192 698 prius

76 717 191 764 ipsum
216 717 264 751 ad
289 715 443 752 Loelium
463 715 609 756 venisse,
631 718 848 761 querentem,
870 715 965 761 quod
989 715 1192 750 cunctando

79 785 215 828 tempus
235 784 427 816 tereretur:
446 791 538 815 nunc
558 778 757 827 Syphacem
772 779 916 813 mittere
935 779 1084 825 legatos,
1097 779 1193 814 idem

76 846 327 886 admirantem,
348 856 425 892 quae
445 848 519 878 tam
538 844 717 879 diuturnae
735 853 843 877 morae
866 843 913 877 sit
933 853 1056 877 caussa
1069 857 1081 878 .·
1105 854 1190 889 pos-

77 908 334 954 tulantemque,
355 912 394 942 ut
410 911 475 942 aut
495 904 700 952 trajiciatur
720 906 864 941 tandem
884 906 922 940 in
941 904 1111 953 Africam
1129 917 1190 940 ex-

74 972 215 1014 ercitus,
240 977 319 1014 aut,
338 974 369 1007 si
394 976 535 1007 mutata
561 971 709 1006 consilia
734 971 817 1012 sint,
843 971 973 1005 certior
985 971 1075 1018 fiat,
1097 974 1138 1005 ut
1157 974 1192 1005 et

76 1037 147 1084 ipse
162 1036 229 1072 sibi
247 1048 290 1072 ac
304 1048 412 1083 regno
430 1048 492 1071 suo
510 1036 620 1083 possit
641 1035 832 1070 consulere.
891 1034 1033 1081 Itaque,
1048 1035 1193 1081 paratis

66 1099 148 1146 jam
177 1101 337 1136 omnibus
364 1102 627 1147 instructisque,
648 1104 684 1135 et
713 1110 750 1134 re
771 1097 855 1144 jam
880 1110 951 1133 non
973 1099 1072 1133 ultra
1100 1099 1191 1133 reci-

70 1165 193 1212 piente
224 1165 500 1206 cunctationem,
539 1164 577 1198 in
614 1164 734 1197 animo
770 1162 835 1197 sibi
871 1173 954 1204 esse,
994 1160 1193 1207 Lilyboeum

74 1228 184 1264 classe
203 1229 386 1270 traducta,
408 1228 599 1274 eodemque
618 1225 776 1261 omnibus
787 1226 951 1273 peditum
966 1226 1193 1272 equitumque

73 1293 183 1340 copiis
202 1294 406 1334 contractis,
424 1304 501 1340 quoe
515 1293 638 1339 prima
658 1291 733 1326 dies
751 1302 894 1326 cursum
909 1290 1055 1325 navibus
1071 1290 1189 1331 daret,

75 1357 168 1392 Deis
195 1356 278 1392 bene
296 1355 519 1402 juvantibus,
547 1356 583 1390 in
608 1353 775 1402 Africam
805 1352 982 1399 trajicere.
1037 1352 1188 1388 Literas

74 1420 120 1456 ad
147 1419 204 1457 M.
220 1420 476 1470 Pomponium
502 1419 635 1461 mittit,
658 1425 712 1461 ut,
738 1418 769 1452 si
796 1418 830 1453 ei
861 1417 1060 1460 videretur,
1080 1415 1188 1466 Lily·
1202 1424 1379 1465 ItLilybae-

71 1483 195 1519 baeum
229 1484 395 1520 veniret:
433 1490 475 1519 ut
513 1482 766 1518 communiter
802 1480 1060 1523 consulerent,
1095 1493 1188 1528 quas
1201 1477 1273 1500 um.

71 1547 311 1597 potissimum
334 1547 519 1596 legiones,
542 1552 578 1581 et
598 1552 783 1594 quantum
803 1544 968 1580 militum
987 1556 1188 1580 numerum

71 1611 109 1646 in
145 1611 316 1647 Africam
349 1610 564 1660 trajiceret:
601 1611 692 1645 item
722 1610 863 1645 circum
895 1621 1002 1644 oram
1033 1620 1188 1644 omnem

71 1676 299 1712 maritimam
328 1676 445 1718 misit,
478 1681 519 1711 ut
545 1687 658 1710 naves
689 1673 871 1709 onerariae
903 1672 1186 1722 comprehensae

71 1738 284 1788 Lilybaeum
309 1752 439 1776 omnes
470 1740 797 1775 contraherentur.
855 1736 1049 1785 Quidquid
1084 1736 1187 1772 mili-

72 1808 153 1838 tum
168 1804 394 1852 naviumque
411 1804 450 1840 in
467 1803 596 1839 Sicilia
615 1810 710 1845 erat,
728 1815 842 1851 quum
862 1801 1076 1850 Lilybaeum
1093 1814 1186 1837 con-

72 1867 275 1910 venissent,
304 1873 342 1902 et
368 1880 436 1902 nec
464 1867 551 1903 urbs
574 1865 856 1901 multitudinem
882 1865 1095 1908 hominum,
1115 1877 1186 1901 nec

72 1937 202 1980 portus
229 1943 343 1967 naves
363 1936 528 1980 caperet,
550 1937 679 1966 tantus
704 1929 879 1965 omnibus
908 1929 1018 1964 ardor
1044 1934 1126 1964 erat
1145 1929 1185 1965 in

70 1993 241 2030 Africam
267 1994 496 2044 trajiciendi,
517 2003 558 2030 ut
578 2007 655 2030 non
680 1993 727 2029 ad
747 1992 887 2029 bellum
909 1993 992 2028 duci
1013 1992 1186 2028 videren-

71 2064 145 2101 tur,
177 2059 241 2094 sed
273 2059 318 2095 ad
346 2065 449 2095 certa
482 2059 651 2094 victoriae
686 2057 862 2107 praemia:
896 2057 1098 2105 praecipue,
1120 2056 1186 2105 qui

73 2122 300 2171 superabant
327 2135 372 2159 ex
401 2124 593 2159 Cannensi
622 2122 804 2163 exercitu,
825 2120 978 2162 milites,
1002 2119 1083 2162 illo,
1104 2132 1183 2156 non

73 2185 148 2221 alio
169 2186 276 2229 duce,
297 2186 515 2230 credebant,
537 2193 675 2223 navata
695 2184 910 2234 reipublicae
930 2196 1058 2232 opera,
1077 2183 1184 2220 finire

74 2261 113 2285 se
132 2250 305 2287 militiam
326 2251 622 2300 ignominiosam
643 2262 766 2301 posse.
809 2249 862 2285 Et
881 2247 1008 2298 Scipio
1029 2247 1183 2284 missime
