1523 2666
71 272 114 303 U.
129 272 166 303 C.
179 279 252 305 546.

69 316 250 350 A.C.2oa

68 849 230 890 Illiturgin

67 893 243 933 obpugnat

268 175 347 206 110
718 174 927 204 T.LIV11

264 265 401 302 citibus
430 263 627 313 Scipiones
659 262 875 300 defecerant
907 265 954 301 ad
986 264 1140 302 Poenos.
1198 265 1381 316 Illiturgi-

264 331 345 367 tani
364 329 582 379 prodendiS,
603 328 666 377 qui
687 341 732 364 ex
753 328 817 364 illa
836 329 940 365 clade
964 330 1010 365 ad
1029 342 1092 365 eos
1122 329 1380 379 perfugerant,

263 392 623 441 interficiendisque,
644 391 763 428 scelus
784 393 898 428 etiam
917 393 1120 429 defectioni
1146 393 1380 431 addiderant.

263 457 310 494 In
332 470 396 493 eos
416 456 577 507 populos
603 457 726 506 primo
748 457 926 500 adventu,
952 470 1066 505 quum
1087 457 1210 493 dubiae
1240 457 1383 507 Hispa-

263 523 337 558 niae
367 528 506 564 essent,
541 521 678 556 merito
712 521 847 568 magis,
878 534 991 570 quam
1023 521 1179 565 utiliter,
1211 522 1384 558 saevitum

263 585 376 623 foret.
432 586 556 627 Tunc,
589 584 671 634 jam
706 584 920 633 tranquillis
954 585 1080 628 rebus,
1115 586 1202 634 qnia
1235 592 1383 636 tempus

264 649 485 700 expetendae
521 661 644 699 poenae
680 648 879 685 videbatur
920 650 1079 692 venisse,
1122 650 1286 686 adcitum
1335 650 1382 687 ab

263 713 483 749 Tarracone
510 712 556 749 L.
576 712 765 748 Marcium
792 725 877 748 cum
908 714 1021 748 tertia
1049 719 1155 762 parte
1189 714 1384 762 copiarum

265 777 313 813 ad
333 776 582 813 Castulonem
608 775 907 825 obpugnandum
934 777 1075 811 mittit:
1107 776 1188 826 ipse
1219 789 1305 812 cum
1324 789 1385 812 ce-

264 846 348 876 tero
368 841 534 876 exercitu
555 840 695 888 quintis
717 838 834 874 ferme
863 839 908 874 ad
927 838 1119 887 Illiturgin
1139 840 1270 875 castris
1301 852 1384 889 per-

265 905 380 941 venit.
438 903 584 939 Clausae
609 909 717 938 erant
745 910 880 952 portae,
902 904 1104 952 omniaque
1132 903 1317 940 instructa
1346 911 1384 940 et

263 976 397 1020 parata
428 968 474 1004 ad
503 967 829 1018 obpugnationem
861 967 1083 1003 arcendam:
1116 968 1210 1003 adeo
1237 968 1384 1004 consci-

262 1035 379 1075 entia,
401 1032 489 1081 qnid
510 1044 548 1067 se
576 1032 729 1067 meritos
761 1031 916 1072 scirent,
947 1043 1016 1080 pro
1036 1030 1181 1067 indicto
1201 1031 1253 1066 eis
1285 1030 1384 1067 bello

260 1096 397 1133 fuerat.
455 1095 558 1131 Hinc
592 1103 629 1130 et
658 1094 801 1130 hortari
837 1094 978 1130 milites
1010 1095 1138 1143 Scipio
1172 1107 1278 1131 orsus
1314 1101 1383 1132 est.

263 1161 363 1208 Ipsos
393 1161 599 1195 claudendis
627 1161 743 1206 portis
782 1160 954 1194 indicasse
982 1160 1178 1207 Hispanos,
1210 1161 1310 1207 quid,
1344 1165 1389 1196 ut

265 1226 444 1266 timerent,
466 1225 586 1260 meriti
604 1228 741 1259 essent:
772 1226 893 1271 itaque
912 1224 1024 1259 multo
1044 1223 1284 1272 infestioribus
1303 1225 1382 1260 cmi-

262 1291 331 1324 mis
351 1301 430 1324 cum
459 1290 514 1330 iis,
537 1301 643 1336 quam
663 1300 743 1323 cum
763 1288 1133 1334 Karthaginiensibus,
1164 1288 1291 1323 bellum
1320 1301 1382 1336 ge-

262 1353 413 1388 rendum
433 1364 514 1388 esse.
575 1352 716 1398 Quippe
735 1363 815 1387 cum
836 1352 908 1386 illis
934 1363 1046 1399 prope
1065 1353 1140 1387 sine
1168 1353 1223 1387 ira
1244 1353 1287 1387 (Ie
1315 1354 1385 1388 im-

258 1418 362 1463 perio
384 1421 419 1452 et
444 1416 564 1463 gloria
584 1416 739 1458 certar25
770 1415 813 1450 ab
843 1415 896 1450 his
920 1416 1082 1463 perfidio,>
1111 1420 1145 1450 et
1164 1416 1386 1452 crudelitatis

264 1486 299 1516 et
316 1482 456 1516 sceleris
471 1492 593 1528 poenas
612 1479 823 1527 expetendas
841 1490 922 1514 esse.
985 1479 1124 1514 Venisse
1147 1484 1296 1525 tempus,
1318 1492 1385 1528 quo

264 1550 299 1580 et
319 1544 513 1593 nefandam
534 1545 812 1580 commilitonum
832 1555 964 1586 necem,
986 1548 1019 1578 et
1038 1545 1076 1578 in
1094 1549 1203 1579 semet
1232 1546 1334 1592 ipsos,
1354 1547 1385 1580 si

263 1610 383 1644 eodem
392 1608 494 1657 fuga
513 1609 625 1644 delati
642 1608 788 1656 forent,
811 1610 1024 1643 instructam
1042 1607 1217 1655 fraudem
1237 1609 1383 1645 ulcisce-

260 1678 411 1709 rentur:
440 1678 476 1708 et
495 1674 529 1708 in
550 1684 653 1707 omne
673 1677 811 1719 tempus
832 1673 936 1719 gravi
957 1673 1165 1707 documento
1189 1674 1381 1716 sancirent,

262 1749 306 1773 ne
331 1738 408 1785 quis
436 1748 607 1784 umquam
640 1736 844 1771 Romanum
875 1737 982 1771 civem
1014 1737 1207 1772 militemve
1241 1738 1277 1772 in
1306 1738 1386 1773 ulla

252 1801 414 1850 jbrtuna
433 1806 673 1849 opportununi
702 1799 842 1846 vyarne
862 1802 1016 1836 duceret
1074 1800 1135 1835 Alb
1156 1800 1226 1836 hac
1247 1801 1383 1837 cohor-

261 1865 410 1900 tatione
438 1865 541 1900 ducis
573 1864 734 1906 incitati,
769 1863 886 1899 scalas
919 1863 1046 1898 electis
1077 1876 1143 1912 per
1169 1864 1382 1914 manipulos

261 1929 351 1964 viris
372 1929 568 1964 dividunt:
602 1929 820 1978 partitoque
849 1928 1031 1969 exercitu,
1056 1928 1110 1963 ita
1130 1934 1170 1963 ut
1200 1930 1298 1978 parti
1328 1928 1382 1964 al-

260 1993 330 2029 teri
371 1991 512 2028 Laelius
550 1998 727 2041 praeesset
760 1991 922 2039 legatus,
957 1991 1103 2027 duobus
1142 1991 1253 2027 simul
1288 1991 1381 2028 locis

261 2056 422 2106 ancipiti
468 2062 611 2091 terrore
659 2055 790 2091 urben]
838 2055 1119 2102 adgrediuntur.
1176 2055 1269 2091 Iffon
1306 2056 1383 2092 (lux

259 2135 371 2165 unus,
400 2128 466 2158 aut
494 2121 618 2172 plures
649 2122 836 2172 principes
858 2121 1083 2170 oppidanOS,
1112 2121 1176 2157 sed
1206 2134 1292 2157 suns
1322 2123 1381 2172 ip-

257 2198 385 2222 sorum
414 2198 460 2222 ex
480 2186 714 2222 conscientia
734 2185 851 2235 culpae
884 2190 1004 2220 metus
1034 2185 1080 2220 ad
1108 2184 1383 2222 defendendam

256 2250 409 2300 inpigre
443 2249 574 2286 urbem
600 2250 799 2285 hortatur:
832 2255 870 2285 et
900 2249 1162 2292 meminerant,
1184 2255 1222 2285 et
1251 2250 1381 2287 admo-

255 2314 399 2351 nebant
440 2314 505 2351 alii
534 2314 643 2358 alios,
674 2315 892 2363 supplicium
925 2326 966 2350 ex
1000 2326 1048 2358 se,
1080 2325 1150 2351 non
1178 2316 1379 2356 victoriam,
