1523 2666
236 204 316 246 182
693 209 738 240 Τ.
763 210 895 240 mvn

35 306 127 339 uc.
146 304 366 340 54s.Locros
395 301 505 338 classe
527 299 860 349 praeterveheretur,
897 301 989 337 inter
1020 302 1096 338 alia
1113 300 1235 350 foeda,
1271 312 1346 351 quae

33 351 75 381 A·
89 350 126 381 C'
144 357 378 417 2⁰4'pr0pter
394 366 512 415 fidem
540 376 626 412 erga
653 377 713 400 vos
741 366 778 401 in
800 366 979 401 civitatem
1000 371 1158 401 nostram
1168 365 1346 415 facinora

229 433 360 474 edidit,
381 430 562 466 thesauros
589 441 728 477 quoque
752 430 990 477 Proserpinae,
1011 430 1165 466 intactos
1191 432 1241 467 ad
1267 443 1348 468 eam

230 498 339 538 diem,
358 494 550 542 spoliavit:
580 497 687 539 atque
715 494 781 534 ita,
800 494 954 540 pecunia
979 495 1017 528 in
1041 505 1148 529 naves
1172 495 1344 542 inposita,

228 562 306 610 ipse
326 565 424 596 terra
441 562 492 594 est
509 555 702 605 profectus.
750 557 847 597 Quid
861 569 945 604 ergo
964 560 1091 601 evenit,
1113 559 1245 595 Patres
1262 570 1345 594 con-

226 625 388 673 scripti?
419 623 548 658 Classis
568 626 712 669 postero
731 621 788 656 die
801 620 1004 669 foeclissima
1024 627 1232 670 tempestate
1251 623 1346 659 lace-

226 695 327 733 rata,
345 699 532 736 omnesque
544 699 663 729 naves,
682 699 759 734 quae
772 699 912 722 sacram
926 689 1115 734 pecuniam
1131 688 1344 731 habuerunt,

227 756 266 790 in
286 755 396 790 litora
413 756 535 788 nostra
561 749 680 797 ejectae
702 755 795 787 sunt.
857 751 938 791 Qua
959 756 1063 787 tanta
1085 753 1186 788 clade
1205 753 1347 789 edoctus

228 819 376 855 tandem
396 818 497 853 Deos
522 827 592 851 esse
615 815 884 863 superbissimus
905 827 979 858 rex,
996 817 1184 863 pecuniam
1206 828 1346 852 omnem

222 884 462 931 conquisitam
481 881 519 916 in
539 880 722 916 thesauros
742 881 966 927 Proserpina>
983 879 1114 928 referri
1122 879 1232 925 jussit
1245 897 1258 917 .·
1282 893 1345 917 nec

226 953 348 983 tamen
376 947 433 982 illi
460 956 631 992 umquam
656 949 782 991 postea
808 946 972 991 prosperi
990 946 1185 992 quidquam
1204 947 1344 981 evenit.-

221 1012 417 1060 pulsusque
437 1010 565 1051 Italia,
584 1008 731 1055 ignobili
749 1013 856 1056 atque
871 1008 1053 1044 inhonesta
1071 1013 1198 1051 morte,
1216 1014 1344 1045 temere

224 1080 328 1112 nocte
355 1077 530 1122 ingressus
554 1074 684 1119 Argos,
716 1072 890 1108 obcubuit.
946 1073 1036 1109 Hoec
1055 1085 1162 1120 quum
1189 1075 1344 1109 audisset

225 1141 366 1187 legatus
390 1143 516 1180 vester,
548 1137 750 1184 tribunique
771 1138 940 1178 militum,
962 1141 997 1172 et
1023 1138 1124 1173 mille
1150 1138 1240 1179 alia,
1263 1149 1341 1185 quae

224 1216 294 1239 non
323 1203 494 1250 augenslae
514 1202 698 1249 religionis
727 1212 864 1243 caussa,
885 1201 946 1236 sed
959 1202 1144 1248 praesentis
1162 1201 1256 1237 Deae
1274 1214 1341 1237 nu-

223 1268 318 1303 mine
336 1278 428 1315 sa’pe
447 1270 630 1313 comperta
649 1264 747 1299 nobis
766 1263 1028 1311 nistjoribusque
1045 1266 1186 1307 nostris,
1208 1264 1341 1314 refere-

224 1331 376 1373 bantur,-
398 1332 477 1366 ausi
493 1334 575 1366 sunt
595 1329 826 1365 nihilominus
842 1328 1037 1375 sacrilegas
1055 1329 1244 1365 admovere
1261 1342 1340 1366 ma-

222 1408 289 1431 nus
317 1397 463 1431 intactis
491 1395 565 1430 illis
593 1394 781 1434 thesauris,
803 1398 838 1428 et
865 1392 1028 1441 nefanda
1049 1395 1176 1441 praeda
1193 1406 1229 1430 se
1248 1396 1342 1442 ipsos

223 1472 266 1495 ac
285 1460 408 1495 domos
426 1459 671 1494 contaminare
693 1470 776 1493 suas
801 1461 836 1492 et
860 1458 991 1492 milites
1017 1461 1174 1494 vestros:
1203 1459 1339 1506 quibus,

219 1535 300 1571 per,
320 1535 393 1565 vos,
409 1524 526 1572 ficiem
550 1527 717 1564 vestra-m,
740 1522 872 1557 Patres
900 1523 1105 1569 conscripti,
1130 1523 1342 1570 priusquam

223 1599 345 1623 eorum
361 1587 473 1623 scelus
492 1587 653 1634 expietis,
674 1597 786 1633 neque
808 1587 843 1620 in
872 1585 999 1627 Italia,
1021 1597 1134 1633 neque
1153 1588 1190 1622 in
1207 1586 1341 1635 Africa

222 1653 421 1700 quidquam
439 1652 492 1686 rei
514 1652 715 1698 gesseriti35
744 1662 801 1692 ne,
822 1651 917 1698 quod
942 1651 1129 1700 piaculum
1157 1653 1339 1688 commise-

220 1720 320 1758 runt,
341 1727 411 1751 non
429 1727 493 1751 suo
511 1716 627 1751 solum
650 1716 837 1762 sanguine,
858 1716 918 1749 secl
940 1716 1048 1750 etiam
1074 1716 1220 1762 publica
1239 1717 1340 1753 clade

221 1781 336 1816 luant.
396 1780 625 1827 Quamquam
640 1791 683 1815 ne
699 1791 792 1815 nunc
807 1779 961 1826 quidem,
982 1779 1115 1815 Patres
1134 1783 1337 1829 conscripti,

220 1849 286 1880 aut
305 1845 341 1879 in
359 1844 516 1885 ducibus,
540 1848 605 1879 aut
631 1845 666 1879 in
694 1843 864 1879 militibus
885 1845 1010 1879 vestris
1029 1849 1141 1880 cessat
1158 1846 1213 1880 ira
1234 1846 1337 1882 Dece.

220 1909 422 1956 Aliquoties
437 1906 518 1952 jam
539 1908 633 1942 inter
650 1919 686 1942 se
702 1908 811 1954 signis
836 1908 985 1943 conlatis
1013 1915 1337 1945 concucurrerunt.-

221 1973 294 2008 duae
308 1972 456 2006 alterius
471 1972 590 2018 partis
606 1971 818 2013 Pleminius,
839 1971 990 2006 alterius
1008 1973 1079 2007 duo
1095 1972 1226 2008 tribuni
1240 1973 1336 2008 rnili-

222 2041 298 2072 tum
327 2039 456 2070 erant:
485 2047 556 2070 non
585 2036 702 2070 acrius
731 2047 812 2070 cuni
837 2035 1207 2083 Karthaginiensibus,
1229 2049 1337 2084 quam

218 2102 314 2136 inter
331 2111 368 2134 se
386 2100 467 2146 ipsi,
479 2098 586 2146 ferro
605 2100 891 2135 dimicaverunt:
916 2099 1214 2148 praebuissentque
1233 2113 1337 2138 occa-

219 2165 349 2199 sionem
369 2162 504 2211 surore
521 2175 584 2198 suo
604 2164 737 2199 Locros
764 2165 958 2212 recipiendi
975 2164 1192 2208 Hannibali,
1213 2168 1250 2201 ni
1269 2167 1336 2202 acl·

221 2229 313 2263 citus
327 2227 371 2262 ab
389 2226 486 2262 nobis
506 2226 627 2274 Scipio
650 2228 903 2263 intervenisset.
960 2229 1025 2271 At,
1045 2229 1218 2271 Hercule,
1238 2231 1337 2266 mili-

222 2297 273 2327 tes
301 2296 480 2327 contactos
507 2292 696 2339 sacrilegio
715 2291 830 2340 furor
849 2294 988 2340 agitat:
1016 2295 1053 2329 in
1082 2294 1228 2330 ducibus
1251 2295 1338 2343 ipsis

216 2357 408 2404 puniendis
439 2356 580 2392 nullum
607 2356 700 2394 Deae
726 2369 855 2394 numen
890 2358 1101 2407 adparuit?
1147 2358 1261 2395 Immo
1292 2359 1338 2396 ibi
