<?xml version="1.0" encoding="UTF-8"?>
<!DOCTYPE html PUBLIC "-//W3C//DTD XHTML 1.0 Transitional//EN"
    "http://www.w3.org/TR/xhtml1/DTD/xhtml1-transitional.dtd">
<html xmlns="http://www.w3.org/1999/xhtml" xml:lang="en" lang="en">
 <head>
  <title>
</title>
<meta http-equiv="Content-Type" content="text/html;charset=utf-8" />
  <meta name='ocr-system' content='tesseract 3.04.00' />
  <meta name='ocr-capabilities' content='ocr_page ocr_carea ocr_par ocr_line ocrx_word'/>
</head>
<body>
  <div class='ocr_page' id='page_1' title='image "./historiarumquaes03livyuoft_0523.png"; bbox 0 0 1507 2656; ppageno 0'>
   <div class='ocr_carea' id='block_1_1' title="bbox 402 132 1248 178">
    <p class='ocr_par' dir='ltr' id='par_1_1' title="bbox 402 132 1248 178">
     <span class='ocr_line' id='line_1_1' title="bbox 402 132 1248 178; baseline 0.001 -14"><span class='ocrx_word' id='word_1_1' title='bbox 402 135 557 164; x_wconf 84' lang='lat' dir='ltr'>LIBER</span> <span class='ocrx_word' id='word_1_2' title='bbox 582 133 736 162; x_wconf 84' lang='lat' dir='ltr'>XXXV.</span> <span class='ocrx_word' id='word_1_3' title='bbox 770 132 876 161; x_wconf 77' lang='lat' dir='ltr'><strong>CAP.</strong></span> <span class='ocrx_word' id='word_1_4' title='bbox 898 133 993 162; x_wconf 81' lang='lat' dir='ltr'><strong>XII·</strong></span> <span class='ocrx_word' id='word_1_5' title='bbox 1166 133 1248 178; x_wconf 74' lang='lat'>513</span> 
     </span>
    </p>
   </div>
   <div class='ocr_carea' id='block_1_2' title="bbox 132 221 1437 781">
    <p class='ocr_par' dir='ltr' id='par_1_2' title="bbox 136 221 1437 400">
     <span class='ocr_line' id='line_1_2' title="bbox 138 221 1437 276; baseline -0.001 -14"><span class='ocrx_word' id='word_1_6' title='bbox 138 237 228 276; x_wconf 83' lang='lat' dir='ltr'>pere</span> <span class='ocrx_word' id='word_1_7' title='bbox 246 241 253 261; x_wconf 92' lang='lat'>:</span> <span class='ocrx_word' id='word_1_8' title='bbox 287 231 338 268; x_wconf 87' lang='lat' dir='ltr'>et,</span> <span class='ocrx_word' id='word_1_9' title='bbox 360 225 398 260; x_wconf 93' lang='lat' dir='ltr'>in</span> <span class='ocrx_word' id='word_1_10' title='bbox 418 236 548 272; x_wconf 88' lang='lat' dir='ltr'>agrum</span> <span class='ocrx_word' id='word_1_11' title='bbox 578 221 751 258; x_wconf 82' lang='lat' dir='ltr'>latiorem</span> <span class='ocrx_word' id='word_1_12' title='bbox 781 223 915 266; x_wconf 81' lang='lat' dir='ltr'>evecti,</span> <span class='ocrx_word' id='word_1_13' title='bbox 937 225 1065 260; x_wconf 85' lang='lat' dir='ltr'>omnia</span> <span class='ocrx_word' id='word_1_14' title='bbox 1093 227 1247 276; x_wconf 88' lang='lat' dir='ltr'>propin·</span> <span class='ocrx_word' id='word_1_15' title='bbox 1262 236 1350 266; x_wconf 67' lang='lat' dir='ltr'>[Le.</span> <span class='ocrx_word' id='word_1_16' title='bbox 1368 245 1437 270; x_wconf 64' lang='lat'>559,</span> 
     </span>
     <span class='ocr_line' id='line_1_3' title="bbox 138 280 1436 337; baseline 0.001 -13"><span class='ocrx_word' id='word_1_17' title='bbox 138 301 212 337; x_wconf 89' lang='lat' dir='ltr'>qua</span> <span class='ocrx_word' id='word_1_18' title='bbox 231 289 299 324; x_wconf 82' lang='lat' dir='ltr'>viae</span> <span class='ocrx_word' id='word_1_19' title='bbox 328 293 429 323; x_wconf 87' lang='lat' dir='ltr'>tecta</span> <span class='ocrx_word' id='word_1_20' title='bbox 458 285 690 322; x_wconf 87' lang='lat' dir='ltr'>incendunt:</span> <span class='ocrx_word' id='word_1_21' title='bbox 723 286 898 335; x_wconf 83' lang='lat' dir='ltr'>proximo</span> <span class='ocrx_word' id='word_1_22' title='bbox 925 287 1057 323; x_wconf 75' lang='lat' dir='ltr'>deinde</span> <span class='ocrx_word' id='word_1_23' title='bbox 1077 288 1160 324; x_wconf 88' lang='lat' dir='ltr'>vico</span> <span class='ocrx_word' id='word_1_24' title='bbox 1189 289 1248 325; x_wconf 82' lang='lat' dir='ltr'>in·-</span> <span class='ocrx_word' id='word_1_25' title='bbox 1259 280 1348 310; x_wconf 72' lang='lat' dir='ltr'><strong>A·C·</strong></span> <span class='ocrx_word' id='word_1_26' title='bbox 1367 286 1436 312; x_wconf 76' lang='lat'>¹⁹3·</span> 
     </span>
     <span class='ocr_line' id='line_1_4' title="bbox 136 348 1244 400; baseline 0.002 -13"><span class='ocrx_word' id='word_1_27' title='bbox 136 351 264 387; x_wconf 86' lang='lat' dir='ltr'>ferunt</span> <span class='ocrx_word' id='word_1_28' title='bbox 295 351 435 399; x_wconf 86' lang='lat' dir='ltr'>ignem,</span> <span class='ocrx_word' id='word_1_29' title='bbox 465 348 567 384; x_wconf 86' lang='lat' dir='ltr'>ferro</span> <span class='ocrx_word' id='word_1_30' title='bbox 597 348 822 396; x_wconf 83' lang='lat' dir='ltr'>flammaque</span> <span class='ocrx_word' id='word_1_31' title='bbox 854 350 983 384; x_wconf 84' lang='lat' dir='ltr'>omnia</span> <span class='ocrx_word' id='word_1_32' title='bbox 1014 359 1244 400; x_wconf 70' lang='lat' dir='ltr'>peri-astant.</span> 
     </span>
    </p>

    <p class='ocr_par' dir='ltr' id='par_1_3' title="bbox 133 411 1245 464">
     <span class='ocr_line' id='line_1_5' title="bbox 133 411 1245 464; baseline 0.002 -14"><span class='ocrx_word' id='word_1_33' title='bbox 133 413 274 450; x_wconf 88' lang='lat' dir='ltr'>Fumus</span> <span class='ocrx_word' id='word_1_34' title='bbox 304 414 426 463; x_wconf 88' lang='lat' dir='ltr'>primo</span> <span class='ocrx_word' id='word_1_35' title='bbox 451 419 691 462; x_wconf 77' lang='lat' dir='ltr'>conspectuS,</span> <span class='ocrx_word' id='word_1_36' title='bbox 714 411 848 448; x_wconf 83' lang='lat' dir='ltr'>deinde</span> <span class='ocrx_word' id='word_1_37' title='bbox 879 412 1023 449; x_wconf 82' lang='lat' dir='ltr'>clamor</span> <span class='ocrx_word' id='word_1_38' title='bbox 1051 416 1245 464; x_wconf 81' lang='lat' dir='ltr'>trepidan-</span> 
     </span>
    </p>

    <p class='ocr_par' dir='ltr' id='par_1_4' title="bbox 133 478 1246 592">
     <span class='ocr_line' id='line_1_6' title="bbox 133 478 1246 528; baseline -0.001 -12"><span class='ocrx_word' id='word_1_39' title='bbox 133 481 230 516; x_wconf 89' lang='lat' dir='ltr'><strong>tium</strong></span> <span class='ocrx_word' id='word_1_40' title='bbox 261 480 300 515; x_wconf 90' lang='lat' dir='ltr'>in</span> <span class='ocrx_word' id='word_1_41' title='bbox 329 479 419 515; x_wconf 90' lang='lat' dir='ltr'>vicis</span> <span class='ocrx_word' id='word_1_42' title='bbox 450 478 614 521; x_wconf 87' lang='lat' dir='ltr'>auditus,</span> <span class='ocrx_word' id='word_1_43' title='bbox 643 483 838 528; x_wconf 90' lang='lat' dir='ltr'>postremo</span> <span class='ocrx_word' id='word_1_44' title='bbox 868 478 1034 513; x_wconf 87' lang='lat' dir='ltr'>seniores</span> <span class='ocrx_word' id='word_1_45' title='bbox 1065 480 1246 528; x_wconf 88' lang='lat' dir='ltr'>puerique</span> 
     </span>
     <span class='ocr_line' id='line_1_7' title="bbox 134 529 1244 592; baseline 0 -13"><span class='ocrx_word' id='word_1_46' title='bbox 134 542 364 592; x_wconf 83' lang='lat' dir='ltr'>refugientes</span> <span class='ocrx_word' id='word_1_47' title='bbox 403 529 608 578; x_wconf 77' lang='lat' dir='ltr'>tumultum</span> <span class='ocrx_word' id='word_1_48' title='bbox 645 542 684 577; x_wconf 91' lang='lat' dir='ltr'>in</span> <span class='ocrx_word' id='word_1_49' title='bbox 722 541 853 577; x_wconf 85' lang='lat' dir='ltr'>castris</span> <span class='ocrx_word' id='word_1_50' title='bbox 890 540 1084 577; x_wconf 85' lang='lat' dir='ltr'>fecerunt:</span> <span class='ocrx_word' id='word_1_51' title='bbox 1116 543 1244 591; x_wconf 85' lang='lat' dir='ltr'>itaque</span> 
     </span>
    </p>

    <p class='ocr_par' dir='ltr' id='par_1_5' title="bbox 132 605 1271 655">
     <span class='ocr_line' id='line_1_8' title="bbox 132 605 1271 655; baseline 0 -13"><span class='ocrx_word' id='word_1_52' title='bbox 132 607 213 642; x_wconf 91' lang='lat' dir='ltr'>sine</span> <span class='ocrx_word' id='word_1_53' title='bbox 242 605 415 649; x_wconf 88' lang='lat' dir='ltr'>consilio,</span> <span class='ocrx_word' id='word_1_54' title='bbox 437 606 516 642; x_wconf 88' lang='lat' dir='ltr'>sine</span> <span class='ocrx_word' id='word_1_55' title='bbox 546 606 720 655; x_wconf 88' lang='lat' dir='ltr'>imperio,</span> <span class='ocrx_word' id='word_1_56' title='bbox 742 617 811 655; x_wconf 89' lang='lat' dir='ltr'>pro</span> <span class='ocrx_word' id='word_1_57' title='bbox 838 617 877 640; x_wconf 88' lang='lat' dir='ltr'>se</span> <span class='ocrx_word' id='word_1_58' title='bbox 906 606 1064 654; x_wconf 84' lang='lat' dir='ltr'>quisque</span> <span class='ocrx_word' id='word_1_59' title='bbox 1095 618 1243 642; x_wconf 87' lang='lat' dir='ltr'>currere</span> <span class='ocrx_word' id='word_1_60' title='bbox 1266 628 1271 631; x_wconf 67' lang='lat'><em>›</em></span> 
     </span>
    </p>

    <p class='ocr_par' dir='ltr' id='par_1_6' title="bbox 134 669 1242 718">
     <span class='ocr_line' id='line_1_9' title="bbox 134 669 1242 718; baseline 0 -12"><span class='ocrx_word' id='word_1_61' title='bbox 134 670 182 706; x_wconf 88' lang='lat' dir='ltr'>ad</span> <span class='ocrx_word' id='word_1_62' title='bbox 207 682 274 706; x_wconf 88' lang='lat' dir='ltr'>sua</span> <span class='ocrx_word' id='word_1_63' title='bbox 300 669 484 705; x_wconf 85' lang='lat' dir='ltr'>tutanda:</span> <span class='ocrx_word' id='word_1_64' title='bbox 517 675 790 716; x_wconf 87' lang='lat' dir='ltr'>momentoque</span> <span class='ocrx_word' id='word_1_65' title='bbox 819 669 1000 718; x_wconf 85' lang='lat' dir='ltr'>temporis</span> <span class='ocrx_word' id='word_1_66' title='bbox 1031 676 1155 705; x_wconf 85' lang='lat' dir='ltr'>castra</span> <span class='ocrx_word' id='word_1_67' title='bbox 1183 682 1242 706; x_wconf 90' lang='lat' dir='ltr'>re-</span> 
     </span>
    </p>

    <p class='ocr_par' dir='ltr' id='par_1_7' title="bbox 133 731 1241 781">
     <span class='ocr_line' id='line_1_10' title="bbox 133 731 1241 781; baseline 0 -12"><span class='ocrx_word' id='word_1_68' title='bbox 133 732 225 769; x_wconf 86' lang='lat' dir='ltr'>licta</span> <span class='ocrx_word' id='word_1_69' title='bbox 254 739 375 776; x_wconf 86' lang='lat' dir='ltr'>erant,</span> <span class='ocrx_word' id='word_1_70' title='bbox 407 739 443 768; x_wconf 92' lang='lat' dir='ltr'>et</span> <span class='ocrx_word' id='word_1_71' title='bbox 474 731 673 769; x_wconf 87' lang='lat' dir='ltr'>obsidione</span> <span class='ocrx_word' id='word_1_72' title='bbox 700 731 880 768; x_wconf 82' lang='lat' dir='ltr'>liberatus</span> <span class='ocrx_word' id='word_1_73' title='bbox 912 732 1057 776; x_wconf 86' lang='lat' dir='ltr'>consul,</span> <span class='ocrx_word' id='word_1_74' title='bbox 1078 745 1152 781; x_wconf 89' lang='lat' dir='ltr'>quo</span> <span class='ocrx_word' id='word_1_75' title='bbox 1181 734 1241 769; x_wconf 90' lang='lat' dir='ltr'>in-</span> 
     </span>
    </p>
   </div>
   <div class='ocr_carea' id='block_1_3' title="bbox 114 799 1443 2254">
    <p class='ocr_par' dir='ltr' id='par_1_8' title="bbox 134 799 522 849">
     <span class='ocr_line' id='line_1_11' title="bbox 134 799 522 849; baseline -0.003 -14"><span class='ocrx_word' id='word_1_76' title='bbox 134 799 320 842; x_wconf 80' lang='lat' dir='ltr'>tenderat,</span> <span class='ocrx_word' id='word_1_77' title='bbox 341 799 522 849; x_wconf 89' lang='lat' dir='ltr'>pervenit.</span> 
     </span>
    </p>

    <p class='ocr_par' dir='ltr' id='par_1_9' title="bbox 127 863 1443 1424">
     <span class='ocr_line' id='line_1_12' title="bbox 184 863 1436 914; baseline 0.003 -14"><span class='ocrx_word' id='word_1_78' title='bbox 184 864 280 901; x_wconf 87' lang='lat' dir='ltr'><strong>XII.</strong></span> <span class='ocrx_word' id='word_1_79' title='bbox 311 864 384 900; x_wconf 90' lang='lat' dir='ltr'>Sed</span> <span class='ocrx_word' id='word_1_80' title='bbox 411 876 533 913; x_wconf 89' lang='lat' dir='ltr'>neque</span> <span class='ocrx_word' id='word_1_81' title='bbox 561 863 663 906; x_wconf 91' lang='lat' dir='ltr'>Boii,</span> <span class='ocrx_word' id='word_1_82' title='bbox 694 876 814 912; x_wconf 91' lang='lat' dir='ltr'>neque</span> <span class='ocrx_word' id='word_1_83' title='bbox 845 863 1023 913; x_wconf 82' lang='lat' dir='ltr'>Hispani,</span> <span class='ocrx_word' id='word_1_84' title='bbox 1051 877 1134 901; x_wconf 89' lang='lat' dir='ltr'>cum</span> <span class='ocrx_word' id='word_1_85' title='bbox 1156 866 1238 914; x_wconf 78' lang='lat' dir='ltr'>qui-</span> <span class='ocrx_word' id='word_1_86' title='bbox 1253 874 1436 904; x_wconf 69' lang='lat' dir='ltr'>AEtoxorum</span> 
     </span>
     <span class='ocr_line' id='line_1_13' title="bbox 131 918 1443 979; baseline 0.002 -15"><span class='ocrx_word' id='word_1_87' title='bbox 131 928 201 964; x_wconf 91' lang='lat' dir='ltr'>bus</span> <span class='ocrx_word' id='word_1_88' title='bbox 231 941 276 964; x_wconf 87' lang='lat' dir='ltr'>eo</span> <span class='ocrx_word' id='word_1_89' title='bbox 306 940 407 964; x_wconf 87' lang='lat' dir='ltr'>anno</span> <span class='ocrx_word' id='word_1_90' title='bbox 435 927 617 964; x_wconf 84' lang='lat' dir='ltr'>bellatum</span> <span class='ocrx_word' id='word_1_91' title='bbox 645 935 739 970; x_wconf 85' lang='lat' dir='ltr'>erat,</span> <span class='ocrx_word' id='word_1_92' title='bbox 761 935 838 964; x_wconf 88' lang='lat' dir='ltr'>tam</span> <span class='ocrx_word' id='word_1_93' title='bbox 863 929 1006 964; x_wconf 89' lang='lat' dir='ltr'>inimici</span> <span class='ocrx_word' id='word_1_94' title='bbox 1036 929 1238 979; x_wconf 89' lang='lat' dir='ltr'>infestique</span> <span class='ocrx_word' id='word_1_95' title='bbox 1253 918 1443 948; x_wconf 76' lang='lat' dir='ltr'>molitiones,</span> 
     </span>
     <span class='ocr_line' id='line_1_14' title="bbox 131 990 1238 1043; baseline 0.002 -16"><span class='ocrx_word' id='word_1_96' title='bbox 131 1000 238 1027; x_wconf 81' lang='lat' dir='ltr'>erant</span> <span class='ocrx_word' id='word_1_97' title='bbox 256 990 456 1034; x_wconf 84' lang='lat' dir='ltr'>Romanis,</span> <span class='ocrx_word' id='word_1_98' title='bbox 478 1004 588 1039; x_wconf 84' lang='lat' dir='ltr'>quam</span> <span class='ocrx_word' id='word_1_99' title='bbox 609 990 830 1027; x_wconf 84' lang='lat' dir='ltr'>AEtolorum</span> <span class='ocrx_word' id='word_1_100' title='bbox 852 1005 957 1040; x_wconf 81' lang='lat' dir='ltr'>gens.</span> <span class='ocrx_word' id='word_1_101' title='bbox 1016 992 1047 1028; x_wconf 89' lang='lat' dir='ltr'>Ii</span> <span class='ocrx_word' id='word_1_102' title='bbox 1069 1000 1156 1043; x_wconf 87' lang='lat' dir='ltr'>post</span> <span class='ocrx_word' id='word_1_103' title='bbox 1175 994 1238 1030; x_wconf 88' lang='lat' dir='ltr'>de—</span> 
     </span>
     <span class='ocr_line' id='line_1_15' title="bbox 129 1054 1237 1105; baseline 0.003 -15"><span class='ocrx_word' id='word_1_104' title='bbox 129 1062 301 1105; x_wconf 87' lang='lat' dir='ltr'>portatos</span> <span class='ocrx_word' id='word_1_105' title='bbox 336 1067 382 1090; x_wconf 84' lang='lat' dir='ltr'>ex</span> <span class='ocrx_word' id='word_1_106' title='bbox 416 1054 564 1090; x_wconf 71' lang='lat' dir='ltr'>Graecia</span> <span class='ocrx_word' id='word_1_107' title='bbox 596 1055 780 1090; x_wconf 81' lang='lat' dir='ltr'>exercitus</span> <span class='ocrx_word' id='word_1_108' title='bbox 814 1056 937 1104; x_wconf 87' lang='lat' dir='ltr'>primo</span> <span class='ocrx_word' id='word_1_109' title='bbox 977 1056 1015 1091; x_wconf 91' lang='lat' dir='ltr'>in</span> <span class='ocrx_word' id='word_1_110' title='bbox 1053 1069 1118 1105; x_wconf 90' lang='lat' dir='ltr'>spe</span> <span class='ocrx_word' id='word_1_111' title='bbox 1155 1056 1237 1093; x_wconf 80' lang='lat' dir='ltr'>fue-</span> 
     </span>
     <span class='ocr_line' id='line_1_16' title="bbox 129 1119 1235 1169; baseline 0.002 -15"><span class='ocrx_word' id='word_1_112' title='bbox 129 1126 228 1162; x_wconf 82' lang='lat' dir='ltr'>rant,</span> <span class='ocrx_word' id='word_1_113' title='bbox 260 1125 297 1155; x_wconf 89' lang='lat' dir='ltr'>et</span> <span class='ocrx_word' id='word_1_114' title='bbox 314 1119 549 1154; x_wconf 87' lang='lat' dir='ltr'>Antiochum</span> <span class='ocrx_word' id='word_1_115' title='bbox 577 1119 617 1154; x_wconf 93' lang='lat' dir='ltr'>in</span> <span class='ocrx_word' id='word_1_116' title='bbox 643 1132 798 1155; x_wconf 81' lang='lat' dir='ltr'>vacuam</span> <span class='ocrx_word' id='word_1_117' title='bbox 828 1119 991 1169; x_wconf 81' lang='lat' dir='ltr'>Europae</span> <span class='ocrx_word' id='word_1_118' title='bbox 1030 1121 1235 1169; x_wconf 81' lang='lat' dir='ltr'>possessio-</span> 
     </span>
     <span class='ocr_line' id='line_1_17' title="bbox 127 1182 1235 1232; baseline 0.001 -13"><span class='ocrx_word' id='word_1_119' title='bbox 127 1195 212 1219; x_wconf 87' lang='lat' dir='ltr'>nem</span> <span class='ocrx_word' id='word_1_120' title='bbox 232 1189 429 1218; x_wconf 82' lang='lat' dir='ltr'>venturum</span> <span class='ocrx_word' id='word_1_121' title='bbox 449 1198 457 1227; x_wconf 79' lang='lat'><em>3</em></span> <span class='ocrx_word' id='word_1_122' title='bbox 490 1195 559 1218; x_wconf 88' lang='lat' dir='ltr'>nec</span> <span class='ocrx_word' id='word_1_123' title='bbox 588 1182 820 1232; x_wconf 85' lang='lat' dir='ltr'>Philippum,</span> <span class='ocrx_word' id='word_1_124' title='bbox 842 1189 907 1218; x_wconf 84' lang='lat' dir='ltr'>aut</span> <span class='ocrx_word' id='word_1_125' title='bbox 936 1182 1066 1219; x_wconf 86' lang='lat' dir='ltr'>Nabin</span> <span class='ocrx_word' id='word_1_126' title='bbox 1087 1185 1235 1232; x_wconf 84' lang='lat' dir='ltr'>quietu-</span> 
     </span>
     <span class='ocr_line' id='line_1_18' title="bbox 129 1246 1235 1295; baseline 0.002 -13"><span class='ocrx_word' id='word_1_127' title='bbox 129 1259 202 1283; x_wconf 83' lang='lat' dir='ltr'>ros.</span> <span class='ocrx_word' id='word_1_128' title='bbox 255 1246 333 1282; x_wconf 91' lang='lat' dir='ltr'>Ubi</span> <span class='ocrx_word' id='word_1_129' title='bbox 353 1246 449 1282; x_wconf 91' lang='lat' dir='ltr'>nihil</span> <span class='ocrx_word' id='word_1_130' title='bbox 468 1259 624 1294; x_wconf 85' lang='lat' dir='ltr'>usquam</span> <span class='ocrx_word' id='word_1_131' title='bbox 644 1247 786 1282; x_wconf 84' lang='lat' dir='ltr'>moveri</span> <span class='ocrx_word' id='word_1_132' title='bbox 806 1247 993 1289; x_wconf 81' lang='lat' dir='ltr'>viderunt,</span> <span class='ocrx_word' id='word_1_133' title='bbox 1015 1248 1235 1295; x_wconf 84' lang='lat' dir='ltr'>agitandum</span> 
     </span>
     <span class='ocr_line' id='line_1_19' title="bbox 127 1310 1235 1360; baseline 0.002 -14"><span class='ocrx_word' id='word_1_134' title='bbox 127 1310 268 1359; x_wconf 84' lang='lat' dir='ltr'>aliquid</span> <span class='ocrx_word' id='word_1_135' title='bbox 296 1311 601 1360; x_wconf 84' lang='lat' dir='ltr'>miscendumque</span> <span class='ocrx_word' id='word_1_136' title='bbox 629 1312 716 1353; x_wconf 82' lang='lat' dir='ltr'>rati,</span> <span class='ocrx_word' id='word_1_137' title='bbox 745 1323 792 1346; x_wconf 88' lang='lat' dir='ltr'>ne</span> <span class='ocrx_word' id='word_1_138' title='bbox 822 1311 1035 1347; x_wconf 81' lang='lat' dir='ltr'>cunctando</span> <span class='ocrx_word' id='word_1_139' title='bbox 1065 1324 1235 1348; x_wconf 89' lang='lat' dir='ltr'>senesce-</span> 
     </span>
     <span class='ocr_line' id='line_1_20' title="bbox 127 1373 1233 1424; baseline 0.001 -14"><span class='ocrx_word' id='word_1_140' title='bbox 127 1382 212 1410; x_wconf 86' lang='lat' dir='ltr'>rent</span> <span class='ocrx_word' id='word_1_141' title='bbox 253 1373 423 1416; x_wconf 87' lang='lat' dir='ltr'>consilia,</span> <span class='ocrx_word' id='word_1_142' title='bbox 469 1374 671 1410; x_wconf 90' lang='lat' dir='ltr'>concilium</span> <span class='ocrx_word' id='word_1_143' title='bbox 718 1374 960 1424; x_wconf 82' lang='lat' dir='ltr'>Naupactum</span> <span class='ocrx_word' id='word_1_144' title='bbox 1004 1375 1233 1412; x_wconf 77' lang='lat' dir='ltr'>indixerunt.</span> 
     </span>
    </p>

    <p class='ocr_par' dir='ltr' id='par_1_10' title="bbox 118 1438 1231 1616">
     <span class='ocr_line' id='line_1_21' title="bbox 126 1438 1231 1489; baseline 0.003 -15"><span class='ocrx_word' id='word_1_145' title='bbox 126 1438 186 1475; x_wconf 78' lang='lat' dir='ltr'>Ibi</span> <span class='ocrx_word' id='word_1_146' title='bbox 212 1439 339 1475; x_wconf 86' lang='lat' dir='ltr'>Thoas</span> <span class='ocrx_word' id='word_1_147' title='bbox 369 1445 507 1488; x_wconf 85' lang='lat' dir='ltr'>praetor</span> <span class='ocrx_word' id='word_1_148' title='bbox 537 1451 680 1481; x_wconf 78' lang='lat' dir='ltr'>eorum,</span> <span class='ocrx_word' id='word_1_149' title='bbox 703 1446 930 1487; x_wconf 81' lang='lat' dir='ltr'>conquestus</span> <span class='ocrx_word' id='word_1_150' title='bbox 962 1439 1118 1489; x_wconf 85' lang='lat' dir='ltr'>injurias</span> <span class='ocrx_word' id='word_1_151' title='bbox 1148 1440 1231 1477; x_wconf 89' lang='lat' dir='ltr'>Ro-</span> 
     </span>
     <span class='ocr_line' id='line_1_22' title="bbox 125 1501 1230 1551; baseline 0.003 -13"><span class='ocrx_word' id='word_1_152' title='bbox 125 1515 321 1539; x_wconf 84' lang='lat' dir='ltr'>manorum</span> <span class='ocrx_word' id='word_1_153' title='bbox 349 1510 569 1551; x_wconf 81' lang='lat' dir='ltr'>statumque</span> <span class='ocrx_word' id='word_1_154' title='bbox 585 1501 757 1544; x_wconf 83' lang='lat' dir='ltr'>AEtoliae,</span> <span class='ocrx_word' id='word_1_155' title='bbox 780 1504 874 1550; x_wconf 80' lang='lat' dir='ltr'>quod</span> <span class='ocrx_word' id='word_1_156' title='bbox 902 1505 1058 1539; x_wconf 77' lang='lat' dir='ltr'>omnium</span> <span class='ocrx_word' id='word_1_157' title='bbox 1086 1504 1230 1541; x_wconf 78' lang='lat' dir='ltr'>Groecz&#39;ce</span> 
     </span>
     <span class='ocr_line' id='line_1_23' title="bbox 118 1568 1226 1616; baseline 0.002 -13"><span class='ocrx_word' id='word_1_158' title='bbox 118 1571 278 1616; x_wconf 75' lang='lat' dir='ltr'>gentium</span> <span class='ocrx_word' id='word_1_159' title='bbox 301 1569 568 1615; x_wconf 77' lang='lat' dir='ltr'>civitatiumque</span> <span class='ocrx_word' id='word_1_160' title='bbox 593 1568 892 1604; x_wconf 77' lang='lat' dir='ltr'>inhonoratissimi</span> <span class='ocrx_word' id='word_1_161' title='bbox 914 1573 996 1616; x_wconf 80' lang='lat' dir='ltr'>post</span> <span class='ocrx_word' id='word_1_162' title='bbox 1020 1581 1096 1604; x_wconf 82' lang='lat' dir='ltr'>earn</span> <span class='ocrx_word' id='word_1_163' title='bbox 1116 1571 1226 1606; x_wconf 81' lang='lat' dir='ltr'>victo-</span> 
     </span>
    </p>

    <p class='ocr_par' dir='ltr' id='par_1_11' title="bbox 120 1631 1226 1680">
     <span class='ocr_line' id='line_1_24' title="bbox 120 1631 1226 1680; baseline -0.001 -10"><span class='ocrx_word' id='word_1_164' title='bbox 120 1635 213 1670; x_wconf 84' lang='lat' dir='ltr'>riam</span> <span class='ocrx_word' id='word_1_165' title='bbox 237 1638 361 1675; x_wconf 80' lang='lat' dir='ltr'>essent,</span> <span class='ocrx_word' id='word_1_166' title='bbox 383 1632 480 1678; x_wconf 82' lang='lat' dir='ltr'>cnjus</span> <span class='ocrx_word' id='word_1_167' title='bbox 499 1644 619 1668; x_wconf 82' lang='lat' dir='ltr'>caussa</span> <span class='ocrx_word' id='word_1_168' title='bbox 641 1633 707 1680; x_wconf 81' lang='lat' dir='ltr'>ipsi</span> <span class='ocrx_word' id='word_1_169' title='bbox 715 1631 888 1680; x_wconf 73' lang='lat' dir='ltr'>fuissent,</span> <span class='ocrx_word' id='word_1_170' title='bbox 909 1631 1054 1680; x_wconf 80' lang='lat' dir='ltr'>legatos</span> <span class='ocrx_word' id='word_1_171' title='bbox 1081 1634 1226 1669; x_wconf 85' lang='lat' dir='ltr'>censuit</span> 
     </span>
    </p>

    <p class='ocr_par' dir='ltr' id='par_1_12' title="bbox 120 1694 1223 1745">
     <span class='ocr_line' id='line_1_25' title="bbox 120 1694 1223 1745; baseline -0.001 -12"><span class='ocrx_word' id='word_1_172' title='bbox 120 1698 219 1733; x_wconf 85' lang='lat' dir='ltr'>circa</span> <span class='ocrx_word' id='word_1_173' title='bbox 231 1708 335 1745; x_wconf 87' lang='lat' dir='ltr'>reges</span> <span class='ocrx_word' id='word_1_174' title='bbox 349 1695 566 1737; x_wconf 88' lang='lat' dir='ltr'>mittendos,</span> <span class='ocrx_word' id='word_1_175' title='bbox 577 1696 639 1744; x_wconf 87' lang='lat' dir='ltr'>qui</span> <span class='ocrx_word' id='word_1_176' title='bbox 651 1707 727 1730; x_wconf 88' lang='lat' dir='ltr'>non</span> <span class='ocrx_word' id='word_1_177' title='bbox 739 1694 861 1730; x_wconf 85' lang='lat' dir='ltr'>solum</span> <span class='ocrx_word' id='word_1_178' title='bbox 871 1701 1061 1731; x_wconf 84' lang='lat' dir='ltr'>tentarent</span> <span class='ocrx_word' id='word_1_179' title='bbox 1078 1696 1223 1732; x_wconf 84' lang='lat' dir='ltr'>animos</span> 
     </span>
    </p>

    <p class='ocr_par' dir='ltr' id='par_1_13' title="bbox 121 1759 1224 1808">
     <span class='ocr_line' id='line_1_26' title="bbox 121 1759 1224 1808; baseline -0.002 -10"><span class='ocrx_word' id='word_1_180' title='bbox 121 1774 264 1804; x_wconf 84' lang='lat' dir='ltr'>eorum,</span> <span class='ocrx_word' id='word_1_181' title='bbox 286 1760 350 1796; x_wconf 90' lang='lat' dir='ltr'>sed</span> <span class='ocrx_word' id='word_1_182' title='bbox 369 1760 444 1796; x_wconf 87' lang='lat' dir='ltr'>suis</span> <span class='ocrx_word' id='word_1_183' title='bbox 465 1772 648 1808; x_wconf 88' lang='lat' dir='ltr'>quemque</span> <span class='ocrx_word' id='word_1_184' title='bbox 668 1759 827 1808; x_wconf 84' lang='lat' dir='ltr'>stimulis</span> <span class='ocrx_word' id='word_1_185' title='bbox 848 1766 1043 1794; x_wconf 86' lang='lat' dir='ltr'>moverent</span> <span class='ocrx_word' id='word_1_186' title='bbox 1071 1759 1117 1795; x_wconf 88' lang='lat' dir='ltr'>ad</span> <span class='ocrx_word' id='word_1_187' title='bbox 1141 1759 1224 1796; x_wconf 86' lang='lat' dir='ltr'>Ro-</span> 
     </span>
    </p>

    <p class='ocr_par' dir='ltr' id='par_1_14' title="bbox 114 1822 1436 2123">
     <span class='ocr_line' id='line_1_27' title="bbox 121 1822 1406 1865; baseline 0.002 -4"><span class='ocrx_word' id='word_1_188' title='bbox 121 1838 274 1862; x_wconf 83' lang='lat' dir='ltr'>manum</span> <span class='ocrx_word' id='word_1_189' title='bbox 302 1823 454 1860; x_wconf 83' lang='lat' dir='ltr'>beilum.</span> <span class='ocrx_word' id='word_1_190' title='bbox 510 1823 753 1859; x_wconf 83' lang='lat' dir='ltr'>Damocritus</span> <span class='ocrx_word' id='word_1_191' title='bbox 784 1823 829 1859; x_wconf 86' lang='lat' dir='ltr'>ad</span> <span class='ocrx_word' id='word_1_192' title='bbox 859 1822 1003 1865; x_wconf 83' lang='lat' dir='ltr'>Nabin,</span> <span class='ocrx_word' id='word_1_193' title='bbox 1031 1823 1225 1860; x_wconf 86' lang='lat' dir='ltr'>Nicander</span> <span class='ocrx_word' id='word_1_194' title='bbox 1237 1830 1406 1863; x_wconf 73' lang='lat' dir='ltr'>Concitant</span> 
     </span>
     <span class='ocr_line' id='line_1_28' title="bbox 120 1878 1436 1950; baseline -0.001 -24"><span class='ocrx_word' id='word_1_195' title='bbox 120 1890 166 1927; x_wconf 86' lang='lat' dir='ltr'>ad</span> <span class='ocrx_word' id='word_1_196' title='bbox 197 1888 425 1939; x_wconf 71' lang='lat' dir='ltr'>Philippum,</span> <span class='ocrx_word' id='word_1_197' title='bbox 455 1888 698 1924; x_wconf 86' lang='lat' dir='ltr'>Dicaearchus</span> <span class='ocrx_word' id='word_1_198' title='bbox 729 1887 844 1923; x_wconf 79' lang='lat' dir='ltr'>frater</span> <span class='ocrx_word' id='word_1_199' title='bbox 873 1888 1044 1936; x_wconf 77' lang='lat' dir='ltr'>praetoris</span> <span class='ocrx_word' id='word_1_200' title='bbox 1074 1888 1121 1923; x_wconf 89' lang='lat' dir='ltr'>ad</span> <span class='ocrx_word' id='word_1_201' title='bbox 1140 1889 1220 1924; x_wconf 88' lang='lat' dir='ltr'>An·</span> <span class='ocrx_word' id='word_1_202' title='bbox 1233 1878 1436 1950; x_wconf 49' lang='grc' dir='ltr'>ἒῐὲῗῖἓῐξᾱῆο-</span> 
     </span>
     <span class='ocr_line' id='line_1_29' title="bbox 118 1950 1382 2000; baseline -0.001 -10"><span class='ocrx_word' id='word_1_203' title='bbox 118 1955 287 1990; x_wconf 82' lang='lat' dir='ltr'>tiochum</span> <span class='ocrx_word' id='word_1_204' title='bbox 316 1960 373 1989; x_wconf 90' lang='lat' dir='ltr'>est</span> <span class='ocrx_word' id='word_1_205' title='bbox 402 1953 548 1989; x_wconf 84' lang='lat' dir='ltr'>missus.</span> <span class='ocrx_word' id='word_1_206' title='bbox 604 1951 784 2000; x_wconf 86' lang='lat' dir='ltr'>Tyranno</span> <span class='ocrx_word' id='word_1_207' title='bbox 814 1950 1107 1986; x_wconf 61' lang='lat' dir='ltr'>Lacedaemonio</span> <span class='ocrx_word' id='word_1_208' title='bbox 1138 1951 1220 1988; x_wconf 87' lang='lat' dir='ltr'>Da·</span> <span class='ocrx_word' id='word_1_209' title='bbox 1234 1973 1382 1996; x_wconf 84' lang='lat' dir='ltr'>manum.</span> 
     </span>
     <span class='ocr_line' id='line_1_30' title="bbox 116 2015 1221 2063; baseline -0.002 -10"><span class='ocrx_word' id='word_1_210' title='bbox 116 2018 311 2059; x_wconf 88' lang='lat' dir='ltr'>mocritus,</span> <span class='ocrx_word' id='word_1_211' title='bbox 333 2018 483 2052; x_wconf 77' lang='lat' dir='ltr'>ademtis</span> <span class='ocrx_word' id='word_1_212' title='bbox 509 2018 700 2052; x_wconf 75' lang='lat' dir='ltr'>maritimis</span> <span class='ocrx_word' id='word_1_213' title='bbox 725 2015 923 2051; x_wconf 70' lang='lat' dir='ltr'>civitatibus</span> <span class='ocrx_word' id='word_1_214' title='bbox 941 2020 1144 2050; x_wconf 79' lang='lat' dir='ltr'>enervatam</span> <span class='ocrx_word' id='word_1_215' title='bbox 1165 2021 1221 2063; x_wconf 77' lang='lat' dir='ltr'>ty-</span> 
     </span>
     <span class='ocr_line' id='line_1_31' title="bbox 114 2080 1219 2123; baseline -0.002 -6"><span class='ocrx_word' id='word_1_216' title='bbox 114 2082 315 2123; x_wconf 76' lang='lat' dir='ltr'>-rannidem,</span> <span class='ocrx_word' id='word_1_217' title='bbox 335 2080 481 2115; x_wconf 89' lang='lat' dir='ltr'>dicere:</span> <span class='ocrx_word' id='word_1_218' title='bbox 514 2081 595 2115; x_wconf 78' lang='lat' dir='ltr'>inde</span> <span class='ocrx_word' id='word_1_219' title='bbox 623 2080 785 2121; x_wconf 82' lang='lat' dir='ltr'>militem,</span> <span class='ocrx_word' id='word_1_220' title='bbox 811 2080 895 2114; x_wconf 81' lang='lat' dir='ltr'>inde</span> <span class='ocrx_word' id='word_1_221' title='bbox 922 2090 1029 2114; x_wconf 84' lang='lat' dir='ltr'>naves</span> <span class='ocrx_word' id='word_1_222' title='bbox 1055 2080 1219 2115; x_wconf 81' lang='lat' dir='ltr'>navales-</span> 
     </span>
    </p>

    <p class='ocr_par' dir='ltr' id='par_1_15' title="bbox 117 2143 1220 2194">
     <span class='ocr_line' id='line_1_32' title="bbox 117 2143 1220 2194; baseline -0.002 -13"><span class='ocrx_word' id='word_1_223' title='bbox 117 2157 184 2194; x_wconf 78' lang='lat' dir='ltr'>que</span> <span class='ocrx_word' id='word_1_224' title='bbox 200 2145 310 2180; x_wconf 83' lang='lat' dir='ltr'>socios</span> <span class='ocrx_word' id='word_1_225' title='bbox 328 2143 485 2179; x_wconf 82' lang='lat' dir='ltr'>habuisse</span> <span class='ocrx_word' id='word_1_226' title='bbox 497 2159 508 2178; x_wconf 92' lang='lat'>.·</span> <span class='ocrx_word' id='word_1_227' title='bbox 538 2143 711 2178; x_wconf 72' lang='lat' dir='ltr'>inclusum</span> <span class='ocrx_word' id='word_1_228' title='bbox 729 2144 800 2178; x_wconf 83' lang='lat' dir='ltr'>suis</span> <span class='ocrx_word' id='word_1_229' title='bbox 815 2153 928 2190; x_wconf 77' lang='lat' dir='ltr'>prope</span> <span class='ocrx_word' id='word_1_230' title='bbox 948 2143 1055 2176; x_wconf 78' lang='lat' dir='ltr'>niuris</span> <span class='ocrx_word' id='word_1_231' title='bbox 1073 2143 1220 2180; x_wconf 75' lang='lat' dir='ltr'>Acliaeos</span> 
     </span>
    </p>

    <p class='ocr_par' dir='ltr' id='par_1_16' title="bbox 117 2205 1216 2254">
     <span class='ocr_line' id='line_1_33' title="bbox 117 2205 1216 2254; baseline -0.002 -10"><span class='ocrx_word' id='word_1_232' title='bbox 117 2209 234 2244; x_wconf 80' lang='lat' dir='ltr'>videre</span> <span class='ocrx_word' id='word_1_233' title='bbox 253 2208 470 2243; x_wconf 77' lang='lat' dir='ltr'>dominantes</span> <span class='ocrx_word' id='word_1_234' title='bbox 496 2208 530 2243; x_wconf 78' lang='lat' dir='ltr'>ia</span> <span class='ocrx_word' id='word_1_235' title='bbox 559 2207 826 2254; x_wconf 76' lang='lat' dir='ltr'>Peloponneso5</span> <span class='ocrx_word' id='word_1_236' title='bbox 855 2217 1049 2252; x_wconf 80' lang='lat' dir='ltr'>numquam</span> <span class='ocrx_word' id='word_1_237' title='bbox 1079 2205 1216 2242; x_wconf 62' lang='lat' dir='ltr'>habita-</span> 
     </span>
    </p>
   </div>
   <div class='ocr_carea' id='block_1_4' title="bbox 114 2273 1217 2320">
    <p class='ocr_par' dir='ltr' id='par_1_17' title="bbox 114 2273 1217 2320">
     <span class='ocr_line' id='line_1_34' title="bbox 114 2273 1217 2320; baseline -0.002 -11"><span class='ocrx_word' id='word_1_238' title='bbox 114 2285 194 2309; x_wconf 70' lang='lat' dir='ltr'>rum</span> <span class='ocrx_word' id='word_1_239' title='bbox 213 2274 441 2320; x_wconf 66' lang='lat' dir='ltr'>recuperande·</span> <span class='ocrx_word' id='word_1_240' title='bbox 469 2284 534 2309; x_wconf 78' lang='lat' dir='ltr'>sua</span> <span class='ocrx_word' id='word_1_241' title='bbox 563 2273 793 2316; x_wconf 77' lang='lat' dir='ltr'>occasionem,</span> <span class='ocrx_word' id='word_1_242' title='bbox 813 2273 843 2307; x_wconf 86' lang='lat' dir='ltr'>si</span> <span class='ocrx_word' id='word_1_243' title='bbox 862 2282 953 2314; x_wconf 85' lang='lat' dir='ltr'>eam,</span> <span class='ocrx_word' id='word_1_244' title='bbox 975 2282 1051 2318; x_wconf 83' lang='lat' dir='ltr'>quae</span> <span class='ocrx_word' id='word_1_245' title='bbox 1071 2275 1145 2306; x_wconf 75' lang='lat' dir='ltr'>tum</span> <span class='ocrx_word' id='word_1_246' title='bbox 1165 2283 1217 2307; x_wconf 82' lang='lat' dir='ltr'>es-</span> 
     </span>
    </p>
   </div>
   <div class='ocr_carea' id='block_1_5' title="bbox 628 2334 700 2371">
    <p class='ocr_par' dir='ltr' id='par_1_18' title="bbox 628 2334 700 2371">
     <span class='ocr_line' id='line_1_35' title="bbox 628 2334 700 2371; baseline 0 0"><span class='ocrx_word' id='word_1_247' title='bbox 628 2334 700 2371; x_wconf 88' lang='lat' dir='ltr'>Z5</span> 
     </span>
    </p>
   </div>
   <div class='ocr_carea' id='block_1_6' title="bbox 0 2423 864 2656">
    <p class='ocr_par' dir='ltr' id='par_1_19' title="bbox 0 2423 864 2656">
     <span class='ocr_line' id='line_1_36' title="bbox 0 2423 864 2656; baseline 0 0"><span class='ocrx_word' id='word_1_248' title='bbox 0 2423 864 2656; x_wconf 95' lang='lat' dir='ltr'> </span> 
     </span>
    </p>
   </div>
  </div>
 </body>
</html>
