1507 2656
313 189 468 217 LIBER
491 186 671 216 XXXIV.
704 185 810 214 CAP.
832 185 962 214 xxm.
1105 183 1186 228 45⁷

86 277 233 327 oppidis
259 276 360 314 bello
389 277 512 314 diruta
540 276 702 313 fuerant.
760 276 889 313 Quum
909 276 971 312 hic
991 282 1110 313 status
1131 289 1189 314 re·
1201 286 1244 317 U.
1255 285 1292 317 C.
1310 293 1385 321 557.

85 353 168 377 rum
200 342 239 379 in
269 342 381 379 Italia
411 341 671 391 Hispaniaque
705 346 817 384 esset,
846 340 892 377 T.
919 341 1116 384 Quinctio,
1152 342 1188 378 in
1202 329 1383 389 A·C·q¹⁹⁵‘

87 404 235 441 Graecia
260 406 312 441 ita
340 405 506 441 hibernis
537 404 645 448 actis,
666 410 722 447 ut,
743 405 909 455 exceptis
930 404 1086 447 AEtolis‚
1108 406 1190 454 qui-
1202 384 1337 458 Ξζζῗῗ

85 468 155 505 bus
185 482 253 506 nec
281 482 350 520 pro
379 482 444 520 spe
468 470 637 506 victoriae
666 470 820 519 praemia
848 469 1103 518 contigerant,
1123 483 1193 507 nec

86 532 151 569 diu
182 534 285 582 quies
316 533 463 584 placere
492 539 656 585 poterat,
687 534 861 569 universa
890 533 1051 577 Graecia,
1082 534 1194 571 simul

81 598 186 646 *pacis
216 596 477 646 libertatisque
514 596 708 647 perfruens
746 596 871 640 bonis,
905 598 1056 647 egregie
1092 604 1197 634 statu

85 672 154 697 suo
174 661 369 709 gauderet,
388 673 458 697 nec
478 661 597 709 magis
628 661 667 696 in
696 660 797 697 bello
818 662 994 697 virtutem
1023 661 1195 698 Romani

86 725 204 768 ducis,
226 738 338 775 quam
368 726 407 762 in
425 726 585 762 victoria
613 726 902 776 temperantiam
926 724 1197 776 justitiamque

86 795 124 825 et
150 790 450 827 moderationem
478 791 690 833 miraretur,
712 789 1096 833 senatusconsultum,
1118 803 1194 839 quo

84 852 226 890 bellum
260 854 434 891 adversus
469 854 598 891 Nabin
632 853 965 890 Lacedaemonium
1001 853 1195 892 decretum

87 925 181 961 erat,
203 919 382 957 adfertur,
422 920 510 959 Quo
530 919 645 962 lecto,
667 919 887 961 Quinctius,
908 925 1097 956 conventu
1118 920 1195 956 Co·

86 982 254 1018 rinthum
284 984 454 1019 omnium
483 984 670 1019 sociarum
700 983 908 1018 civitatium
938 982 1194 1032 legationibus

84 1047 124 1082 in
143 1047 241 1083 diem
262 1054 402 1083 certam
422 1048 560 1090 edicto,
582 1047 646 1083 ubi
666 1047 881 1096 frequentes
903 1047 1067 1096 undique
1090 1048 1195 1097 prin-

85 1111 185 1160 cipes
219 1118 491 1155 convenerunt,
522 1111 577 1147 ita
608 1116 647 1146 ut
676 1123 723 1146 ne
752 1109 876 1146 AEtoli
905 1111 1056 1159 quidem
1085 1111 1194 1148 abes-

83 1182 182 1218 sent,
209 1175 276 1211 tali
305 1177 478 1212 oratione
507 1182 564 1212 est
594 1187 704 1211 usus:
738 1176 881 1212 Bellum
909 1177 1074 1212 adversus
1103 1176 1192 1213 Phi·
1208 1179 1356 1228 Quinctii

84 1241 223 1288 lippum
240 1253 311 1277 non
331 1242 443 1288 magis
461 1242 637 1277 communi
655 1242 775 1276 animo
801 1242 1013 1289 consilioque
1039 1241 1194 1278 Romani
1204 1223 1389 1296 (ἔξὲἓοὲΐία

84 1310 118 1340 et
156 1305 271 1341 Graeci
296 1310 492 1353 gesserunt,
523 1318 629 1353 quam
661 1308 803 1354 utrique
830 1319 911 1342 suas
944 1319 1083 1342 caussas
1111 1307 1193 1343 belli
1205 1308 1289 1339 bello
1301 1309 1411 1357 adrer-

85 1370 293 1407 habuerunt.
359 1371 457 1406 Nam
501 1375 536 1406 et
573 1371 817 1407 Romanorum
853 1373 1063 1413 amicitiam,
1101 1362 1259 1408 nancsm
1274 1352 1394 1382 Nabm'

85 1434 402 1481 Karthaginienses
430 1434 544 1470 hostes
572 1446 691 1470 eorum
710 1433 889 1480 juvando,
909 1447 1002 1471 ‘nunc
1019 1435 1077 1471 hic
1093 1437 1197 1472 sociis

83 1500 212 1534 nostris
231 1498 488 1547 obpugnandis,
509 1499 706 1535 violaverat
722 1517 733 1543 ,·
763 1505 797 1535 et
816 1501 852 1535 in
870 1512 930 1535 vos
949 1501 1031 1535 talis
1038 1499 1135 1548 fuit,
1156 1505 1196 1536 ut

83 1562 192 1606 nohis,
230 1564 370 1598 etiamsi
404 1568 607 1599 nostrarum
645 1563 928 1599 oblivisceremur
962 1562 1193 1609 injuriarum,

82 1631 206 1662 vestrae
227 1624 367 1672 injuriae
393 1628 481 1662 satis
509 1627 620 1674 digna
648 1639 770 1663 caussa
799 1627 881 1663 belli
898 1626 1057 1676 fuerint.
1114 1628 1193 1663 Ho-

84 1691 211 1727 dierna
228 1691 440 1728 consultatio
460 1694 537 1726 tota
555 1702 597 1726 ex
621 1691 717 1727 vobis
740 1692 883 1739 pendet.
942 1691 1073 1740 Refero
1101 1693 1195 1728 enim

81 1755 130 1791 ad
148 1767 220 1797 vOS,
240 1760 362 1791 utrum
382 1757 511 1802 Argos,
531 1757 621 1791 sicut
638 1757 735 1791 scitis
754 1756 834 1803 ipsi,
856 1756 899 1791 ab
920 1756 1061 1792 Nabide
1089 1769 1192 1792 occu-

78 1824 185 1866 patos
201 1821 282 1866 pati
300 1819 414 1854 velitis
430 1819 493 1854 sub
512 1820 644 1855 ditione
663 1817 734 1863 ejas
753 1831 823 1855 esse
835 1835 847 1869 ς
876 1831 920 1855 an
949 1832 1086 1867 oeqaum
1113 1832 1194 1856 cen-

81 1884 200 1925 seatis,
243 1883 496 1920 nobilissimam
538 1885 880 1931 vetustissimamque
922 1885 1116 1927 civitatem,
1155 1887 1194 1921 in

82 1949 200 1985 media
234 1949 372 1984 Groecia
400 1950 522 1991 sitam,
552 1950 664 1997 repeti
694 1951 730 1984 in
764 1948 975 1991 libertatem,
1006 1954 1041 1984 et
1070 1949 1193 1987 eodem

81 2017 193 2055 statu,
221 2026 289 2060 quo
318 2018 452 2049 ceteras
484 2013 584 2049 urbes
604 2014 842 2061 Peloponnesi
866 2018 900 2049 et
925 2014 1082 2055 Gra‘cioe,
1109 2025 1192 2052 esse.

82 2077 171 2113 Haec
200 2079 424 2120 consultatio,
452 2083 491 2114 ut
518 2079 659 2120 videtis,
682 2082 757 2114 tota
787 2079 830 2113 cle
856 2089 894 2113 re
921 2080 1118 2125 pertinente
1145 2079 1197 2115 acl

83 2153 142 2176 vos
165 2146 242 2184 θείς
273 2141 452 2178 Romanos
479 2141 572 2178 nihil
600 2143 787 2189 contingit,
808 2142 876 2176 nisi
904 2146 1078 2188 quatenus
1107 2142 1192 2177 libe-

85 2209 173 2241 ratae
197 2205 354 2248 Graeciae,
375 2206 480 2242 unius
499 2207 654 2241 civitatis
673 2207 834 2248 servitus,
855 2218 926 2241 non
952 2207 1110 2253 plenam,
1130 2219 1194 2243 nec

83 2271 261 2316 integram
283 2271 437 2318 gloriam
467 2282 537 2306 esse
563 2272 658 2307 sinit.
717 2270 880 2307 Ceterum
898 2272 928 2306 si
948 2283 1006 2306 vos
1025 2283 1088 2307 nec
1106 2283 1193 2308 cura

84 2331 158 2379 ejus
177 2334 345 2377 civitatis,
364 2346 426 2371 nec
454 2335 664 2384 exemplum,
686 2346 748 2371 nec
772 2336 973 2385 periculum
1002 2340 1128 2378 movet,
1150 2347 1193 2374 ne

139 2396 238 2434 Vox„
261 2397 334 2435 ΙΙΙ.
619 2398 657 2435 Χ
