1523 2666
317 224 400 265 244
773 225 817 253 T.
844 225 976 255 mvn

120 315 163 345 U.
176 315 211 345 C.
231 324 303 350 549.
317 316 453 351 tiorem
473 328 630 361 navem3
663 321 701 352 et
724 316 995 352 defendebatur
1022 317 1187 366 egregie,
1209 319 1333 367 quoad
1352 319 1429 356 tela

120 359 211 390 A‘C'
229 366 626 429 ⁴²⁰³·subpeditamnt:
660 379 742 428 quis
767 379 1042 422 deficientibus,
1071 393 1184 429 quum
1212 381 1294 431 jam
1324 382 1428 418 nulla

314 447 389 484 alia
418 460 474 483 res
503 461 599 490 eam,
621 461 732 497 quam
763 449 1029 497 propinquitas
1057 454 1180 492 terrae,
1203 450 1425 486 multitudo-

314 526 386 562 que
407 526 427 548 a
448 513 578 548 castris
605 513 642 547 in
668 511 755 547 litus
784 512 914 555 effusa,
935 514 1032 548 tueri
1053 515 1265 563 potuisset,
1299 516 1427 551 conci-

312 584 432 613 tatam
464 577 590 617 remis,
622 582 765 624 quanto
801 577 965 612 maximo
999 578 1131 626 inpetu
1161 584 1353 628 poterant,
1387 579 1427 614 in

312 648 451 677 terram
472 653 584 688 quum
603 640 849 681 immisissent,
867 641 970 675 navis
988 642 1296 691 tantimijaetura
1307 643 1423 685 facta,

310 704 520 740 incolumes
548 703 619 752 ipsi
644 710 854 739 evaserunt.
913 703 974 739 Ira
1001 703 1076 740 alio
1097 718 1207 755 super
1226 706 1327 742 aliud
1345 719 1425 742 sce-

308 768 387 804 lere
407 781 521 816 quum
542 768 642 803 haud
665 768 776 803 dubie
801 768 959 803 inducia?
982 776 1101 817 ruptae
1125 776 1263 812 essent,
1285 769 1425 806 Laelius

309 833 539 881 Fulviusque
559 832 606 868 ab
627 831 755 868 Roma
775 845 860 867 cum
882 832 1016 880 legatis
1037 832 1424 882 Karthaginiensibus

309 902 630 947 supervenerunt:
664 896 799 944 quibus
831 895 973 945 Scipio,
996 897 1076 932 Etsi
1102 909 1172 933 non
1197 899 1425 935 induciarum

304 963 413 997 modo
419 961 516 1009 fides
535 973 558 995 α
579 960 951 1007 Karthaginiensibus,
972 961 1034 996 sed
1050 959 1114 1006 jus
1138 962 1245 997 etiam
1264 964 1425 1009 gentium

307 1028 342 1061 in
365 1027 493 1073 legatis
511 1026 688 1061 violatum
711 1029 822 1068 esset;
853 1029 972 1060 tamen
989 1037 1026 1061 se
1044 1026 1149 1067 nihil,
1170 1038 1233 1061 nec
1252 1028 1424 1063 institutis

301 1091 432 1138 populi
450 1089 616 1129 Romani,
638 1100 702 1123 nec
720 1089 792 1123 suis
811 1088 963 1124 moribus
980 1090 1178 1136 indignum,
1193 1091 1229 1125 z'n
1246 1089 1423 1138 disfactu-

305 1167 385 1190 rum
405 1166 487 1194 esse,
509 1165 624 1201 quum
644 1152 814 1195 dixisset,
835 1151 969 1200 legatis
991 1153 1168 1196 dimissis,
1190 1153 1331 1190 bellum
1352 1167 1420 1204 pa-

304 1218 425 1255 rabat.
484 1215 692 1253 Hannibali
714 1215 797 1265 jam
824 1223 932 1253 terrae
956 1217 1419 1268 adpropinquantijussus

305 1298 325 1320 e
343 1283 504 1320 nauticis
522 1294 616 1317 unus
637 1281 836 1316 escendere
856 1281 896 1317 in
916 1281 1069 1324 malum,
1087 1288 1129 1317 ut
1148 1282 1419 1332 specularetur,

304 1361 418 1398 quam
437 1352 610 1383 tenerent
639 1345 847 1393 regionem,
875 1358 991 1394 quum
1017 1345 1187 1389 dixisset,
1210 1346 1422 1395 sepulcrum

306 1415 472 1450 dirutum
506 1422 657 1461 proram
693 1415 876 1458 spectare,
912 1409 1167 1453 abominatus,
1197 1411 1419 1460 praetervehi

110 1481 161 1552 Add
170 1477 292 1550 Llelptim
299 1478 409 1529 jusso
431 1474 698 1525 gubernatore,
720 1472 767 1508 ad
782 1472 936 1523 Leptim
952 1472 1098 1524 adpulit
1114 1473 1285 1518 classem,
1303 1481 1417 1524 atque

111 1534 127 1552 il
154 1532 190 1561 pe
218 1528 240 1550 lt

109 1563 287 1596 Hannibal.
307 1544 359 1580 ibi
380 1541 507 1591 copias
529 1538 717 1588 exposuit.

358 1605 512 1644 XXVI.
543 1604 638 1640 Haec
658 1616 703 1639 eo
722 1615 823 1639 anno
843 1603 881 1638 in
898 1603 1029 1640 Africa
1049 1610 1167 1652 gesta.
1209 1604 1419 1653 Insequen-

303 1674 358 1710 tia
378 1671 563 1708 excedunt
579 1670 617 1705 in
638 1682 723 1705 eum
743 1681 898 1711 annum,
920 1682 995 1718 quo
1014 1669 1071 1705 M.
1089 1670 1266 1705 Servilius
1288 1670 1419 1706 Gemi-

303 1751 373 1781 nus
395 1737 459 1786 qui
478 1743 558 1771 tum
588 1735 768 1784 magister
788 1734 957 1782 equitum
981 1740 1074 1777 erat,
1096 1740 1133 1770 et
1161 1734 1221 1771 Ti.
1236 1733 1415 1770 Claudius

305 1804 410 1841 Nero
432 1801 603 1838 consules
624 1800 715 1835 facti
736 1805 835 1835 sunt.
893 1800 1072 1835 Ceterum
1093 1800 1195 1834 exitu
1213 1800 1416 1849 superioris

307 1868 395 1904 anni
417 1878 529 1915 quum
551 1864 666 1911 legati
684 1863 871 1898 sociarum
894 1862 1043 1898 urbium
1063 1875 1109 1898 ex
1127 1862 1275 1898 Graecia
1294 1862 1416 1911 questi

304 1937 447 1972 essent,
468 1935 634 1964 vastatos
656 1939 766 1975 agros
787 1926 833 1962 ab
854 1927 964 1975 regiis
986 1927 1184 1976 praesidiis,
1205 1926 1418 1976 profectos-

304 2010 380 2046 que
406 1996 445 2031 in
473 1993 741 2030 Macedoniam
768 1991 912 2040 legatos
941 1991 987 2026 ad
1018 2003 1074 2026 res
1100 1991 1321 2040 repetendas
1341 2003 1419 2027 non

309 2060 491 2097 admissos
522 2058 566 2092 ad
599 2056 816 2105 Philippum
849 2067 994 2103 regem:
1028 2054 1139 2090 simul
1161 2055 1418 2097 nunciassent,

308 2131 471 2175 quatuor
489 2122 605 2158 millia
622 2121 783 2156 militum
804 2133 887 2155 cum
908 2122 1074 2167 Sopatro
1092 2119 1185 2154 duce
1203 2118 1363 2168 trajecta
1379 2120 1418 2154 in

308 2189 478 2226 Africam
498 2187 585 2228 diei,
607 2192 647 2220 ut
673 2191 797 2220 essent
817 2183 1204 2231 Karthaginiensibus
1226 2184 1416 2233 praesidio,

113 2260 218 2300 Legati
237 2259 275 2289 ad
309 2260 346 2291 et
367 2252 535 2303 pecuniae
558 2248 791 2297 aliquantum
820 2260 894 2283 una
914 2248 1067 2282 missum
1086 2263 1094 2291 3
1127 2246 1272 2295 legatos
1293 2247 1340 2282 ad
1360 2260 1418 2283 re-

114 2305 232 2343 thl'*
289 2332 406 2361 .0em,
429 2318 490 2365 qui
513 2316 593 2350 haec
620 2314 795 2349 adversus
822 2312 944 2348 foedus
968 2312 1069 2348 facta
1096 2312 1209 2347 videri
1239 2311 1414 2347 Patribus

246 2346 268 2371 ,ς
310 2349 331 2368 D

113 2356 295 2421 Eufirggnuizm
308 2383 546 2424 nunciarent,
580 2379 784 2415 mittendos
818 2378 965 2415 censuit
1003 2383 1167 2414 senatus
1223 2375 1334 2413 Missi
1370 2376 1413 2412 C.

116 2435 174 2465 nis.
