1507 2656
325 178 479 208 LIBER
501 176 656 206 XXXV·
688 175 794 206 cAP.
816 177 956 206 XLIV.
1097 177 1181 221 549

80 266 262 305 Minervae
292 265 529 302 sacrificaret.
584 263 678 300 Inde
709 263 756 300 ad
787 263 945 300 classem
975 276 1179 314 regressuS,
1195 273 1237 305 U.
1250 273 1287 303 C.
1303 278 1374 306 560.

81 330 331 382 proficiscitur
349 328 597 378 qnadraginta
617 328 727 364 tectis
746 327 917 370 navibus,
939 329 1076 378 apertis
1096 341 1180 365 sex·
1193 317 1233 348 A.
1243 316 1280 348 C·
1296 323 1367 349 ¹9²·

84 395 214 444 aginta
229 409 236 430 :
258 400 296 431 et
310 394 479 430 ducentae
491 392 672 428 onerariae
685 403 770 428 cum
781 392 903 428 omnis
916 393 1062 440 generis
1079 405 1182 428 com-

81 464 208 495 meatu
220 457 430 505 bellicoque
442 456 517 492 alio
530 456 711 506 adparatu
723 456 987 505 sequebantur.
1014 455 1184 493 Imbrum

78 522 202 573 primo
221 521 379 557 insulam
397 521 520 557 tenuit
537 535 544 555 ε
573 520 660 557 inde
676 520 895 570 Scyathum,
912 519 1062 570 trajecit
1077 535 1084 555 :
1103 521 1182 563 ubi,

79 585 260 622 conlectis
290 586 328 621 in
359 585 451 627 alto,
473 597 554 634 quae
584 585 773 635 dissipatae
803 592 923 628 erant,
943 585 1116 628 navibus,
1137 585 1185 621 ad

77 648 250 686 Pteleum
268 650 431 699 primum
451 649 679 684 continentis
697 648 811 685 venit,
867 648 927 684 Ibi
945 648 1182 697 Eurylochus

77 713 111 749 ei
139 712 431 761 Magnetarches
450 713 712 764 principesque
730 712 955 761 Magnetum
975 712 1022 748 ab
1041 712 1182 748 Deme-

75 775 196 812 triade
229 775 478 812 obcurrerunt
497 791 504 812 :
537 788 693 824 quorum
723 775 936 825 frequentia
965 775 1086 818 laetus‚
1121 775 1180 811 die

74 846 229 890 postero
248 840 285 875 in
307 839 407 875 urbis
428 845 582 890 portum
605 839 762 875 navibus
789 846 845 874 est
863 839 1045 875 invectus.
1103 838 1178 873 Co-

75 903 156 954 pias
176 903 277 939 haud
295 902 428 953 procul
445 903 532 939 inde
552 903 726 953 exposuit
743 918 751 939 :
784 903 911 938 decem
937 901 1054 937 millia
1073 901 1177 951 pedi-

74 973 155 1003 tum
184 966 302 1009 fuere,
323 972 361 1002 et
385 967 581 1016 quingenti
601 967 758 1015 equites,
779 978 844 1002 sex
870 964 1059 1015 elephanti
1073 981 1083 1009 ς
1116 965 1178 1001 vix

25 1045 27 1054 ⁴
76 1031 121 1066 ad
141 1030 325 1066 Graeciam
342 1030 479 1066 nudam
495 1031 753 1081 occupandam
774 1031 862 1066 satis
884 1031 1091 1080 copiarum,
1111 1042 1177 1065 ne-

74 1094 162 1131 dum
176 1093 223 1130 ad
235 1094 495 1130 sustinendum
512 1094 728 1130 Romanum
739 1094 892 1131 bellum.
920 1093 1058 1135 AEtoli‚
1072 1100 1178 1143 post-

75 1171 187 1208 quam
206 1158 487 1195 Demetriadem
508 1159 652 1195 venisse
670 1159 904 1195 Antiochum
924 1157 1090 1194 adlatum
1106 1164 1177 1202 est,

75 1223 237 1259 concilio
256 1222 414 1266 indicto,
434 1222 638 1265 decretum,
659 1236 733 1272 quo
753 1228 983 1259 arcesserent
1002 1234 1101 1265 eum,
1122 1221 1177 1258 fe-

73 1293 217 1324 ceruut.
263 1286 351 1323 Jam
370 1286 560 1337 profectus
581 1286 628 1323 ab
649 1287 889 1323 Demetriade
908 1299 986 1328 reX,
1008 1286 1096 1334 quia
1123 1287 1179 1323 ita

74 1352 288 1388 decreturos
309 1350 466 1394 sciebat,
487 1350 650 1387 Phalara
667 1351 704 1386 in
726 1351 846 1386 sinum
863 1349 1068 1386 Maliacum
1088 1363 1176 1400 pro-

72 1421 257 1452 cesserat:
290 1415 388 1457 inde,
411 1415 561 1451 decreto
582 1421 750 1464 accepto,
771 1415 945 1451 Lamiam
972 1415 1089 1457 venit,
1111 1427 1176 1450 ex-

72 1485 201 1528 ceptus
231 1479 376 1526 ingenti
409 1478 537 1514 favore
566 1477 830 1523 multitudinis,
865 1491 948 1514 cum
982 1478 1174 1528 plausibus

70 1542 384 1591 clamoribusque,
402 1548 440 1579 et
456 1542 589 1592 quibus
607 1542 688 1578 aliis
704 1542 837 1579 laetitia
851 1544 966 1580 effusa
983 1544 1082 1593 vulgi
1097 1545 1173 1591 sig-

67 1608 253 1646 nificatur.

120 1672 265 1709 XLIV.
294 1672 339 1708 In
361 1673 561 1709 concilium
580 1679 621 1709 ut
641 1679 794 1709 ventum
815 1680 884 1716 est,
905 1687 1001 1722 aegre
1021 1688 1043 1711 a
1062 1675 1172 1711 Phae-

67 1749 140 1774 nea
166 1742 326 1786 praetore
355 1736 661 1786 principibusque
691 1737 941 1780 introductus,
962 1738 1050 1774 inde
1069 1738 1172 1775 facto

69 1801 234 1843 silentio,
254 1812 319 1836 rex
339 1800 461 1835 dicere
481 1812 598 1837 orsus.
628 1800 756 1836 Prima
774 1799 852 1850 ejus
873 1803 996 1837 oratio
1014 1802 1087 1838 fuit
1106 1815 1171 1840 ex-

67 1865 246 1907 cusantis,
280 1865 386 1906 Quod
414 1869 513 1900 tanto
547 1865 740 1900 minoribus
772 1877 830 1913 spe
851 1870 973 1914 ‘atque
1009 1869 1173 1914 opinione
1183 1868 1335 1917 Antioc-hi

67 1931 223 1966 omnium
252 1930 362 1976 copiis
386 1930 543 1965 venisset.
601 1929 646 1965 Id
663 1941 734 1965 suae
762 1931 913 1978 inpensoe
930 1943 1017 1978 erga
1035 1944 1092 1967 eos
1109 1944 1171 1968 vo·
1182 1918 1331 1984 ἓὲῗὲῗιίἓ

66 1994 214 2030 luntatis
233 1994 426 2029 maximum
441 1993 562 2028 debere
581 1994 752 2030 indicium
770 2005 851 2036 esse,
872 1996 967 2042 quod
984 2007 1045 2030 nec
1058 2009 1171 2043 para·
1184 1997 1381 2028 AEtolorum.

67 2063 123 2094 tus
139 2058 226 2092 satis
243 2057 322 2092 ulla
339 2068 390 2098 re,
412 2061 445 2092 et
465 2062 621 2104 tempore
645 2059 693 2093 ad
716 2060 958 2105 navigandum
976 2062 1169 2103 inmaturo,

64 2120 268 2158 vocantibus
287 2121 413 2167 legatis
431 2132 564 2162 eorum,
585 2120 683 2156 haud
701 2126 851 2168 gravate
872 2122 1050 2159 obsecutus
1068 2130 1169 2168 esset,

65 2186 349 2233 credidissetque,
369 2197 475 2233 quum
501 2196 537 2220 se
563 2186 730 2222 vidissent
756 2187 891 2229 AEtolz'‚
912 2189 1032 2223 omnia
1058 2190 1114 2224 vel
1133 2191 1173 2226 in

64 2263 100 2287 se
117 2263 186 2286 uno
201 2250 320 2298 posita
334 2250 504 2297 prce-sidia
522 2251 781 2287 existimaturos
800 2263 878 2286 esse.
929 2252 1092 2288 Ceterum
1112 2266 1171 2288 eo-

66 2326 145 2350 rum
164 2324 299 2362 quoque
322 2324 371 2356 se,
399 2324 549 2361 quorum
575 2315 790 2362 exspectatio
816 2315 988 2351 destituta
1018 2317 1053 2351 in
1078 2329 1171 2364 prae-
