1507 2656
384 179 539 208 LIBER
563 177 723 206 xxxv.
755 176 864 206 CAP.
889 177 956 206 LI.
1147 173 1231 219 557

120 267 184 304 alii
205 269 252 305 ad
264 267 519 319 spectaculum
535 264 666 316 templi
686 264 836 314 lucique
855 264 967 308 versi,
986 263 1049 300 alii
1065 263 1104 300 in
1123 263 1236 300 litore
1250 269 1339 301 U.C.
1355 274 1428 301 ⁵00.

123 333 282 370 inermes
303 337 543 382 vagarentur,
564 342 703 378 magna
725 341 810 378 pars
832 341 898 378 per
917 341 1029 377 agros
1050 328 1238 378 lignatum
1249 314 1287 344 A·
1304 313 1342 343 C·
1357 319 1430 346 ¹⁹⁹·

120 398 415 449 pabulatumque
435 398 579 448 dilapsa
597 403 721 443 esset3
753 402 909 446 repente
927 396 1150 447 Menippus,
1170 409 1238 447 pa-

119 462 216 500 latos
236 464 375 514 passim
395 464 608 513 adgressus,
629 475 694 499 eos
715 462 866 505 cecidit,
888 461 936 498 ad
959 462 1238 511 quinquaginta

118 528 222 563 vivos
253 527 378 578 cepit:
410 527 591 579 perpauci
620 527 847 576 effugerunt,
869 525 907 562 in
934 525 1070 575 quibus
1097 525 1238 562 Mictio

118 603 234 641 parva
252 593 427 629 oneraria
446 605 541 629 nave
562 599 753 642 exceptus.
800 590 859 627 Ea
875 603 933 627 res
949 590 1134 630 Quinctio
1153 589 1237 626 Ro-

119 656 328 706 manisque,
351 657 449 692 sicut
468 655 622 706 jactura
641 655 803 692 militum
827 655 1001 699 molesta,
1022 656 1076 692 ita
1102 655 1149 692 ad
1170 654 1236 705 jus

120 719 304 757 inferendi
325 722 520 758 Antiocho
545 720 633 757 belli
666 720 847 771 adjecisse
876 720 1112 770 aliquantum
1132 719 1235 756 vide-

119 784 241 821 batur.
298 787 528 830 Antiochus,
560 786 714 822 admoto
758 786 804 822 ad
842 784 1017 822 Aulidem
1050 784 1233 828 exercitu,
1247 777 1438 852 ἓξῗίξὲῗξῗζῑ

119 864 234 899 quum
255 865 382 890 rursus
405 861 589 897 oratores,
611 853 749 903 partim
776 866 822 889 ex
842 853 934 897 suis,
961 852 1100 903 partim
1119 851 1234 889 AEto-
1248 871 1398 905 occupat.

120 915 190 961 los,
214 918 434 955 Chalcidem
454 920 630 962 misisset,
651 919 716 968 qui
736 919 867 955 eadem
891 917 971 961 illa,
991 931 1074 967 quae
1101 931 1234 968 nuper,

119 994 205 1018 cum
225 984 336 1019 minis
362 983 597 1032 gravioribus
628 991 798 1031 agerent,
818 983 1074 1033 nequidquam
1103 989 1238 1019 contra

117 1045 309 1082 Mictione
330 1055 367 1083 et
387 1047 601 1083 Xenoclide
622 1047 879 1091 tendentibus,
901 1047 1011 1084 facile
1035 1047 1174 1090 tenuit,
1196 1053 1238 1083 ut

116 1116 237 1159 portae
257 1109 329 1145 sibi
351 1111 599 1160 aperirentur.
655 1110 733 1149 Qui
761 1109 948 1146 Romanae
973 1111 1091 1160 partis
1113 1116 1235 1153 erant,

116 1173 189 1209 sub
206 1174 409 1211 adveutum
429 1176 528 1224 regis
549 1174 641 1211 urbe
661 1181 916 1212 excesserunt.
946 1175 1178 1211 Achaeorum
1198 1181 1237 1212 et

114 1237 296 1275 Eumenis
327 1239 464 1276 milites
496 1239 682 1289 Salganea
702 1240 898 1279 tenebant.
954 1239 1007 1276 Et
1026 1241 1066 1276 in
1084 1239 1233 1290 Euripo

115 1302 311 1339 castellum
330 1303 499 1340 Romani
519 1304 657 1340 milites
679 1305 789 1354 pauci
809 1305 992 1341 custodiae
1008 1317 1141 1340 caussa
1158 1303 1234 1341 loci

117 1367 440 1405 communiebant.
471 1368 659 1416 Salganea
676 1367 898 1418 Menippus,
916 1381 982 1404 rex
998 1368 1078 1418 ipse
1099 1367 1234 1404 castel-

115 1428 193 1465 lum
211 1429 347 1480 Euripi
368 1431 590 1480 obpugnare
613 1439 670 1467 est
698 1432 866 1469 adortus,
922 1432 1073 1468 Priores
1101 1433 1235 1468 Achaei

116 1499 154 1528 et
172 1493 355 1530 Eumenis
377 1494 513 1531 milites
534 1496 650 1545 pacti,
668 1502 709 1531 ut
725 1496 805 1531 siue
825 1496 955 1532 fraude
968 1495 1098 1532 liceret
1114 1496 1231 1539 abire,

115 1557 291 1606 praesidio
312 1567 554 1595 excesserunt
572 1574 579 1595 ε
612 1560 842 1609 pertinacius
863 1559 1030 1596 Romani
1045 1560 1234 1610 Euripum

115 1620 333 1659 tuebantur.
390 1622 445 1658 Hi
466 1636 614 1672 quoque
635 1630 777 1667 tamen,
799 1637 913 1672 quum
935 1631 1035 1660 terra
1064 1625 1232 1673 marique

115 1684 393 1731 obsiderentur,
429 1696 466 1723 et
490 1688 574 1738 jam
604 1689 798 1725 machinas
833 1696 1099 1738 tormentaque
1129 1701 1233 1724 com-

114 1751 258 1798 portari
278 1751 463 1795 viderent,
485 1765 562 1788 non
583 1752 702 1788 tulere
723 1752 974 1789 obsidionem.
1032 1753 1160 1792 Quum
1179 1752 1231 1795 id,

114 1814 216 1862 quod
236 1822 348 1864 caput
368 1822 448 1852 erat
467 1815 641 1859 Euboeae,
663 1822 809 1852 teneret
830 1830 908 1860 rex,
930 1829 977 1853 ne
997 1825 1130 1853 ceterae
1148 1817 1231 1866 qui-

118 1877 200 1913 dem
222 1877 301 1928 ejus
319 1880 450 1916 insulae
470 1880 578 1916 urbes
596 1881 793 1930 imperium
811 1881 1023 1917 abnuerunt
1043 1898 1049 1917 :
1074 1894 1232 1930 magno-

114 1954 186 1990 que
206 1943 395 1994 principio
415 1945 486 1980 sibi
507 1958 613 1980 orsus
630 1945 771 1982 bellum
787 1946 995 1990 videbatur,
1010 1947 1110 1995 quod
1127 1953 1234 1982 tanta

112 2005 236 2042 insula
256 2013 294 2043 et
314 2014 372 2045 tot
393 2017 619 2060 opportunae
641 2010 751 2047 urbes
772 2012 810 2047 in
832 2024 936 2047 suam
963 2011 1145 2047 ditionem
1170 2022 1231 2046 ve-

112 2078 270 2108 nissent.

659 2394 776 2432 Bbz
