1507 2656
400 226 554 255 LIBER
578 224 758 254 XXXIV.
791 225 899 254 CAP.
922 224 993 257 VI.
1149 226 1231 268 441

113 319 292 368 superbas,
318 319 632 368 ‘me-Dius-ficlius,
653 329 756 354 aures
775 317 952 360 habemus,
972 319 1016 360 si,
1039 329 1148 366 quum
1167 319 1230 353 do·
1248 321 1286 351 U.
1301 321 1338 351 C.
1354 327 1426 356 ⁵⁵7-

112 387 202 421 mini
218 397 394 421 servorum
424 396 492 420 non
504 383 709 433 fastidiant
723 394 860 432 preces,
880 394 944 418 nos
960 385 1085 430 rogari
1104 383 1146 419 ab
1166 382 1230 419 ho-
1243 365 1282 396 Α·
1297 364 1331 394 C'
1353 370 1425 396 ²⁹²

112 451 219 485 uestis
225 448 378 497 feminis
398 449 641 496 indignamur.

165 514 233 551 VI.
269 514 376 550 Venio
401 526 496 550 nunc
525 515 573 550 ad
601 515 653 557 id,
681 515 726 550 de
751 526 819 562 quo
837 515 988 562 agitur:
1018 514 1055 550 in
1074 525 1144 562 quo
1163 515 1230 551 du-

105 579 192 627 plex
210 579 360 614 consulis
379 580 495 615 oratio
510 577 595 627 fuit
609 594 621 614 .·
650 590 734 614 nam
759 582 795 613 et
818 579 929 626 legem
953 578 1067 614 ullam
1086 579 1231 615 omnino

109 642 279 690 abrogari
300 647 351 679 est
372 644 604 690 indignatus,·
635 647 670 678 et
699 654 777 678 eam
802 643 983 690 praecipue
1005 642 1131 690 legem,
1153 655 1230 691 quae

110 708 261 744 luxuria,²
275 707 457 744 muliebris
476 709 674 744 co'e'rcendce
693 719 818 742 caussa
838 708 916 742 lata
935 711 1034 744 esset.
1091 708 1143 743 Et
1162 708 1229 743 illa

108 774 304 809 communis
328 785 398 822 pro
431 773 575 821 legibus,
608 774 684 808 visa
717 773 913 808 consularis
942 773 1060 808 oratio
1089 776 1164 808 est:
1193 776 1229 807 et

108 837 181 873 haec
209 838 376 874 adversus
408 838 590 874 luxuriam
617 838 842 873 severissimis
866 837 1020 873 moribus
1044 838 1228 872 convenie-

108 902 180 938 bat.
239 903 367 950 Itaque
392 903 594 950 periculum
623 907 686 945 est,
714 903 797 944 nisi,
828 903 915 951 quid
946 904 981 937 in
1006 906 1158 949 utraque
1185 913 1227 937 re

106 967 192 1002 vani
219 968 279 1008 sit,
308 968 542 1009 docuerimus,
570 979 614 1002 ne
644 969 722 1015 quis
750 979 850 1003 error
870 967 966 1002 vobis
993 967 1225 1015 olgfuridatur.

107 1031 186 1078 Ego
206 1032 313 1073 enim,
339 1032 641 1079 quemadmodum
670 1043 712 1067 ex
741 1031 795 1067 his
824 1032 970 1079 legibus,
994 1044 1070 1079 quae
1095 1043 1164 1066 non
1189 1032 1226 1066 in

105 1099 242 1143 tempus
261 1095 422 1143 aliquod,
442 1096 505 1130 sed
522 1100 704 1143 perpetuae
731 1096 904 1131 utilitatis
922 1107 1045 1131 caussa
1064 1097 1101 1130 in
1120 1100 1224 1130 oeter-

104 1171 190 1194 num
223 1159 307 1194 Iutae
335 1164 430 1201 sunt,
465 1160 606 1195 nullam
636 1159 805 1206 abrogari
838 1159 961 1195 debere
982 1159 1125 1208 fateor,
1154 1159 1226 1195 nisi

104 1236 213 1271 quam
242 1229 308 1259 aut
332 1236 414 1260 usus
440 1226 616 1272 coarguit,
638 1229 704 1260 aut
728 1229 843 1260 status
867 1225 999 1273 aliquis
1021 1224 1225 1272 reipublicae

105 1288 272 1323 inutilem
279 1287 401 1336 fecit,·
430 1289 493 1329 sic,
522 1300 609 1336 quas
638 1293 800 1336 tempora
826 1289 951 1336 aliqua
976 1289 1224 1325 desiderarunt

105 1353 209 1399 leges,
231 1353 400 1388 mortales
425 1356 484 1399 (ut
503 1354 556 1389 ita
580 1352 716 1397 dicam)
747 1358 781 1389 et
805 1354 1020 1402 temporibus
1041 1355 1126 1401 ipsis
1144 1364 1222 1388 mu-

109 1417 233 1453 tabiles
251 1429 322 1453 esse
342 1418 453 1453 video,
513 1418 601 1459 Qzeoe
621 1421 655 1454 in
678 1431 769 1466 pace
794 1419 878 1455 latae
901 1423 995 1461 suut,
1012 1419 1225 1466 plerumque
1274 1448 1283 1453 ,

103 1481 234 1517 bellum
253 1483 403 1529 abrogat
413 1499 426 1525 ,-
456 1495 533 1530 quae
556 1484 592 1518 in
617 1484 720 1526 bello,
747 1497 840 1532 pax:
869 1489 911 1520 ut
930 1486 965 1520 in
983 1486 1084 1519 navis
1102 1485 1220 1519 admi-

102 1547 315 1582 nis-tratione
335 1547 411 1581 alia
431 1547 468 1582 in
485 1548 691 1589 secundam,
713 1549 789 1583 alia
808 1550 845 1584 in
865 1549 1050 1584 adversam
1071 1553 1221 1596 tempes-

104 1616 214 1646 tatem
234 1612 312 1647 usui
335 1615 429 1646 sunt,
487 1612 577 1647 Haec
595 1625 702 1660 quum
724 1614 776 1648 ita
795 1618 926 1649 natura
947 1614 1114 1649 distincta
1132 1614 1217 1655 sint,

101 1687 143 1711 ex
160 1680 243 1711 utro
264 1676 407 1710 tandem
425 1686 553 1722 genere
572 1688 613 1711 ea
634 1677 690 1712 lex
712 1688 783 1712 esse
802 1678 956 1718 videtur,
981 1689 1089 1725 quam
1115 1677 1218 1712 abro-

98 1752 226 1787 gamus
238 1741 259 1775 f>
286 1743 344 1775 An
359 1745 458 1775 vetus
476 1742 576 1787 regia
593 1741 661 1784 lex,
677 1742 786 1777 simul
805 1754 883 1777 cum
900 1744 977 1790 ipsa
992 1742 1077 1777 urbe
1095 1747 1183 1777 nata
1194 1742 1219 1777 ?

100 1805 161 1839 An
189 1804 302 1851 (quod
324 1806 516 1840 secundum
549 1807 616 1851 est)
647 1806 691 1841 ab
722 1807 928 1842 decemviris
955 1808 1004 1842 ad
1036 1807 1219 1842 condenda

90 1866 182 1914 jura
211 1869 340 1903 creatis
370 1869 406 1904 in
440 1871 628 1906 duodecim
662 1871 791 1907 tabulis
818 1874 991 1919 scripta?
1030 1872 1115 1907 Sine
1146 1884 1219 1919 qua

12 1714 14 1740 k

100 1945 208 1981 quum
228 1931 380 1978 majores
404 1937 517 1971 nostri
537 1948 609 1971 ‘non
635 1937 873 1972 existimarint
893 1938 996 1973 decus
1015 1938 1218 1974 matronale

97 1997 235 2032 servari
258 2008 370 2045 posse,
401 1999 499 2034 nobis
531 2012 667 2048 quoque
691 2002 882 2036 verendum
910 2003 970 2043 sit,
999 2012 1044 2037 ne
1069 2013 1148 2036 cum
1174 2012 1217 2036 ea

95 2061 268 2107 pudorem
286 2063 583 2111 sanctitatemque
599 2063 830 2112 feminarum
852 2065 1058 2112 abrogemus
1071 2066 1093 2098 ,θ
1126 2065 1216 2105 Quis

98 2127 208 2173 igitur
224 2128 348 2170 nescit,
368 2140 498 2164 novam
518 2131 622 2166 istam
644 2131 756 2178 legem
781 2142 865 2173 esse,
898 2130 940 2172 Q.
961 2130 1070 2166 Fabio
1093 2136 1128 2166 et
1158 2131 1213 2167 Ti.

98 2191 311 2239 Sempronio
339 2194 536 2230 consulibus
568 2196 696 2242 viginti
727 2197 831 2231 annis
855 2200 938 2231 ante
963 2196 1112 2231 laeana?
1138 2196 1214 2231 sine

98 2267 168 2303 qua
188 2268 293 2303 quum
312 2268 377 2303 per
393 2262 443 2292 tot
459 2270 570 2294 annos
590 2264 764 2296 matrona>
780 2260 924 2308 optimis
944 2259 1097 2295 moribus
1115 2261 1213 2295 vixe-

95 2320 183 2361 rint,
205 2321 298 2367 quod
318 2323 476 2364 tandem,
493 2334 536 2358 ne
551 2322 724 2370 abrogata
740 2335 782 2359 ea
798 2325 1029 2373 ‘fftndantur
1043 2324 1091 2359 ad
1108 2324 1212 2359 luxu-

94 2383 203 2427 riam,
219 2385 422 2432 periculum
450 2387 531 2425 est?
560 2387 659 2424 Nam
683 2390 714 2423 si
738 2389 808 2424 ista
835 2388 891 2424 lex
916 2389 994 2428 ideo
1014 2389 1092 2425 lata
1111 2392 1212 2432 esset,

610 2451 689 2491 U5
