1523 2666
317 179 400 235 278
776 190 822 220 Τ.
847 191 982 221 mvn

119 283 165 316 U.
178 283 215 315 C.
231 281 422 323 552.beret,
444 292 487 316 ea
507 290 562 316 res
585 280 640 316 uti
661 279 798 328 populo
818 280 995 324 Romano,
1015 282 1200 331 sociisque,
1227 295 1270 321 ac
1297 287 1436 323 nomini

118 328 161 359 Α·
177 328 213 358 C·
230 335 304 360 ²⁰⁰·
317 346 465 388 Latino,
487 345 570 381 bene
588 357 631 381 ac
645 343 811 393 felic-iter
830 347 1011 382 eveniret:
1040 347 1248 384 secundum
1273 361 1353 386 rem
1379 350 1437 386 di-

116 2217 266 2258 Rogatio-

116 2271 194 2292 nem
211 2264 250 2292 de

114 2304 201 2335 bello
217 2316 274 2345 po-

115 2348 211 2386 pulus
228 2359 284 2379 an-

115 2391 227 2430 tiquat.

314 411 442 447 vinam
462 410 810 461 precationemque,
833 418 876 447 ut
905 411 950 447 de
981 411 1181 461 republica
1204 413 1325 463 deque
1347 427 1436 464 pro-

314 476 448 512 vinciis
486 480 659 511 senatum
689 474 942 513 consulerent.
998 476 1073 513 Per
1103 489 1167 513 eos
1195 477 1273 514 dies
1294 490 1436 528 oppor-

314 547 408 576 tune
427 538 619 574 irritandis
639 538 686 574 ad
703 537 846 574 bellum
867 540 1016 583 animis,
1038 547 1076 576 et
1093 540 1214 577 literae
1235 554 1257 577 a
1281 541 1339 578 M.
1351 542 1435 578 Au-

314 603 410 640 relio
438 602 582 650 legato,
604 608 641 637 et
669 601 726 638 M.
743 601 899 639 Valerio
924 603 1084 640 Laevino
1113 611 1350 655 propraetore
1369 606 1435 643 ad-

314 668 402 704 latae
419 681 426 703 :
459 672 498 702 et
519 666 816 702 Atheniensium
844 680 947 703 nova
971 667 1114 717 legatio
1133 670 1251 712 venit,
1273 683 1358 718 quae
1376 683 1436 706 re-

315 745 402 781 gem
423 731 727 782 adpropinquare
742 731 880 768 finibus
903 733 978 768 suis
995 733 1218 770 nunciaret:
1240 733 1434 783 brevique,

313 809 392 833 non
427 808 538 845 agros
570 797 697 839 mod0‚
719 797 784 832 sed
816 797 949 833 urbem
980 798 1098 833 etiam
1124 798 1164 833 in
1191 796 1337 834 ditione
1356 797 1444 848 ejus.

312 860 494 903 futuram,
516 861 589 896 nisi
610 860 700 909 quid
719 861 758 896 in
778 860 968 896 Romanis
988 861 1124 897 auxilii
1136 861 1250 899 foret.
1307 863 1438 902 Quum

312 925 631 975 pronunciassent
648 924 836 968 consules,
858 937 936 961 rem
950 925 1116 961 divinam
1135 926 1207 962 rite
1225 926 1435 976 perfectam

313 1001 410 1032 esse,
438 995 477 1024 et
502 989 762 1039 precationem
785 989 980 1026 admisisse
1017 989 1122 1027 Deos
1151 991 1341 1041 aruspices
1373 1003 1434 1027 re-

314 1054 514 1103 spondere,
529 1054 691 1103 laetaque
708 1060 796 1090 exta
814 1054 945 1098 fuisse,
964 1060 1001 1091 et
1016 1054 1272 1105 prolationem
1285 1055 1433 1100 finium,

312 1118 602 1168 victoriamque,
638 1125 675 1154 et
706 1120 942 1170 triumphum
973 1120 1149 1170 portendi
1164 1136 1175 1166 3
1202 1126 1285 1156 tum
1314 1119 1434 1157 literae

313 1181 458 1219 Valerii
476 1182 698 1232 Aureliique
717 1183 839 1227 lectae,
858 1190 897 1219 et
914 1183 1033 1232 legati
1051 1184 1345 1220 Atheniensium
1366 1197 1432 1220 au-

314 1246 397 1284 diti.
455 1247 616 1284 Senatus
643 1248 731 1284 inde
757 1249 972 1285 consultum
995 1248 1141 1286 factum
1164 1255 1237 1292 est,
1258 1255 1301 1285 ut
1319 1248 1433 1285 sociis

315 1312 448 1360 gratiae
469 1319 671 1361 agerentur
682 1329 694 1358 3
719 1313 821 1362 quod
841 1313 905 1349 diu
925 1313 1134 1357 sollicitati,
1156 1326 1205 1349 ne
1222 1312 1434 1349 obsidionis

315 1376 468 1424 quidem
493 1385 598 1412 metu
618 1377 690 1413 fide
711 1377 983 1414 decessissent:
1017 1377 1063 1413 de
1083 1377 1226 1413 auxilio
1246 1376 1434 1413 mittendo

313 1446 396 1476 tum
422 1442 651 1491 respondere
682 1441 845 1492 placere,
873 1455 989 1491 quum
1015 1441 1188 1478 consules
1217 1441 1432 1492 provincias

314 1505 442 1541 sortiti
462 1512 608 1551 essent3
642 1512 756 1555 atque
775 1507 806 1542 is
828 1506 975 1550 consul,
998 1507 1058 1542 cui
1088 1505 1320 1543 Macedonia
1345 1517 1435 1554 pro-

313 1568 441 1604 vincia
472 1571 672 1612 evenisset,
694 1570 741 1606 ad
773 1569 957 1619 populum
990 1570 1151 1613 tulisset,
1178 1575 1221 1605 ut
1251 1568 1432 1619 Philippo

313 1633 396 1681 regi
413 1632 672 1670 Macedonum
691 1634 920 1670 indiceretur
940 1634 1093 1670 bellum.

366 1697 437 1734 VI.
467 1698 509 1734 P.
525 1698 693 1749 Sulpicio
711 1699 910 1749 provincia
922 1697 1156 1734 Macedonia
1169 1703 1272 1733 sorte
1289 1698 1430 1740 evenit,

312 1761 419 1810 isque
438 1763 678 1811 rogationem
698 1762 968 1812 promulgavit,
995 1760 1145 1804 Vellent,
1157 1760 1324 1808 juberent
1339 1761 1431 1797 Phi-

312 1826 411 1874 lippo
433 1828 511 1873 regi
541 1827 877 1875 Macedonibusque,
899 1828 961 1875 qui
983 1827 1045 1862 sub
1074 1838 1184 1874 regno
1210 1823 1283 1871 ejus
1307 1830 1431 1869 essent,

312 1890 356 1926 ob
373 1889 526 1936 injurias
544 1903 717 1939 armaque
733 1893 848 1927 inlata
864 1893 965 1927 sociis
975 1892 1103 1940 populi
1117 1891 1286 1933 Romani,
1304 1890 1434 1926 bellum

311 1955 439 1991 indici.
495 1954 618 1990 Alteri
641 1954 789 1990 consuli
805 1954 963 1990 Aurelio
980 1954 1092 1990 Italia
1112 1954 1309 2004 provincia
1327 1952 1430 1989 obti-

311 2019 381 2067 git.
414 2019 602 2055 Praetores
623 2019 757 2054 exinde
777 2019 902 2054 sortiti
923 2026 1024 2061 sunt,
1048 2019 1118 2054 Cn.
1140 2018 1292 2065 Sergius
1313 2016 1429 2053 Plan-

311 2095 376 2119 cus
407 2082 606 2126 urbanam,
638 2083 686 2121 Q.
706 2082 860 2118 Fulvius
885 2081 988 2117 Gillo
1008 2081 1191 2124 Siciliam,
1226 2081 1275 2119 Q.
1295 2079 1428 2116 Minu-

311 2147 390 2183 cius
421 2146 546 2184 Rufus
572 2147 762 2189 Bruttios,
793 2146 839 2183 L.
862 2146 998 2182 Furius
1023 2145 1219 2195 Purpureo
1250 2143 1428 2181 Galliam.

310 2212 483 2262 Rogatio
518 2214 563 2249 de
592 2212 693 2249 bello
724 2212 979 2249 Macedonico
1016 2211 1148 2261 primis
1179 2210 1344 2247 comitiis
1378 2209 1425 2246 ab

311 2277 487 2313 omnibus
508 2277 625 2313 ferme
639 2277 818 2313 centuriis
836 2277 1035 2324 antiquata
1055 2281 1131 2311 est:
1154 2275 1191 2310 id
1205 2286 1321 2323 quum
1336 2267 1428 2309 fessi

310 2342 560 2378 diuturnitate
590 2349 628 2378 et
661 2343 846 2390 gravitate
875 2340 967 2377 belli
993 2352 1059 2375 sua
1085 2344 1221 2388 sponte
1250 2338 1424 2373 homines

309 2407 423 2444 taedio
439 2407 613 2445 laborum
631 2406 960 2459 periculorumque
975 2404 1158 2448 fecerant,
1173 2410 1257 2440 *tum
1273 2402 1321 2442 Q.
1335 2400 1422 2438 Bae-
