1507 2656
303 144 459 174 LIBER
483 140 678 170 XXXIII.
711 140 819 168 CAP.
843 140 999 170 XVIII.
1041 153 1045 156 ·
1125 144 1210 187 399

87 236 257 273 hostium
278 234 413 272 animi:
435 233 495 269 die
511 244 554 268 ac
573 235 688 267 nocte
708 230 844 266 intenti
862 230 1015 267 reficere
1031 240 1206 281 quassata
1222 237 1264 267 U.
1277 237 1314 268 C.
1329 245 1404 271 555.

85 301 209 346 muri5
233 299 444 340 obstruere,
465 308 546 345 quoe
566 293 758 344 patefacta
778 294 896 329 ruinis
917 301 1048 341 erant5
1073 296 1209 346 proelia.
1222 281 1402 318 A.C.197‚

84 365 232 415 inpigre
252 365 361 406 inire,
383 369 420 398 et
449 360 561 397 armis
590 361 709 408 magis
730 372 872 401 muros,
894 372 1008 408 quam
1036 373 1075 396 se
1104 363 1206 411 ipsos

84 428 288 472 moeuibus,
302 427 440 463 tutari:
463 426 679 474 diutiusque
696 438 762 475 spe
777 425 1044 462 Romanorum
1065 427 1206 464 obsidi-

82 505 194 529 onem
215 505 297 528 eam
314 492 583 534 extraxissent,
596 490 635 526 ni
657 490 803 526 exsules
820 490 971 539 quidam
994 491 1119 527 Italici
1139 505 1205 540 ge-

80 558 195 601 neris,
214 557 391 593 Leucade
417 556 651 599 habitantes,
673 556 719 592 ab
751 568 837 591 aree
866 555 1004 591 milites
1036 557 1203 606 accepis-

78 627 163 658 sent
182 637 189 658 :
223 634 287 658 eos
308 628 450 664 tamen,
472 635 518 658 ex
536 621 730 671 superiore
749 619 835 656 loco
863 632 1004 668 magno
1035 633 1120 656 cum
1142 629 1201 656 tu-

76 685 199 722 multu
219 686 475 730 decurrentes,
493 687 574 722 acie
594 686 631 722 in
652 685 738 721 foro
759 684 1078 734 instructa,justo
1098 698 1201 735 proe-

76 750 129 787 lio
159 751 391 800 aliquamdiu
423 751 606 788 Leucadii
640 752 914 786 sustinuerunt.
971 750 1130 786 Interim
1162 757 1199 786 et

76 814 185 851 scalis
206 822 317 864 capta
336 815 463 851 multis
483 814 579 851 locis
602 815 756 855 moenia,
775 820 812 850 et
832 826 898 864 per
918 820 1081 862 stragem
1102 814 1198 864 lapi-

76 877 163 913 dum
184 892 227 914 ac
247 880 375 915 ruinas
396 886 658 914 transcensum
679 880 716 913 in
747 878 875 913 urbem
896 893 903 913 2
929 877 1087 927 jamque
1116 879 1197 928 ipse

73 940 218 989 legatus
257 955 397 989 magno
435 943 587 990 agmine
621 943 920 977 circumvenerat
954 947 1167 990 pugnantes
1184 956 1192 976 ε

71 1018 157 1056 pars
178 1007 216 1041 in
238 1007 363 1042 medio
384 1007 467 1042 caesi
486 1023 496 1051 3
529 1019 629 1056 pars,
648 1007 760 1042 armis
781 1005 955 1054 abjectis,
973 1005 1196 1041 dediderunt

71 1081 153 1115 sese
182 1071 330 1106 victori.
386 1071 438 1107 Et
468 1076 555 1119 post
584 1070 661 1105 (lies
693 1082 849 1119 paucos,
881 1069 1010 1104 audito
1040 1068 1192 1118 proelio,

69 1135 170 1184 quod
193 1136 240 1172 ad
266 1135 575 1186 Cynoscephalas
604 1142 814 1184 pugnatum
845 1141 938 1177 erat,
961 1146 1091 1170 omnes
1121 1147 1189 1184 po-
1203 1139 1386 1172 Acarnania

67 1200 147 1250 puli
166 1201 390 1236 Acarnaniae
412 1201 450 1236 in
470 1201 702 1237 deditionem
723 1199 838 1247 legati
861 1205 1053 1235 venerunt,
1202 1190 1324 1222 pacata.

120 1264 276 1300 XVIII.
308 1259 446 1300 Iisdem
486 1264 631 1306 diebus,
667 1264 796 1299 omnia
833 1262 945 1298 simul
981 1262 1318 1337 iiiciinanteghodii

1223 1317 1340 1340 Csaeam

67 1327 235 1371 fortuna,
256 1327 399 1364 Rhodii
419 1340 569 1376 quoque
600 1328 646 1363 ad
665 1327 928 1362 vindicandam
957 1340 979 1362 a
1008 1326 1186 1376 Philippo
1200 1358 1400 1392 recuperant.

67 1392 325 1428 continentem
353 1393 562 1440 regionem,
587 1392 773 1438 (Peraeam
796 1393 951 1435 vocant)
974 1403 1187 1440 possessam

11 1492 12 1503 γ
65 1467 88 1490 a
104 1455 310 1504 majoribus
332 1456 422 1498 suis,
440 1456 714 1491 Pausistratum
734 1465 933 1505 praetorem
956 1468 1040 1490 cum
1060 1445 1186 1504 octin-

11 1516 12 1551 ἰ
63 1520 186 1567 gentis
206 1520 357 1555 Achaeis
378 1519 582 1569 peditibus,
606 1519 707 1555 mille
728 1528 764 1555 et
793 1519 995 1567 nongentis
1016 1519 1094 1554 fere
1122 1531 1183 1554 ar-

10 1570 12 1581 i
62 1585 188 1626 matis,
200 1596 244 1620 ex
258 1584 363 1620 vario
377 1596 514 1632 genere
528 1583 756 1619 auxiliorum
771 1583 967 1625 conlectis,
983 1584 1179 1618 miserunt:

10 1653 12 1692 j*
61 1647 176 1690 Galli,
190 1656 228 1684 et
248 1648 425 1690 Pisuetae,
441 1655 477 1684 et
492 1648 678 1690 Nisuetae,
698 1656 734 1684 et
750 1649 940 1690 Tamiani,
958 1655 995 1682 et
1012 1648 1117 1690 Arei,
1135 1660 1183 1685 ex

60 1711 204 1754 Africa,
226 1720 263 1747 et
284 1712 493 1747 Laodiceni
514 1724 559 1748 ex
580 1713 673 1747 Asia
693 1720 822 1747 erant:
858 1724 943 1746 cum
973 1711 1030 1745 his
1061 1711 1179 1760 copiis

10 1772 11 1775 ¹
59 1774 314 1812 Pausistratus
344 1776 527 1812 Tendeba
553 1777 592 1811 in
623 1776 900 1811 Stratonicensi
931 1788 1023 1823 agro
1054 1775 1180 1812 locum

58 1849 398 1890 peropportunum,
420 1842 561 1890 ignaris
593 1841 719 1889 regiis,
742 1841 804 1889 qui
826 1845 1042 1881 tenuerant,
1064 1846 1178 1876 oc'cu-

57 1904 171 1953 pavit.
210 1903 254 1939 In
276 1911 448 1954 tempore
468 1911 506 1940 et
525 1904 571 1940 ad
594 1905 630 1940 id
650 1905 773 1953 ipsum
793 1905 958 1939 excitum
978 1902 1176 1946 auxilium,

55 1967 157 2003 mille
176 1969 306 2004 Achaei
338 1970 479 2018 pedites
508 1982 592 2004 cum
617 1976 767 2004 centum
789 1967 978 2016 equitibus
999 1979 1176 2017 superve-

54 2040 203 2068 nerunt.
250 2032 480 2068 Theoxenus
503 2034 544 2068 iis
566 2041 737 2082 praeerat.
786 2034 1029 2076 Dinocrates,
1049 2034 1175 2082 regius

53 2094 267 2144 praefectus,
288 2097 534 2145 recuperandi
563 2097 708 2133 castelli
735 2109 880 2139 caussa,
902 2097 1024 2146 primo
1050 2103 1175 2133 castra

54 2159 102 2194 ad
120 2159 202 2208 ipsa
219 2159 402 2196 Tendeba
424 2162 556 2203 movit,
578 2162 662 2197 inde
692 2162 738 2197 ad
768 2161 931 2197 alterum
959 2159 1170 2203 castellum,

53 2223 145 2260 item
170 2223 465 2260 Stratonicensis
497 2226 602 2275 agri:
636 2227 830 2275 Astragon
851 2231 1013 2262 vocant:
1047 2225 1171 2261 omni-

50 2286 195 2338 busque
214 2301 262 2326 ex
280 2290 480 2341 praesidiis,
500 2303 583 2340 quae
603 2290 850 2329 multifariam
869 2289 1029 2341 disjecta
1046 2295 1168 2333 erant,
