1507 2656
348 186 502 215 LIBER
525 183 670 212 XXXI·
704 182 811 211 CAP.
834 183 990 213 XXXV.
1144 185 1226 228 311

120 291 206 315 cum
225 277 367 314 Graecis
397 275 611 325 Illyriisque
635 285 805 324 pugnare
835 272 1228 324 adsueti„postquam
1240 280 1282 310 U.
1297 279 1421 314 C.552.

118 343 246 392 gladio
265 341 513 392 Hispaniensi
541 340 766 376 detruncata
792 350 953 388 corpora
974 337 1138 375 brachiis
1159 340 1226 377 ab·
1238 324 1277 354 A‘
1291 324 1333 385 ε’,
1348 332 1423 357 2⁰⁰⁰

117 409 237 452 scisis,
259 413 324 443 aut
350 412 435 443 tota
459 405 602 442 cervice
629 403 778 440 desecta
798 403 917 439 divisa
943 416 966 439 a
984 415 1144 454 corpore
1163 418 1225 442 ca·
1237 379 1445 453 {Zffffifflvm‘

116 473 211 523 pita,
231 472 475 522 patentiaque
494 470 651 513 viscera,
673 476 711 505 et
729 469 943 506 foeditatem
963 468 1076 505 aliam
1095 469 1226 507 vulne·
1238 474 1387 497 SUOfflm·

96 546 99 547 ’
115 549 199 572 rum
218 536 404 578 viderunt,
427 535 602 572 adversus
624 548 707 584 quae
726 534 803 571 tela
822 546 992 584 quosque
1010 534 1110 570 viros
1131 547 1229 585 pug-

91 608 94 612 '
114 602 282 638 nandum
302 608 413 645 esset,
434 602 559 652 pavidi
580 601 695 650 vulgo
716 601 934 638 cernebant.
982 601 1113 651 Ipsum
1133 613 1230 651 quo-

115 679 187 717 que
211 679 340 716 regem
368 673 491 703 terror
520 668 635 718 cepit,
666 667 836 703 nondum
857 666 966 718 justo
986 666 1123 717 proelio
1144 678 1230 702 cum

112 730 300 769 Romanis
321 745 589 782 congressum:
622 733 766 783 itaque,
790 738 970 769 revocato
993 731 1072 768 filio
1098 731 1228 782 praesi-

115 799 264 849 (quue,
286 799 388 848 quod
406 799 446 835 in
471 799 690 848 Pelagoniae
715 798 889 835 faucibus
919 804 1014 841 erat,
1037 804 1078 833 ut
1097 798 1142 833 iis
1162 809 1228 834 co-

112 864 186 914 piis
206 875 291 900 suas
312 870 483 914 augeret,
504 863 685 900 Pleurato
704 863 971 912 Dardanisque
991 863 1063 898 iter
1082 862 1122 898 in
1140 860 1229 898 Ma-

111 926 310 963 cedoniam
336 927 529 977 patefecit.
586 927 687 978 Ipse,
709 940 795 963 cum
813 928 950 975 viginti
978 926 1142 962 millibus
1163 939 1229 978 pe·

112 989 247 1034 ditum,
265 997 429 1040 quatuor
448 992 632 1040 equitum,
651 990 808 1027 ducibus
829 991 1052 1041 transfugis,
1076 992 1122 1029 ad
1138 993 1229 1028 hos·

110 1059 189 1091 tem
214 1054 423 1104 profectus,
444 1053 572 1105 paullo
593 1054 675 1104 plus
697 1054 880 1090 ducentos
902 1067 1033 1104 passus
1055 1069 1077 1091 a
1093 1056 1226 1092 castris

109 1117 298 1155 Romanis
335 1118 524 1155 tumulum
559 1119 815 1169 propinquum
851 1119 1005 1156 Athaco
1041 1119 1146 1156 fossa
1183 1133 1227 1156 ac

82 1188 83 1191 ’
109 1184 210 1221 vallo
240 1184 515 1221 communivit:
556 1196 615 1227 ae,
649 1182 822 1233 subjecta
851 1196 1008 1220 cernens
1046 1183 1404 1236 RomanaPhilippus

112 1257 248 1294 castra,
270 1251 475 1287 admiratus
497 1262 577 1286 esse
600 1250 738 1286 dicitur
757 1254 795 1285 et
815 1249 1028 1286 universam
1058 1250 1222 1300 speciem
1236 1239 1385 1316 {¹3ssssss

111 1320 336 1357 castrorum,
356 1320 395 1350 et
423 1314 613 1364 descripta
640 1314 716 1350 suis
746 1327 906 1363 quaeque
934 1313 1120 1364 partibuS,
1142 1321 1223 1350 tum
1235 1332 1347 1359 castra.

109 1378 348 1415 tendentium
367 1378 513 1421 ordine,
533 1384 616 1414 tum
635 1379 813 1414 itinerum
842 1378 1068 1424 intervallis;
1101 1385 1139 1414 et
1157 1391 1224 1415 ne·

110 1454 232 1492 gasse,
252 1442 500 1479 barbarorum
521 1455 566 1479 ea
591 1448 715 1479 castra
741 1442 807 1478 ulli
835 1443 951 1479 videri
977 1455 1100 1494 posse.
1156 1443 1226 1480 Bi-

110 1507 227 1544 duum
246 1506 380 1544 consul
405 1513 444 1544 et
471 1520 553 1550 rex,
577 1507 673 1544 alter
702 1507 856 1544 alterius
878 1514 1037 1544 conatus
1067 1520 1225 1559 exspec-

109 1578 248 1616 tantes,
270 1573 492 1609 continuere
512 1584 599 1608 suos
620 1573 721 1608 intra
739 1572 902 1608 vallum:
934 1573 1049 1609 tertio
1066 1573 1126 1609 die
1140 1572 1224 1609 Ro-

107 1649 241 1674 manus
261 1650 392 1674 omnes
413 1638 542 1688 copias
562 1637 601 1673 in
622 1637 742 1673 aciem
762 1636 905 1674 eduxit.

135 1696 138 1699 ’
161 1701 338 1739 XXXV.
365 1701 453 1738 Rex
479 1713 584 1745 vero,
609 1707 687 1737 tam
717 1701 877 1738 celerem
906 1700 1027 1738 aleam
1056 1701 1222 1738 universi

109 1766 323 1803 certaminis
360 1766 512 1809 timens,
543 1766 841 1815 quadringentos
868 1765 1014 1802 Tralles
1051 1765 1221 1815 (Illyrio-

107 1843 191 1868 rum
218 1831 270 1875 id,
291 1831 389 1867 sicut
417 1830 492 1867 alio
519 1831 681 1867 diximus
702 1831 803 1873 loco,
825 1837 882 1866 est
910 1831 1047 1880 genus)
1068 1837 1107 1866 et
1127 1830 1220 1866 Cre-

107 1903 233 1932 tenses
262 1901 466 1938 trecentos,
497 1895 627 1932 addito
657 1896 701 1930 iis
732 1895 922 1946 peditibus
952 1896 1033 1946 pari
1059 1907 1219 1931 numero

105 1960 289 2009 equitum,
311 1973 397 1996 eum
416 1960 510 1996 duce
529 1960 793 2009 Athenagora,
815 1973 892 1996 uno
918 1973 964 1997 ex
985 1961 1216 2010 purpuratis,

107 2024 154 2061 ad
172 2023 407 2062 lacessendos
427 2025 597 2061 hostium
617 2026 762 2074 equites
781 2026 896 2062 misit.
953 2025 1014 2062 Ab
1030 2025 1217 2061 Romanis

106 2095 233 2126 autem
264 2089 413 2137 (aberat
442 2089 539 2125 acies
571 2102 701 2126 eorum
726 2089 855 2139 paullo
884 2089 968 2141 plus
988 2091 1216 2138 quingentos

104 2153 252 2203 passus)
274 2151 403 2189 velites
437 2159 474 2189 et
503 2154 673 2204 equitum
697 2153 778 2190 duae
809 2153 929 2190 ferme
956 2153 1023 2189 alae
1045 2154 1214 2189 emissae:

104 2222 146 2252 ut
164 2227 322 2252 numero
342 2229 492 2265 quoque
507 2229 620 2266 eques
640 2217 828 2267 pedesque
844 2217 994 2253 hostem
1012 2223 1216 2266 aequarent.

105 2280 304 2318 Credidere
331 2282 440 2330 regii,
461 2294 579 2330 genus
606 2294 756 2333 pugnae,
778 2295 854 2332 quo
883 2282 1099 2325 adsuerant,
1118 2281 1214 2324 fore,
1228 2303 1388 2343 Equestris

104 2352 146 2383 ut
182 2346 339 2396 equiteS,
378 2347 417 2384 in
452 2348 574 2385 vicem
613 2348 855 2399 insequentes
892 2347 1213 2398 refugientesque,
1228 2356 1347 2388 pugna.
