1523 2666
345 246 432 301 3¹6
816 260 862 288 τ.
891 257 1021 289 mvn

153 353 244 384 uc.
260 360 334 386 552.
347 352 426 382 est:
459 359 642 397 responso
667 353 818 384 tantum
844 349 947 393 dato,
975 362 1085 388 mane
1111 360 1266 404 postero
1293 356 1353 394 die
1377 356 1460 396 fore

152 397 189 426 Α·
204 397 239 428 C·
258 405 331 430 ²⁰⁰·
345 412 495 463 copiam
528 413 792 456 conveniendi,
824 414 861 451 id
893 416 995 464 quod
1023 418 1223 466 quaesitum
1257 428 1353 465 erat,
1383 435 1460 459 nox

345 476 494 526 dieique
513 476 744 527 insequentis
766 485 859 529 'pars
887 480 934 516 ad
960 483 1254 532 praecipiendum
1280 486 1352 522 iter
1370 486 1462 523 Phi-

341 540 448 592 lippo
470 542 559 578 data
591 547 668 579 est:
700 548 865 586 montes,
886 545 1004 594 'quam
1032 547 1130 584 viam
1162 555 1241 586 non
1262 550 1458 599 'ingressu-

342 618 425 643 rum
450 607 557 655 gravi
582 606 734 655 agmine
761 606 980 645 Romanum
1007 611 1165 656 sciebat,
1187 614 1297 664 petit.
1353 615 1458 652 Con-

342 669 413 713 sul,
434 671 557 720 prima
582 669 664 707 luce
694 671 942 708 caduceatore
967 673 1064 710 datis
1096 676 1257 714 induciis
1287 679 1458 723 dimisso,

339 734 441 771 haud
463 735 517 771 ita
535 734 656 771 multo
684 742 772 785 post
802 735 925 773 abisse
954 737 1104 775 hostem
1124 754 1239 790 quum
1261 744 1456 788 sensisset,

338 800 492 849 ignarus
513 812 587 850 qua
607 807 839 850 sequeretur,
860 801 993 838 iisdem
1014 805 1161 840 stativis
1185 805 1456 845 frumentando

337 864 414 901 dies
436 865 584 916 aliquot
602 866 824 904 consumsit.
883 866 1082 905 Stuberam
1105 869 1239 907 deinde
1265 873 1375 922 petit,
1397 879 1454 909 at-

335 942 409 980 que
434 944 482 967 ex
516 930 727 980 Pelagonia
760 931 1008 976 frumentum,
1031 935 1131 983 quod
1161 936 1199 972 in
1229 937 1328 986 agris
1359 944 1455 981 erat,

337 996 537 1033 convexit:
570 996 659 1033 inde
689 996 735 1033 ad
769 996 969 1034 Pluvinam
1002 1007 1060 1034 est
1092 1012 1327 1049 progressus,
1355 1014 1455 1039 non-

334 1059 424 1097 dum
462 1067 673 1111 comperto,
712 1074 824 1111 quam
855 1062 1048 1111 regionem
1084 1063 1213 1100 hostes
1252 1066 1451 1114 petissent.

331 1124 547 1176 Philippus,
567 1138 684 1175 quum
713 1125 836 1176 primo
856 1125 903 1162 ad
926 1126 1135 1176 Bryanium
1163 1129 1301 1164 stativa
1326 1129 1449 1167 habu-

331 1188 437 1233 isset,
460 1189 652 1239 profectus
679 1189 767 1225 inde
796 1191 1018 1226 transversis
1048 1190 1248 1234 limitibus,
1267 1199 1452 1230 terrorem

331 1254 494 1305 praebuit
511 1254 679 1291 subitum
698 1255 814 1291 hosti.
869 1254 1030 1291 Movere
1059 1256 1187 1306 itaque
1214 1269 1261 1294 ex
1290 1258 1452 1295 Pluvina

330 1317 514 1362 Romani,
536 1325 574 1355 et
593 1319 640 1355 ad
660 1318 885 1369 Osphagum
912 1318 1053 1356 flumen
1079 1327 1288 1369 posuerunt
1315 1330 1451 1360 castra.

331 1381 418 1420 Rex
447 1383 549 1420 haud
574 1383 707 1435 procul
740 1384 828 1420 inde
861 1390 899 1420 et
931 1385 1026 1434 ipse,
1054 1384 1154 1421 vallo
1184 1398 1298 1437 super
1330 1387 1450 1437 ripam

333 1453 455 1489 amnis
482 1452 611 1495 ducto,
650 1453 881 1501 (Erigonum
911 1452 1046 1489 incolae
1073 1453 1230 1499 vocant)
1265 1453 1449 1490 consedit.

137 1527 283 1568 Occupat
332 1516 428 1554 Inde
448 1517 538 1553 satis
560 1523 772 1567 comperto,
793 1516 993 1553 Eordaeam
1023 1517 1209 1567 petituros
1229 1517 1445 1560 Romanos,

132 1578 316 1653 ἒῖξῑῇὲῐᾶῗῃ
331 1582 378 1618 ad
408 1581 647 1632 occupandas
677 1581 888 1630 angustiaS,
910 1593 958 1617 ne
991 1593 1168 1631 superare
1197 1581 1326 1616 hostes
1357 1581 1447 1616 artis

135 1657 301 1689 Eordaeam
329 1646 502 1684 faucibus
541 1645 729 1683 inclusum
761 1645 906 1682 aditum
937 1651 1108 1695 possent,
1135 1646 1353 1695 praecessit:
1393 1644 1446 1681 ibi

130 1709 206 1732 ⁶⁷³³·
329 1712 405 1749 alia
423 1711 538 1755 vallo,
566 1711 640 1748 alia
661 1711 779 1754 fossa,
801 1710 875 1746 alia
903 1711 1070 1761 lapidum
1102 1711 1293 1760 congerie,
1316 1716 1357 1746 nt
1376 1723 1447 1760 pro

329 1790 439 1814 muro
477 1782 616 1820 essent,
638 1775 712 1813 alia
745 1774 944 1812 arboribus
978 1774 1155 1825 objectis,
1186 1775 1239 1812 ita
1268 1780 1309 1811 ut
1337 1774 1444 1812 Iocus

327 1839 562 1894 postulabat,
596 1846 661 1877 aut
695 1840 854 1876 materia
886 1838 1170 1889 subpeditabat,
1208 1839 1440 1890 permuniit3

328 1913 442 1957 atque
473 1907 533 1953 (ut
552 1906 632 1956 ipse
652 1905 824 1952 rebatur)
855 1906 954 1941 viam
981 1910 1114 1955 suapte
1144 1912 1281 1940 natura
1311 1903 1443 1940 diffici-

325 1971 415 2014 lem,
437 1969 598 2021 objectis
619 1982 686 2020 per
704 1980 835 2006 omnes
856 1969 1037 2005 transitus
1058 1968 1236 2018 operibus
1257 1968 1442 2017 inexpug-

327 2034 491 2072 nabilem
513 2034 616 2071 fecit.
672 2034 795 2070 Erant
825 2033 1003 2083 pleraque
1033 2032 1219 2068 silvestria
1249 2032 1362 2074 circa,
1383 2032 1443 2068 in-

327 2100 529 2138 commoda
548 2098 729 2150 phalangi
749 2098 912 2134 maxime
934 2097 1194 2133 Macedonum
1211 2111 1217 2132 :
1251 2110 1348 2146 quas,
1370 2096 1443 2132 nisi

328 2165 391 2201 ubi
411 2164 614 2216 praelongis
634 2163 754 2199 hastis
780 2162 883 2198 velut
903 2162 1040 2198 vallum
1061 2168 1150 2198 ante
1170 2161 1311 2211 clipeos
1332 2159 1440 2210 obje-

325 2231 392 2274 cit,
417 2230 537 2280 (quod
569 2235 609 2265 ut
643 2228 722 2271 fiat,
753 2228 875 2264 libero
905 2241 1040 2278 campo
1070 2239 1164 2277 opus
1195 2226 1270 2273 est)
1301 2224 1441 2261 nullius

323 2294 526 2331 admodum
547 2305 635 2329 usus
655 2298 725 2329 est.
780 2292 949 2329 Thracas
970 2304 1120 2341 quoque
1140 2290 1358 2340 romphaeae,
1380 2289 1438 2326 in-

321 2360 445 2409 gentis
473 2365 510 2394 et
534 2358 626 2408 ipsae
654 2357 918 2407 longitudinis,
938 2357 1038 2393 inter
1067 2354 1242 2406 objectos
1271 2353 1436 2402 undique

321 2435 446 2460 ramos
481 2421 738 2473 impediebant.
803 2420 1043 2458 Cretensium
1079 2432 1155 2455 una
1186 2418 1323 2455 cohors
1356 2429 1434 2453 non
