1523 2666
77 354 119 385 U.
134 354 170 386 C.
187 361 259 391 ⁵⁵7·

75 399 166 430 ΑΟ.
186 406 257 432 195.

74 1254 249 1286 Celtiberos

75 1298 212 1348 Heluius

77 1350 189 1374 vincit.

74 1831 181 1859 Oxans
197 1839 248 1858 ur-

74 1874 148 1903 bem
168 1874 214 1902 in-

72 1919 221 1957 greditur.

269 244 355 298 446
731 254 777 284 T.
802 252 937 283 mvn

272 348 395 386 mutui
416 359 502 385 usus
523 345 764 390 desiderium,
789 352 830 382 ut
854 345 1029 396 Hispana
1050 343 1137 381 urbs
1158 343 1302 382 Graecis
1322 357 1388 396 pa-

271 420 382 456 teret,
404 412 580 449 faciebat.
637 411 760 448 Erant
788 412 901 447 etiam
930 424 975 447 eo
1002 411 1177 453 tutiores,
1198 410 1300 460 quod
1319 409 1389 447 sub

271 479 405 515 umbra
426 478 610 514 Romanae
632 478 808 513 amicitiae
839 477 1030 514 latebant:
1064 489 1177 526 quam
1197 477 1296 512 sicut
1318 476 1389 512 mi-

269 544 427 581 noribus
459 543 614 586 viribus,
646 555 756 591 quam
792 542 1066 585 Massilienses,
1099 543 1179 592 pari
1211 541 1392 578 colebant.

270 609 362 645 fide:
395 615 486 644 tunc
511 620 661 656 quoque
696 607 890 643 consulem
922 609 1205 657 exercitumque
1231 607 1391 643 comiter

270 687 314 710 ac
346 673 511 721 benigne
545 680 785 722 acceperunt,
842 672 990 708 Paucos
1028 673 1080 708 ibi
1111 678 1280 708 moratus
1311 671 1389 707 dies

270 738 384 781 Cato,
406 738 494 774 dum
515 736 744 786 exploraret,
767 737 831 773 ubi
853 742 891 772 et
911 746 1061 786 quantae
1082 737 1250 772 hostium
1271 736 1391 785 copiae

269 808 418 846 essent3
453 807 493 836 ut
526 813 573 836 ne
604 813 709 836 mora
743 800 895 849 quidem
926 801 1052 849 segnis
1080 807 1192 843 esset,
1215 811 1327 836 omne
1352 799 1391 836 id

268 873 416 916 tenipus
435 866 652 902 exercendis
674 865 857 902 militibus
876 867 1098 903 consumsit.
1130 865 1174 901 Id
1192 872 1273 902 erat
1289 864 1389 901 forte

267 938 416 982 tempus
445 932 548 972 anni,
572 937 612 966 ut
635 930 866 966 frumentum
897 932 935 966 in
961 932 1055 967 areis
1076 931 1284 967 haberent:
1317 930 1389 966 ita·

268 1009 354 1046 que,
378 995 653 1032 redenitoribus
675 997 800 1032 vetitis
822 996 1051 1032 frumentum
1074 1009 1220 1047 parare,
1242 1009 1286 1032 ac
1304 995 1388 1031 Ro-

268 1074 368 1098 mam
390 1061 567 1103 dimissis,
594 1062 751 1103 Bellum,
781 1062 918 1110 inquit,
944 1074 980 1097 se
1007 1063 1124 1109 ipsum
1151 1062 1236 1096 alet.
1293 1060 1389 1096 Pro·

268 1125 390 1163 fectus
422 1126 468 1161 ab
496 1125 689 1175 Emporiis
724 1138 836 1173 agros
867 1126 1036 1162 hostium
1065 1126 1139 1162 urit
1162 1131 1384 1174 vastatque:

271 1191 401 1227 omnia
417 1190 506 1239 fuga
527 1196 564 1226 et
585 1196 728 1226 terrore
750 1189 927 1239 complet.

326 1255 378 1292 X.
408 1255 553 1291 Eodem
574 1262 743 1305 tempore
762 1255 819 1291 M.
843 1254 995 1297 Helvio,
1013 1255 1210 1291 decedenti
1231 1267 1277 1291 ex
1293 1253 1390 1290 ulte-

272 1320 371 1355 riore
398 1319 588 1369 Hispania
618 1332 702 1354 cum
730 1319 906 1369 praesidio
935 1332 999 1356 sex
1031 1319 1203 1363 millium,
1225 1319 1315 1355 dato
1339 1317 1387 1354 ab

271 1385 344 1434 Ap.
370 1383 531 1420 Claudio
558 1390 734 1433 praetore,
770 1383 953 1420 Celtiberi
987 1385 1138 1431 agmine
1170 1384 1316 1433 ingenti
1342 1384 1389 1421 ad

271 1449 453 1499 oppidum
488 1448 654 1498 Illiturgi
680 1449 945 1486 obcurrerunt.
1002 1449 1150 1497 Viginti
1181 1449 1300 1486 millia
1327 1463 1387 1486 ar-

269 1521 459 1550 matorum
490 1513 620 1556 fuisse,
651 1513 825 1549 Valerius
853 1513 1008 1560 scribit5
1042 1515 1241 1551 duodecim
1268 1514 1387 1551 millia

269 1591 314 1615 ex
336 1579 380 1614 iis
401 1591 511 1621 caesa,
533 1578 715 1629 oppidum
739 1578 905 1627 Illiturgi
936 1586 1144 1628 receptum,
1165 1586 1204 1615 et
1226 1579 1387 1628 puberes

271 1657 403 1681 omnes
425 1644 659 1682 interfectos.
717 1644 811 1681 Inde
834 1645 880 1681 ad
901 1653 1024 1681 castra
1046 1646 1204 1682 Catonis
1225 1645 1386 1682 Helvius

272 1710 466 1759 pervenit:
501 1715 551 1752 et,
573 1710 660 1758 quia
679 1715 763 1745 tuta
780 1708 863 1759 jam
885 1709 932 1746 ab
954 1710 1128 1746 hostibus
1159 1711 1264 1759 regio
1292 1717 1386 1754 erat,

271 1774 449 1824 praesidio
469 1774 507 1810 in
530 1773 746 1811 ulteriorem
773 1774 1002 1825 Hispaniam
1028 1777 1201 1819 remisso,
1222 1775 1388 1813 Romam

272 1845 330 1875 est
358 1838 565 1888 profectus,
586 1845 624 1875 et
650 1838 699 1875 ob
726 1852 803 1875 rem
834 1839 997 1876 feliciter
1022 1846 1167 1889 gestam
1188 1853 1304 1877 ovans
1325 1854 1389 1877 ur-

270 1902 355 1939 bem
378 1909 435 1938 est
455 1903 659 1951 ingressus,
716 1904 879 1952 Argenti
899 1903 1030 1939 infecti
1051 1904 1139 1940 tulit
1158 1906 1196 1940 in
1216 1907 1388 1941 aerarium

270 1969 554 2016 quatuordecim
572 1968 690 2004 millia
707 1968 836 2018 pondo
857 1969 1098 2018 septingenta
1114 1971 1272 2018 triginta
1288 1971 1383 2007 duo:

270 2040 307 2068 ct
327 2033 467 2081 signati
483 2032 702 2082 bigatorum
723 2033 992 2083 septemdecim
1007 2033 1125 2070 millia
1140 2035 1274 2083 viginti
1290 2036 1383 2072 tria:

268 2104 306 2134 et
330 2097 510 2134 Oscensis
539 2099 687 2147 argenti
718 2105 870 2135 centum
903 2099 1038 2147 viginti
1069 2099 1188 2135 millia
1208 2101 1387 2149 quadrin-

267 2169 403 2212 gentos
425 2164 584 2212 triginta
610 2171 712 2201 octo.
771 2164 916 2200 Caussa
937 2165 1119 2214 triumphi
1139 2166 1303 2213 negandi
1328 2178 1386 2202 se·

267 2229 372 2266 natui
393 2228 480 2272 fuit,
502 2230 601 2278 quod
622 2229 747 2266 alieno
767 2231 938 2280 auspicio
963 2237 999 2267 et
1022 2232 1061 2266 in
1089 2231 1212 2268 aliena
1231 2233 1386 2282 provin-

265 2294 324 2330 cia
340 2300 560 2345 pugnasset.
592 2294 768 2331 Ceterum
784 2295 940 2332 biennio
957 2303 1044 2347 post
1059 2297 1236 2341 redierat,
1253 2310 1383 2347 quum,

263 2359 460 2408 provincia
488 2361 694 2395 successori
720 2360 768 2399 Q.
788 2360 964 2397 Minucio
984 2362 1137 2405 tradita,
1159 2375 1301 2399 annum
1324 2364 1383 2399 in-

263 2430 483 2473 sequentem
503 2430 674 2463 retentus
695 2425 748 2463 ibi
768 2425 886 2476 longo
903 2432 940 2464 et
959 2427 1064 2477 gravi
1083 2427 1220 2466 morbo
1235 2427 1382 2468 fuisset.
