1523 2666
115 274 158 305 U.
171 273 206 304 C.
222 280 295 306 548.

113 318 151 346 A.
169 317 205 347 C.
223 324 297 349 204.

310 170 389 225 198
764 187 809 216 T.
833 185 964 217 mvn

309 285 352 308 ac
381 272 426 308 de
452 273 608 323 imperio
641 276 744 312 varia
770 277 926 314 fortuna
955 291 1038 314 cum
1070 279 1128 322 iis,
1150 280 1214 329 qui
1241 286 1322 317 tum
1341 279 1410 318 ob-

308 337 496 379 tinebant,
514 341 706 378 certantiS.
752 341 805 385 Is,
827 344 1025 379 concitatis
1039 344 1298 395 popularibus,
1315 347 1414 397 apud

306 417 416 453 quos,
443 406 584 442 invidia
608 419 754 456 regum,
778 421 925 457 magnae
951 412 1189 448 auctoritatis
1217 418 1311 455 erat,
1332 425 1413 448 cas-

306 469 372 504 tris
405 469 530 519 palam
556 472 704 521 positis,
736 473 959 510 descendere
986 488 1114 523 regem
1143 477 1182 512 in
1211 477 1345 519 aciem,
1372 489 1415 513 ac

307 530 485 569 dimicare
505 534 550 569 de
568 547 687 583 regno
705 536 852 584 coegit:
886 538 925 572 in
946 551 991 573 eo
1007 539 1144 588 proelio
1162 540 1314 590 Capusa
1329 553 1415 576 cum

308 596 436 632 multis
453 598 666 648 principum
687 599 836 642 cecidit,
855 612 946 648 gens
962 601 1220 652 hiassylorum
1235 605 1357 640 omnis
1379 604 1418 641 in

308 659 492 695 ditionem
510 661 783 712 imperiumque
801 662 987 700 Mezetnli
1003 668 1191 702 concessit
1207 682 1213 703 ε
1237 668 1343 716 regio
1358 676 1417 703 ta-

308 735 394 758 men
410 725 565 760 nomine
578 725 762 763 abstinuit
778 741 785 762 :
809 734 1086 778 contentusque
1097 732 1252 766 nomine
1268 731 1420 767 modico

309 788 461 832 tutoris,
481 802 638 839 puerum
658 791 913 836 Lacumacen,
931 794 994 842 qui
1014 795 1140 845 stirpis
1156 795 1270 843 regiae
1290 808 1421 845 super-

311 858 405 895 erat,
440 865 566 902 regem
611 855 789 904 adpellat.
854 856 1220 906 Karthaginiensem
1255 858 1424 895 nobilem

311 916 506 960 feminam,
541 920 681 955 sororis
709 920 824 957 filiam
856 921 1101 966 Hannibalis,
1136 937 1218 972 quae
1250 924 1423 974 proxime

312 980 459 1017 OEsalci
486 984 565 1031 regi
595 992 716 1034 nupta
740 985 877 1029 fuerat,
910 988 1153 1024 matrimonio
1182 987 1252 1024 sibi
1274 987 1420 1038 jungit,

312 1058 377 1096 spe
410 1046 793 1096 Karthaginiensium
822 1051 1040 1096 societatis3
1073 1058 1111 1087 et
1137 1064 1223 1087 curn
1252 1052 1425 1102 Syphace

312 1111 521 1160 hospitium
541 1120 731 1150 vetustum
751 1114 885 1163 legatis
901 1116 1024 1151 missis
1045 1123 1217 1159 renovat,
1235 1116 1364 1152 omnia
1378 1128 1423 1152 ea

314 1174 455 1210 auxilia
474 1188 688 1225 praeparans
710 1178 884 1214 adversus
903 1178 1161 1216 RIasinissam.

366 1238 505 1275 XXX.
534 1239 587 1276 Et
619 1240 838 1285 Masinissa,
867 1242 997 1278 audita
1025 1250 1148 1279 morte
1176 1243 1316 1294 patrui,
1337 1243 1425 1280 dein

312 1317 405 1342 nece
430 1305 556 1341 fratris
583 1306 778 1355 patruelis,
800 1320 846 1343 ex
873 1307 1064 1357 Hispania
1089 1308 1128 1343 in
1150 1307 1425 1344 Mauritaniam

316 1368 510 1415 (Bocchar
537 1382 580 1405 ea
606 1377 831 1420 tempestate
862 1384 928 1406 rex
952 1371 1178 1407 BIaurorum
1199 1372 1296 1418 erat)
1317 1369 1427 1420 traji-

314 1433 389 1469 cit:
423 1432 468 1468 ab
491 1445 535 1468 eo
556 1433 714 1483 supplex
734 1434 871 1470 infimis
892 1434 1066 1484 precibus
1087 1435 1269 1471 auxilium
1284 1434 1426 1477 itineri,

314 1500 497 1549 quoniam
521 1498 622 1535 bello
644 1512 723 1535 non
752 1506 915 1549 poterat,
937 1508 1100 1549 quatuor
1122 1500 1240 1536 millia
1265 1500 1427 1536 Mauro-

316 1577 399 1601 rum
426 1565 638 1614 inpetravit.
697 1564 794 1600 Cum
819 1565 878 1607 iis,
898 1566 1093 1614 praemisso
1123 1565 1265 1601 nuncio
1293 1564 1340 1600 ad
1358 1577 1427 1614 pa-

317 1637 446 1665 ternos
468 1641 629 1677 suosque
649 1630 805 1672 amicos,
827 1642 942 1678 quum
969 1630 1016 1665 ad
1043 1630 1134 1666 fines
1162 1630 1271 1677 regni
1296 1640 1428 1678 perve-

317 1694 450 1735 nisset,
475 1693 673 1742 quingenti
698 1693 815 1728 ferme
844 1693 1022 1728 Numidae
1052 1693 1099 1728 ad
1128 1705 1214 1728 eum
1242 1704 1431 1728 convene-

319 1765 419 1794 runt.
478 1757 601 1805 Igitur
628 1757 774 1793 §lauris
805 1757 906 1799 inde,
928 1757 1025 1792 sicut
1055 1762 1298 1799 convenerat,
1328 1763 1430 1791 retro

321 1822 367 1858 ad
397 1834 523 1869 regem
553 1822 732 1864 remissis,
754 1834 982 1871 quamquam
1002 1821 1201 1870 aliquanto
1222 1821 1346 1856 minor
1365 1831 1432 1870 spe

320 1885 537 1927 multitudo,
558 1899 628 1922 nec
658 1899 742 1921 cum
772 1899 846 1934 qua
874 1893 1021 1921 tantam
1051 1898 1130 1920 rem
1160 1884 1314 1933 adgredi
1340 1884 1431 1920 satis

321 1949 490 1991 auderet,
512 1950 755 1994 conveniret3
779 1955 880 1985 ratus
902 1949 1049 1998 agendo
1065 1961 1109 1984 ac
1127 1948 1318 1983 moliendo
1332 1948 1429 1982 vires

322 2026 472 2062 quoque
502 2014 547 2049 ad
577 2013 764 2062 agendum
793 2012 933 2062 aliquid
962 2011 1236 2053 coniecturum,
1262 2010 1433 2060 proficis-

325 2079 424 2113 centi
454 2078 499 2113 ad
531 2078 741 2127 Syphacem
770 2077 975 2114 Lacumaci
1005 2076 1135 2126 regulo
1163 2076 1209 2112 ad
1237 2075 1434 2124 Thapsum

325 2141 506 2177 obcurrit.
546 2141 750 2191 Trepidum
771 2153 907 2189 agmen
928 2153 1043 2190 quum
1062 2141 1101 2175 in
1122 2139 1253 2175 urbem
1273 2138 1434 2186 refugis·

324 2213 393 2249 set,
416 2205 544 2241 urbem
573 2205 779 2241 Masinissa
797 2206 919 2255 primo
946 2205 1076 2255 inpetu
1097 2204 1221 2254 capit:
1254 2215 1300 2239 ex
1321 2202 1434 2250 regiis

324 2270 417 2307 alios
439 2270 629 2306 tradentes
651 2283 689 2306 se
709 2270 857 2320 recipit,
875 2270 969 2306 alios
985 2270 1062 2305 vim
1075 2275 1251 2318 parantes
1272 2265 1431 2302 occidit:

323 2347 408 2386 pars
438 2335 601 2371 maxima
622 2347 703 2370 cum
721 2335 803 2385 ipso
824 2346 941 2385 puero
961 2334 1059 2370 inter
1077 2331 1281 2369 tumultum
1300 2330 1347 2366 ad
1367 2329 1435 2378 Sy-
