1507 2656
371 231 524 261 LIBER
548 228 726 260 xxxvn
759 230 864 261 cAP.
887 230 1018 260 xxu.
1161 218 1243 273 585

127 321 269 373 Scipio,
288 321 433 371 aliquot
453 320 585 371 diebus
605 326 692 356 ante
713 333 734 357 a
753 319 908 357 consule
921 320 1109 363 dimissus,
1125 332 1239 368 quum

126 387 326 422 adveniens
347 386 524 428 audisset,
546 397 794 434 praegressum
820 384 1006 420 Catonem
1035 384 1075 419 in
1104 390 1238 419 senatu

123 463 217 494 esse,
239 451 454 500 supervenit
477 450 697 499 exponenti,
720 462 802 498 quae
826 455 934 497 gesta
952 454 1088 485 essent.
1145 447 1237 484 Duo

121 515 209 550 inde
242 513 357 562 legati
381 513 493 564 jussu
524 520 676 550 senatus
705 514 745 549 in
775 513 999 549 concionem
1030 519 1117 548 sunt
1146 525 1236 562 pro⁴²

121 577 248 614 ducti:
282 584 394 627 atque
414 578 467 614 ibi
488 579 630 621 eadem,
653 590 734 626 quae
755 578 793 614 in
814 583 961 620 senatu,
982 575 1027 612 de
1056 576 1166 612 rebus
1196 576 1237 612 in

119 639 270 678 AEtolia
289 643 404 691 gestis
426 648 695 692 exposuerunt.
752 640 987 691 Supplicatio
1011 641 1049 676 in
1068 640 1235 677 triduum

120 705 271 742 decreta
307 714 387 753 est3
431 714 469 743 et
507 714 547 742 ut
578 706 826 755 quadraginta
854 705 989 741 hostiis
1024 703 1232 754 majoribus

116 778 271 821 praetor,
292 771 427 821 quibus
457 771 542 807 Diis
573 772 607 807 ei
636 771 837 813 videretur,
864 769 1102 806 sacrificaret.
1160 769 1233 805 Per

117 835 270 871 eosdem
290 836 365 872 dies
386 842 423 871 et
441 835 497 871 M.
511 835 664 871 Fulvius
684 834 878 878 Nobilior,
893 835 956 883 qui
971 833 1127 870 biennio
1143 839 1232 869 ante

113 906 253 950 praetor
282 901 321 936 in
351 900 580 951 Hispaniam
610 889 692 936 erat
719 899 927 949 profectus,
956 911 1072 935 ovans
1098 898 1231 934 urbem

114 971 172 1000 est
201 965 416 1014 ingressus:
450 966 598 1014 argenti
631 965 752 1013 bigati
784 977 860 1015 prae
891 976 930 999 se
956 963 1046 999 tulit
1077 969 1230 999 centum

114 1030 272 1078 triginta
292 1030 409 1066 millia
429 1046 435 1066 :
460 1036 497 1066 et
517 1036 624 1065 extra
642 1036 881 1065 numeratum
897 1028 1094 1064 duodecim
1110 1027 1230 1064 millia

108 1093 238 1143 pondo
259 1095 406 1142 argenti
426 1108 432 1128 :
466 1095 546 1129 auri
567 1094 695 1143 pondo
716 1100 868 1128 centum
888 1093 1025 1141 viginti
1045 1099 1202 1142 septem.

165 1157 304 1194 XXII.
332 1157 476 1193 Acilius
498 1157 630 1194 consul
650 1157 696 1192 ab
717 1156 982 1206 Thermopylis
1000 1156 1225 1193 Heracleam

109 1222 158 1258 ad
182 1222 336 1258 AEtolos
366 1223 561 1272 praemisit,
584 1227 623 1259 ut
653 1227 736 1258 tunc
762 1223 903 1264 saltem,
925 1223 1062 1269 experti
1088 1223 1223 1269 regiam

106 1288 319 1329 vanitatem,
340 1288 582 1335 resipiscerent
594 1302 606 1330 ,·
637 1287 844 1334 traditaque
870 1286 1063 1329 Heraclea,
1088 1288 1223 1334 cogita-

105 1354 184 1386 rent
204 1351 247 1386 de
261 1352 417 1398 petenda
434 1350 476 1386 ab
493 1355 619 1386 senatu
634 1362 692 1385 sen
702 1349 847 1398 suroris
859 1351 928 1392 sui,
945 1361 1006 1385 seu
1021 1352 1150 1385 erroris
1164 1363 1223 1386 ve-

105 1417 197 1450 nia:
225 1419 259 1450 ct
279 1419 413 1451 ceteras
438 1416 581 1450 Grcecioe
610 1416 771 1450 civitates
800 1414 964 1463 defecisse
991 1427 1030 1450 eo
1059 1415 1150 1450 lello
1179 1415 1222 1451 ab

105 1480 237 1526 optime
257 1480 300 1514 de
327 1491 362 1514 se
390 1480 527 1514 meritis
550 1478 747 1514 Romanis:
774 1479 849 1520 sed,
877 1480 963 1526 quia
989 1484 1069 1526 pose
1082 1478 1222 1526 sagam

80 1587 85 1589 .
102 1544 208 1590 regis,
230 1541 328 1588 cujus
344 1543 488 1591 fiducia
516 1542 633 1590 officio
654 1544 888 1586 decessissent,
909 1556 978 1578 non
997 1544 1219 1579 addidissent

100 1608 338 1655 pertinaciam
355 1609 481 1655 cnlpae,
496 1609 531 1643 in
539 1608 655 1657 fidem
674 1613 834 1656 >receptas
853 1620 933 1644 esse.
962 1609 1110 1644 AEtolos
1129 1621 1217 1657 quo-

102 1685 181 1721 que,
203 1685 418 1721 quamquam
441 1686 511 1709 non
529 1675 638 1709 secuti
656 1676 727 1710 sint
745 1687 877 1722 regem,
898 1676 958 1710 sed
981 1677 1214 1718 arcessierint,

99 1742 134 1773 et
154 1738 258 1773 duces
283 1737 379 1780 belli,
400 1749 470 1773 non
498 1739 598 1781 socii,
621 1737 781 1786 fuerint,
811 1741 841 1773 si
867 1740 1038 1786 poenitere
1063 1740 1212 1787 possint,

94 1813 198 1850 posse
217 1806 250 1837 et
270 1802 463 1837 incolumes
481 1814 562 1837 esse.
618 1802 679 1837 Ad
699 1814 743 1837 ea
762 1814 874 1850 quum
896 1803 1021 1851 pacati
1042 1802 1135 1838 nihil
1153 1816 1212 1838 re-

98 1865 359 1915 sponderetur,
381 1866 665 1915 adpareretque,
688 1867 798 1901 armis
820 1879 898 1902 rem
919 1867 1136 1915 gerendam,
1158 1873 1209 1910 et,

95 1942 184 1978 rege
203 1938 394 1979 superato,
415 1929 555 1965 bellum
576 1929 788 1966 [Etolicum
818 1931 1007 1978 integrum
1038 1937 1204 1976 restare3

1254 323 1293 353 U.
1310 323 1346 354 C.
1361 325 1438 357 5610*

1251 367 1291 397 A.
1306 367 1342 398 C.
1361 373 1432 400 191.

1239 1165 1362 1198 AEtolos
1376 1169 1417 1198 ad

1239 1212 1426 1250 resipiscen-

1236 1253 1315 1284 dum
1330 1255 1413 1283 mvi-

1237 1302 1281 1327 tat
1297 1298 1422 1330 consul.

97 2000 220 2031 castra
239 1994 285 2029 ab
306 1994 571 2044 Thermopylis
592 1994 638 2030 ad
660 1994 884 2030 Heracleam
913 1996 1054 2031 movit:
1087 2009 1207 2045 eoque
1222 2011 1412 2045 Heracleam

93 2060 178 2108 ipso
209 2058 282 2101 die,
316 2064 354 2093 ut
388 2059 501 2094 situm
532 2065 706 2094 nosceret
739 2058 856 2101 urbis,
885 2059 932 2094 ab
963 2061 1067 2095 omni
1101 2068 1207 2110 parte
1219 2056 1352 2088 obsidet.

93 2136 192 2172 equo
213 2123 352 2158 moenia
373 2129 430 2158 est
449 2123 733 2158 circumvectus.
781 2123 862 2158 Sita
884 2129 940 2159 est
961 2123 1148 2161 Heraclea
1168 2126 1207 2162 in

90 2186 279 2223 radicibus
301 2186 405 2222 OEtae
425 2187 564 2222 montis
581 2201 588 2221 :
621 2187 702 2235 ipsa
722 2187 760 2221 in
780 2199 927 2236 camp0,
949 2200 1072 2223 arcem
1092 2189 1206 2224 inmi-

90 2257 243 2286 nentem
266 2249 351 2286 loco
372 2249 449 2286 alto
471 2257 508 2286 et
528 2250 692 2299 undique
713 2251 897 2300 praecipiti
924 2251 1050 2288 habet.
1100 2253 1203 2289 Con-

89 2315 292 2365 templatus
324 2316 464 2358 omnia,
487 2329 570 2364 quae
599 2316 792 2352 noscenda
820 2323 941 2360 erant,
963 2324 1125 2366 quatuor
1151 2319 1201 2354 si-

30 2405 33 2409 ·
85 2379 162 2417 mul
182 2379 275 2416 locis
293 2380 446 2430 adgredi
469 2381 597 2419 urbem
618 2381 819 2418 constituit
837 2396 844 2419 :
878 2394 900 2418 a
928 2382 1081 2420 flumine
1099 2383 1200 2420 Aso-

584 2445 613 2482 C
635 2457 653 2482 c
671 2446 692 2482 5
