1523 2666
311 221 397 266 322
770 228 816 258 τ.
838 230 971 261 mvn

118 312 161 344 U.
175 312 210 344 C.
227 322 300 347 552.
313 324 394 348 rum
413 311 488 360 ejus
506 315 619 352 virilis
637 328 681 353 ac
697 319 877 357 muliebris
899 334 1000 359 serus
1023 324 1182 361 omnium
1201 326 1425 373 tollerentur,

116 356 157 387 Δ·
171 356 208 390 C·
225 365 299 392 ⁹⁰⁰·
312 378 606 428 delerenturque:
634 383 709 418 dies
722 382 828 431 festi,
848 398 965 430 sam-a,
985 389 1198 433 sacerdotes,
1220 404 1298 439 quae
1315 393 1427 440 ipsius

311 442 529 489 majorumve
557 444 630 491 ejus
659 447 800 485 honoris
823 463 950 487 caussa
977 455 1142 490 instituta
1161 461 1285 499 essent,
1306 459 1428 494 omnia

305 508 604 558 profanarentur.
662 512 762 548 Loca
791 527 938 564 quoque,
960 519 995 553 in
1025 520 1148 567 quibus
1173 522 1332 569 positum
1353 522 1425 558 ali-

309 574 398 621 quid
416 575 671 622 inscriptumve
696 576 839 613 honoris
863 578 935 625 ey'us
961 593 1085 619 caussa
1103 583 1249 632 fuisset,
1271 586 1425 622 detesta-

309 637 396 674 bilia
416 650 499 681 esse,
519 651 632 688 neque
656 642 693 676 z'n
716 643 758 677 iis
778 644 972 692 quidquam
992 653 1119 694 postea
1140 651 1230 697 poni
1249 651 1424 687 dedicari·

308 714 375 750 que
393 703 538 751 placere
557 716 691 746 eorum,
713 719 790 754 quae
808 708 845 742 in
866 708 942 745 loco
962 723 1056 758 puro
1082 714 1172 760 poni
1197 714 1426 762 dedicarique

297 766 366 818 sas
385 774 482 806 esset.
541 770 751 807 Sacerdotes
767 773 938 820 publicos,
962 778 1247 826 quotiescumque
1268 791 1338 826 pro
1357 791 1423 826 po-

300 835 392 882 pulo
419 834 640 877 Atheniensi,
669 838 852 884 sociisque,
883 843 918 873 et
946 841 1165 883 exercitibus,
1187 847 1222 878 et
1255 843 1422 879 classibus

308 910 429 935 eorum
445 906 691 947 precarentur,
714 903 815 937 toties
834 904 1003 940 detestari
1017 910 1126 953 atque
1142 909 1314 943 exsecrari
1332 907 1423 943 Phi-

308 963 461 1012 lippum,
489 965 614 1001 liberos
636 964 722 1011 ejus,
749 979 978 1016 regnumque,
1001 974 1181 1007 terrestres
1208 972 1420 1020 navalesque

304 1030 436 1077 copias,
460 1029 699 1066 Macedonum
721 1043 832 1078 genus
856 1044 958 1068 omne
981 1046 1186 1083 nomenque.
1234 1036 1419 1072 Additum

303 1093 470 1137 decreto,
492 1094 534 1130 Si
554 1097 630 1143 quis
654 1097 739 1143 quid
761 1102 900 1144 postea,
922 1100 1016 1146 quod
1044 1101 1093 1135 ad
1120 1105 1242 1136 notam
1268 1103 1420 1148 ignomi-

302 1160 471 1207 niamque
489 1159 655 1207 Philippi
678 1163 888 1208 pertineret,
899 1161 1034 1210 fer-ret,
1058 1165 1095 1199 id
1118 1177 1219 1200 omne
1243 1166 1420 1212 populum

302 1223 554 1260 Atheniensem
581 1222 785 1270 jussurum:
830 1228 862 1262 si
898 1229 974 1274 quis
1009 1234 1133 1264 contra
1171 1230 1417 1276 ignominiam,

295 1301 410 1337 prove
445 1289 576 1325 honore
611 1288 685 1335 ejus
715 1291 871 1333 dixisset,
899 1291 1103 1339 fecissetve,
1139 1295 1200 1341 qui
1235 1295 1416 1330 occidisset

299 1365 393 1397 eum,
406 1353 492 1401 jure
510 1367 692 1391 coesurum.
750 1354 952 1391 Postremo
979 1356 1181 1399 inclusum,
1216 1358 1264 1394 Ut
1283 1360 1415 1402 omnia,

299 1431 378 1468 quae
414 1421 582 1456 adversus
618 1421 869 1457 Pisistratidas
905 1422 1048 1458 decreta
1086 1423 1266 1470 quondam
1298 1428 1413 1467 erant,

300 1485 424 1521 eadem
442 1487 478 1522 in
499 1486 673 1535 Philippo
693 1491 929 1522 servarentur.
986 1487 1241 1523 Athenienses
1265 1488 1414 1536 quidem

298 1547 418 1585 literis
439 1550 651 1599 verbisque,
674 1550 810 1599 quibus
841 1550 930 1586 solis
960 1549 1101 1594 valent,
1122 1550 1263 1586 bellum
1284 1551 1416 1588 adver-

300 1625 361 1650 sus
382 1613 602 1664 Philippum
623 1614 818 1663 gerebant.

353 1677 479 1715 XLV.
508 1679 662 1716 Attalus
679 1680 935 1729 Romanique,
957 1693 1073 1729 quum
1086 1680 1275 1717 Piraeeum
1289 1682 1412 1732 primo

300 1741 348 1779 ab
368 1742 580 1779 Hermione
599 1745 798 1793 petissent,
819 1757 960 1794 paucos
980 1744 1034 1780 ibi
1053 1746 1191 1781 morati
1212 1745 1304 1789 dies,
1322 1759 1413 1783 one-

298 1809 447 1857 ratique
468 1821 572 1857 aeque
592 1809 789 1845 inmodicis
816 1810 862 1845 ad
888 1810 1053 1846 honores
1074 1811 1279 1854 sociorum,
1300 1817 1413 1860 atque

298 1873 337 1909 in
367 1873 423 1908 ira
451 1873 628 1909 adversus
656 1874 806 1910 hostem
835 1873 1000 1916 fuerant,
1027 1875 1320 1911 Atheniensium
1348 1876 1412 1912 de-

299 1938 424 1981 cretis,
459 1939 641 1987 navigant
674 1951 697 1974 a
728 1939 874 1976 Piraeeo
909 1940 1104 1975 Andrum:
1154 1947 1192 1975 et
1224 1953 1340 1989 quum
1371 1941 1411 1977 in

298 2009 427 2054 portu,
444 2016 555 2052 quem
572 2003 786 2040 Gaui-eicon
808 2010 961 2047 vocant,
980 2005 1254 2047 constitissent,
1271 2006 1408 2049 missis,

300 2067 365 2117 qui
381 2074 573 2104 tentarent
593 2069 867 2118 oppidanorum
889 2069 1050 2111 animos,
1068 2070 1098 2104 si
1119 2068 1314 2105 voluntate
1334 2077 1411 2106 tra-

301 2134 389 2171 dere
408 2135 553 2177 urbem,
576 2148 688 2183 quam
708 2136 782 2171 vim
803 2136 979 2186 experiri,
1001 2135 1177 2180 mallent3
1210 2143 1413 2185 postquam

300 2201 477 2250 praesidio
507 2202 614 2249 regio
639 2214 762 2236 arcem
789 2202 924 2243 teneri,
945 2213 1014 2236 nec
1044 2213 1084 2236 se
1112 2201 1315 2250 potestatis
1336 2214 1412 2239 suae

301 2277 382 2301 esse
401 2265 705 2314 respondebant3
739 2266 920 2316 expositis
948 2266 1080 2315 copiis,
1098 2265 1276 2313 omnique
1298 2265 1411 2315 adpa-

298 2334 386 2365 ratu
414 2329 562 2366 urbium
592 2330 947 2381 obpugnandarum,
968 2330 1122 2366 diversis
1149 2329 1319 2379 partibus
1346 2342 1411 2367 rex

302 2400 340 2431 et
366 2394 513 2444 legatus
539 2395 737 2434 Romanus
767 2396 814 2434 ad
841 2395 972 2434 urbem
998 2394 1174 2434 subeunt.
1229 2392 1320 2431 Plus
1339 2393 1408 2431 ali-
