1523 2666
147 289 189 319 U.
204 289 239 319 C.
257 296 330 322 556.

149 334 186 362 Α.
201 333 237 363 C.
258 339 329 367 196.

148 413 320 446 Servorum

147 458 326 494 conjuratio

147 502 179 529 in
196 501 329 532 Etruria.

137 1201 201 1231 Boii
220 1201 282 1232 Ro-

132 1254 246 1275 manos
261 1255 322 1276 cae·

135 1287 227 1317 dun&

137 1976 278 2006 Victoria

139 2019 285 2049 §darcelfi

138 2063 175 2091 de
195 2063 289 2092 Insu-

140 2106 260 2137 bubus.

339 191 423 245 418
795 205 841 233 T.
867 204 1000 233 mvn

343 293 422 343 ejus
453 293 593 330 decreti
622 292 738 343 legati
763 300 864 330 sunt.
920 293 1038 330 Hunc
1063 292 1176 331 finem
1197 291 1339 331 bellum
1367 306 1453 332 cum

345 358 523 408 Philippo
542 359 690 395 habuit.

398 423 596 460 XXXVI.
627 424 756 463 Quum
775 423 856 459 haec
877 423 916 460 in
936 423 1085 460 Graecia
1099 423 1405 474 Macedoniaque
1420 429 1458 460 et

343 487 437 523 Asia
461 493 694 536 gererentur,
715 487 908 523 Etruriam
934 487 1112 524 infestam
1138 500 1257 538 prope
1277 486 1455 538 conjura-

341 552 398 588 tio
418 564 609 588 servorum
630 551 743 588 fecit:
777 552 823 587 ad
841 552 1080 600 quaerendam
1097 552 1459 602 obprimendamque

342 629 423 652 eam
450 615 677 652 M'.Acilius
698 622 851 665 praetor,
873 616 934 652 cui
962 616 1061 652 inter
1090 617 1188 652 cives
1218 617 1458 666 peregrinos-

342 693 414 729 que
426 679 644 730 jurisdictio
665 679 871 728 obtigerat,
894 693 979 716 cum
994 693 1071 716 una
1086 692 1131 716 ex
1148 680 1290 716 duabus
1305 679 1458 729 legione

340 744 486 781 urbana
512 745 662 788 missus,
685 744 778 780 alios
795 743 878 794 jam
899 750 1154 793 congregatos
1175 744 1382 794 pugnando
1401 745 1459 781 vi-

340 810 415 855 cit5
450 823 497 847 ex
513 810 570 846 his
592 809 701 845 multi
722 809 852 852 occisi,
873 808 983 845 multi
1003 810 1128 860 capti:
1162 809 1256 845 alios
1279 808 1455 845 verbera-

339 880 398 910 tos
421 874 593 911 crucibus
615 874 759 916 adfixit,
781 874 844 923 qui
864 875 1053 925 principes
1074 873 1350 925 conjurationis
1370 873 1454 910 fue-

338 945 447 975 raut:
481 938 574 975 alios
605 938 768 975 dominis
795 939 975 974 restituit.
1033 939 1218 975 Consules
1238 939 1278 974 in
1300 938 1455 988 provin-

338 1004 414 1040 cias
443 1003 605 1054 profecti
632 1010 731 1040 sunt.
787 1002 1015 1039 Marcellum
1035 1003 1221 1040 Boiorum
1240 1003 1455 1051 ingressum

338 1068 444 1112 fines,
474 1069 636 1118 fatigato
665 1081 731 1119 per
761 1069 859 1105 diem
889 1075 1014 1105 totum
1040 1069 1160 1106 milite
1178 1070 1239 1105 via
1264 1068 1453 1113 facienda,

338 1139 462 1170 castra
498 1134 538 1169 in
572 1132 719 1170 tumulo
749 1134 914 1183 quodam
946 1141 1168 1184 ponentem,
1209 1133 1451 1177 Corolamus,

336 1198 487 1248 regulus
517 1199 718 1242 Boiorum,
758 1212 843 1235 cum
877 1212 1016 1247 magna
1047 1212 1163 1235 mann
1199 1194 1369 1241 adortus,
1405 1198 1452 1234 ad

337 1264 410 1300 tria
439 1263 557 1300 millia
585 1264 784 1300 hominum
813 1264 976 1300 occidit:
1011 1269 1047 1299 et
1077 1263 1254 1299 inlustres
1281 1263 1352 1299 viri
1381 1261 1450 1298 ali-

333 1334 427 1377 quot
459 1329 498 1363 in
531 1328 598 1364 illo
632 1328 881 1365 tumultuario
915 1328 1052 1379 proelio
1087 1328 1318 1370 ceciderunt,
1350 1327 1452 1363 iuter

334 1405 429 1442 quos
449 1393 618 1443 praefecti
637 1392 798 1437 socium,
825 1393 871 1430 T.
893 1393 1138 1444 Sempronius
1160 1392 1370 1436 Gracchus,
1391 1391 1450 1428 M.

334 1457 471 1494 Junius
503 1457 676 1503 Silanus,
710 1464 747 1494 et
772 1458 916 1494 tribuni
946 1458 1110 1494 militum
1138 1458 1183 1494 de
1211 1457 1362 1507 legione
1391 1469 1452 1493 se-

334 1522 471 1565 cunda,
500 1523 548 1558 A.
570 1521 759 1570 Ogulnius
791 1528 827 1558 et
860 1522 903 1558 P.
926 1522 1130 1559 Claudius:
1172 1528 1295 1558 castra
1320 1527 1449 1557 tamen

335 1585 382 1622 ab
416 1585 603 1622 Romanis
639 1586 787 1636 inpigre
817 1587 1033 1636 permunita
1070 1593 1306 1635 retentaque,
1336 1598 1452 1635 quum

331 1652 460 1687 hostes
482 1663 504 1686 a
522 1664 704 1701 prospera
723 1663 852 1701 pugna
872 1651 1128 1700 nequidquam
1148 1651 1448 1701 obpugnassent.

333 1713 487 1751 Stativis
509 1715 643 1751 deinde
666 1715 805 1751 eisdem
833 1728 900 1765 per
929 1715 1006 1752 dies
1035 1715 1181 1765 aliquot
1206 1727 1287 1751 sese
1310 1715 1449 1758 tenuit,

332 1779 422 1816 dum
455 1785 492 1815 et
522 1780 669 1815 saucios
700 1786 862 1823 curaret,
891 1787 929 1815 et
959 1793 981 1816 a
1005 1785 1116 1816 tanto
1135 1785 1280 1815 terrore
1299 1780 1446 1816 animos

331 1843 495 1879 militum
516 1843 697 1880 reficeret.
755 1844 857 1886 Boii,
879 1850 921 1879 ut
940 1850 996 1879 est
1016 1856 1107 1892 gens
1124 1844 1279 1880 minime
1299 1843 1345 1879 ad
1363 1856 1447 1880 mo-

332 1921 382 1945 rae
403 1909 557 1945 taeclium
577 1909 740 1958 patienS,
761 1909 799 1944 in
828 1908 984 1945 castella
1013 1922 1081 1945 sua
1105 1910 1284 1958 vicosque
1312 1908 1448 1959 dilapsi

333 1980 432 2010 sunt.
463 1973 684 2017 Marcellus,
705 1973 811 2010 Pado
832 1974 1033 2010 confestim
1055 1973 1230 2024 trajecto,
1252 1975 1291 2010 in
1312 1986 1446 2023 agrum

334 2040 575 2082 Comensem,
600 2038 662 2074 ubi
682 2038 876 2082 Insubres,
899 2039 1150 2075 Comensibus
1177 2040 1222 2075 ad
1248 2052 1353 2075 arma
1381 2051 1446 2075 ex-

333 2104 431 2146 citis,
450 2110 572 2140 castra
591 2103 799 2147 habebant,
816 2104 920 2140 ducit
938 2103 1107 2152 legiones
1124 2118 1130 2139 :
1155 2105 1191 2139 in
1211 2104 1294 2153 ipso
1311 2104 1446 2140 itinere

330 2167 507 2219 proelium
528 2169 797 2204 committunt:
832 2174 868 2204 et
888 2169 1011 2218 primo
1032 2169 1125 2205 adeo
1146 2169 1283 2205 acriter
1297 2169 1445 2205 invase-

330 2240 434 2276 runt,
463 2239 504 2269 ut
530 2234 800 2282 antesignanos
828 2233 1047 2283 inpulerint.
1106 2232 1220 2272 Quod
1239 2232 1303 2268 ubi
1323 2232 1444 2269 anim-

332 2297 507 2341 advertit,
527 2299 667 2334 veritus
695 2311 742 2334 ne
772 2299 867 2334 moti
898 2298 1014 2334 semel
1043 2297 1285 2348 pellerentur,
1307 2297 1444 2333 cohor-

330 2369 408 2397 tem
443 2362 660 2398 Marsorum
699 2362 901 2414 obposuit:
939 2369 976 2398 et
1014 2363 1183 2411 equitum
1215 2361 1442 2398 Latinorum
