1507 2656
339 194 491 223 LIBER
516 188 662 222 XXIX.
696 190 803 221 CAP.
827 192 932 220 XIV.
1107 186 1183 231 175

76 283 322 327 Praetoribus,
342 282 398 319 M.
417 281 566 318 Marcio
582 279 740 323 urbana,
757 279 804 316 L.
822 278 1022 315 Scribonio
1041 276 1182 314 Liboni
1198 277 1238 307 U·
1253 277 1289 306 C·
1306 282 1379 306 ⁵4³·

77 350 287 399 peregrina,
308 353 345 383 et
371 346 491 382 eidem
522 344 660 386 Gallia,
683 343 740 379 M.
760 343 975 392 Pomponio
1004 321 1235 377 MathoniA·
1253 320 1288 351 C*
1306 325 1381 350 ⁹⁰⁴⁹

81 413 222 455 Sicilia,
241 412 302 448 Ti.
319 409 477 446 Claudio
497 407 645 443 Neroni
666 406 840 443 Sardinia
859 406 996 442 evenit.
1041 405 1083 440 P.
1105 404 1185 440 Sci-

78 477 184 526 pioni
209 487 293 511 cum
319 486 364 509 eo
384 472 565 514 exercitu,
588 483 673 507 cum
700 483 744 507 ea
774 470 905 512 classe,
927 481 1039 517 quam
1067 468 1184 504 habe-

78 541 157 582 bat,
178 545 424 589 prorogatum
458 537 495 572 in
521 548 661 572 annum
694 535 893 585 imperium
919 540 998 570 est:
1032 533 1121 568 item
1142 532 1184 569 P.

0 591 2 681 ἰ
75 603 240 646 Licinio,
262 609 302 639 nt
322 601 494 638 Bruttios
516 613 601 637 cum
623 599 766 636 duabus
792 598 1005 648 legionibus
1033 596 1184 632 obtine-

79 674 149 710 ret,
180 665 304 717 quoad
338 666 484 702 eumin
515 665 711 715 provincia
740 676 824 700 cum
855 663 1014 712 imperio
1045 661 1186 697 morari

1 706 2 783 i
77 731 223 767 consuli
252 744 271 766 e
297 729 490 780 republica
514 729 637 765 visum
670 734 779 764 esset.
836 727 890 762 Et
920 726 977 762 M.
997 725 1124 767 Livio,
1149 730 1186 761 et

2 794 3 799 ¹
79 797 141 847 Sp.
157 796 352 838 Lucretio,
373 808 465 835 cum⁴
483 794 582 831 binis
602 792 831 842 legionibus,
854 791 988 841 quibus
1010 790 1186 826 adversus

76 860 286 908 Magonem
305 859 438 895 Galliae
458 858 633 909 praesidio
653 857 827 900 fuissent,
848 861 1095 906 prorogatum
1117 855 1187 889 im-

77 925 222 974 perium
251 930 320 960 est.
375 923 428 959 Et
462 923 532 959 Cn.
559 922 737 964 Octavio,
769 927 823 964 ut,
855 933 939 956 cum
973 919 1187 955 Sardiniam

77 987 340 1036 legionemque
372 987 433 1023 Ti.
455 986 616 1022 Claudio
651 985 879 1027 tradidisset,
914 985 994 1034 ipse
1027 982 1186 1019 navibus

77 1051 201 1101 longis
221 1051 470 1101 quadraginta
492 1051 721 1087 maritimam
748 1062 868 1091 oram,
890 1048 1025 1097 quibus
1049 1047 1187 1083 finibus

77 1122 228 1151 senatus
258 1115 480 1157 censuisset,
507 1119 707 1150 tutaretur.
764 1112 821 1148 M.
843 1111 1060 1161 Pomponio
1090 1123 1188 1160 prae-

0 1191 6 1220 .¹
75 1181 150 1217 tori
170 1180 209 1216 in
236 1179 365 1216 Sicilia
385 1179 594 1215 Cannensis
623 1178 809 1214 exercitus
831 1176 912 1212 duae
933 1176 1101 1224 legiones
1124 1175 1189 1210 de-

0 1264 7 1311 f
73 1251 201 1283 cretae.
229 1245 276 1281 T.
295 1245 498 1284 Quinctius
518 1244 742 1286 Tarentum,
773 1243 815 1279 C.
838 1241 1028 1278 Hostilius
1054 1240 1188 1276 Tubu-

6 1301 8 1324 ⁵
76 1309 134 1346 lus
169 1310 353 1359 Capuam,
382 1314 650 1358 propraetores,
681 1308 777 1344 sicut
809 1307 938 1357 priore
965 1318 1080 1347 anno,
1103 1317 1188 1341 cnm

76 1378 204 1409 vetere
223 1378 381 1421 uterque
409 1372 598 1422 praesidio,
619 1372 851 1408 obtinerent.
907 1370 968 1406 De
988 1369 1188 1418 Hispaniae

75 1436 250 1486 imperio,
267 1448 361 1484 quos
388 1436 425 1471 in
454 1448 537 1471 eam
560 1435 794 1485 provinciam
822 1434 914 1470 duos
941 1431 1187 1483 proconsules

77 1501 176 1536 mitti
197 1499 376 1550 placeret,
397 1498 516 1534 latum
550 1499 596 1534 ad
622 1498 804 1548 populum
825 1503 893 1534 est.
957 1496 1098 1532 Omnes
1120 1496 1189 1531 tri-

72 1565 146 1602 bus
167 1566 331 1608 eosdem,
350 1564 397 1601 L.
415 1564 633 1600 Cornelium
652 1562 861 1599 Lentulum
881 1567 918 1598 et
940 1561 985 1598 L.
998 1561 1189 1597 Manlium

78 1629 294 1672 Acidinum,
331 1628 591 1679 proconsules,
628 1629 724 1664 sicut
755 1628 879 1678 priore
910 1639 1011 1662 anno
1043 1627 1188 1662 tenuis-

75 1699 174 1735 sent,
202 1692 375 1728 obtinere
408 1704 470 1728 eas
496 1692 709 1742 provincias
733 1691 943 1741 jusserunt.
1001 1689 1187 1725 Consules

77 1756 263 1792 delectum
283 1756 422 1792 habere
442 1757 702 1797 instituerunt,
722 1762 759 1791 et
776 1756 822 1791 ad
838 1767 954 1791 novas
971 1753 1188 1790 scribendas

76 1821 115 1857 in
135 1820 308 1856 Bruttios
327 1819 511 1868 legiones,
534 1827 571 1855 et
591 1821 629 1855 in
650 1829 861 1855 ceterorum
885 1820 956 1866 (ita
976 1817 1190 1868 eniinjussi

77 1884 124 1921 ab
145 1891 278 1920 senatu
298 1885 422 1929 erant)
447 1884 679 1919 exercituum
698 1883 1015 1933 supplementum.

129 1948 238 1985 XIV.
269 1948 511 1996 Quamquam
531 1949 700 1984 nondum
725 1955 854 1998 aperte
880 1948 1012 1984 Africa
1035 1949 1189 1997 provin-

77 2013 135 2048 cia
155 2013 303 2048 decreta
323 2018 417 2054 erat,
446 2013 743 2060 (occultantibus
774 2014 823 2056 id,
845 2013 970 2055 credo,
995 2012 1187 2055 Patribus,

76 2089 124 2113 ne
157 2077 441 2127 praesciscerent
474 2077 836 2126 Karthaginienses)
873 2084 1001 2113 tamen
1035 2078 1074 2112 in
1105 2089 1190 2113 eam

76 2153 180 2190 spem
200 2147 323 2176 erecta
343 2142 474 2177 civitas
499 2148 593 2184 erat,
622 2143 659 2177 in
680 2141 812 2177 Africa
833 2154 877 2177 eo
902 2153 1003 2176 anno
1024 2140 1189 2176 debella-

77 2211 158 2239 tum
188 2204 246 2247 iri,
267 2204 453 2253 finemque
475 2205 576 2241 bell-3
600 2205 747 2240 Punico
776 2205 914 2241 adesse.
973 2204 1191 2254 Inplcverat

78 2280 123 2303 ea
147 2279 204 2303 res
231 2270 542 2318 superstitionum
573 2271 734 2311 animos,
762 2269 948 2320 pronique
969 2275 1006 2304 et
1027 2269 1072 2304 ad
1090 2281 1187 2304 nun-

77 2331 224 2374 cianda,
240 2338 277 2368 et
296 2332 343 2369 ad
363 2333 547 2370 credenda
561 2333 733 2384 prodigia
755 2339 861 2370 erant
878 2349 884 2369 τ
919 2346 964 2369 eo
984 2331 1089 2383 plura
1108 2332 1188 2367 vul-

599 2397 614 2432 1
638 2397 659 2431 4
