1507 2656
322 195 478 226 LIBER
502 193 674 224 XXVII.
707 195 814 224 CAP.
837 195 998 225 XXIII.
1167 197 1226 241 39

102 299 192 324 num
211 286 384 324 navalem
414 287 638 337 adparatum
658 298 704 323 eo
731 299 833 322 anno
853 285 1095 336 Karthagine
1115 299 1219 335 esse3
1237 297 1280 328 U.
1295 295 1332 329 C.
1347 295 1425 332 541.

100 352 272 388 ducentis
292 352 450 389 navibus
472 365 625 388 omnem
645 364 751 388 oram
772 351 909 396 Italiae,
931 351 1158 402 Siciliaeque,
1180 366 1225 391 ac
1236 342 1277 373 A·
1292 342 1329 376 C·
1344 350 1424 378 ⁹⁰⁸⁰

101 416 282 453 Sardiniae
304 417 528 468 inpleturos.
583 417 637 453 Et
656 417 695 453 in
716 416 846 453 Sicilia
867 417 922 453 ita
937 417 1056 454 divisa
1074 430 1134 455 res
1155 426 1226 457 est.

98 480 186 518 Sex.
205 482 346 517 Caesari
375 482 562 521 exercitus
585 480 797 517 Cannensis
818 486 875 516 est
894 480 1016 519 datus.
1072 481 1130 520 M.
1146 483 1227 521 Va-

97 543 210 580 lerius
239 544 419 582 Laevinus
442 546 494 593 (ei
514 558 665 595 quoque
694 545 796 581 enim
824 551 1074 595 prorogatum
1102 547 1228 599 impe-‘-

96 608 194 644 rium
223 609 298 656 est)
331 608 503 653 classem,
534 622 617 658 quae
653 608 700 657 ad
738 608 905 645 Siciliam
940 615 1035 653 erat,
1068 611 1226 650 navium

95 674 338 723 septuaginta
367 674 570 711 obtineret.
617 673 787 710 Adderet
816 685 863 709 eo
898 674 1059 723 triginta
1091 689 1225 722 naveS,

94 749 177 786 quae
197 738 245 775 ad
262 738 472 775 Tarentum
491 739 617 790 priore
637 751 738 775 anno
758 738 933 775 fuerant:
966 752 1052 776 cum
1072 753 1116 777 ea
1131 753 1224 779 cen*-

99 807 181 837 tum
213 802 367 839 navium
397 803 528 848 classe,
559 803 589 839 si
625 802 817 839 videretur
855 803 904 846 ei,
934 804 1145 853 praedatum
1179 805 1222 842 in

98 865 268 903 Africam
289 867 492 917 trajiceret.
549 868 603 904 Et
620 867 665 905 P.
679 867 863 918 Sulpicio,
883 873 927 904 ut
950 868 1081 905 eadem
1101 868 1223 907 classe

95 928 366 967 Blacedoniam
386 931 649 981 Graeciamque
674 932 911 982 provinciam
936 931 1108 976 haberet,
1129 945 1221 983 pro-

96 1000 272 1042 rogatum
292 995 331 1030 in
357 1008 500 1031 anuum
520 995 720 1045 imperium
748 1002 817 1032 est.
873 995 935 1032 De
954 996 1115 1040 duabus,
1137 1009 1222 1046 quae

96 1057 144 1094 ad
160 1058 289 1095 urbem
306 1059 472 1096 Romam
487 1059 654 1103 fuerant,
670 1059 885 1108 legionibus
906 1060 1002 1096 nihil
1018 1067 1222 1099 mutatum.

96 1123 422 1174 Supplementum,
444 1137 521 1174 quo
539 1137 634 1175 opus
656 1131 769 1168 esset,
791 1125 1001 1161 scriberent
1027 1125 1220 1171 consules,

91 1190 328 1238 permissum.
386 1189 476 1226 Una
505 1196 542 1226 et
561 1190 698 1239 viginti
727 1189 943 1239 legionibus
964 1203 1010 1226 eo
1030 1202 1133 1227 anno
1153 1190 1221 1227 de-

92 1252 241 1290 fensum
256 1254 456 1304 imperium
470 1254 691 1291 Romanum
711 1261 780 1291 est.
843 1254 896 1291 Et
910 1253 954 1291 P.
968 1254 1122 1291 Licinio
1139 1254 1219 1292 Va·-

91 1330 134 1354 ro
153 1319 307 1368 praetori
327 1319 428 1355 urbis
449 1319 647 1368 negotium
664 1319 809 1362 datum,
826 1324 867 1355 ut
884 1331 990 1355 naves
1010 1321 1136 1368 longas
1151 1322 1219 1356 tri-

90 1385 195 1431 ginta
214 1389 344 1419 veteres
371 1385 540 1432 rcficeret,
562 1396 639 1432 qaae
669 1385 777 1420 Ostiae
795 1389 910 1427 erant,
933 1390 967 1421 et
994 1386 1124 1432 viginti
1151 1397 1219 1421 no-

91 1459 155 1484 vas
186 1460 293 1484 naves
323 1450 426 1484 sociis
453 1449 638 1484 navalibus
670 1450 843 1497 inpleret:
875 1454 918 1485 ut
954 1450 1218 1497 quinquaginta

90 1514 237 1549 navium
256 1513 367 1548 classe
385 1525 485 1548 (yram
512 1514 624 1548 maris
641 1514 797 1549 vicinam
821 1513 900 1549 ‘urbi
920 1513 1095 1550 Romana:
1124 1516 1218 1550 tueri.

83 1582 212 1627 posset.
260 1577 304 1614 C.
318 1577 546 1628 Calpurnius
565 1578 704 1614 vetitus
725 1577 773 1614 ab
794 1578 951 1614 Arretio
972 1590 1126 1614 movere
1148 1591 1216 1615 ex-

92 1642 265 1685 ercitum,
286 1642 359 1678 nisi
380 1655 496 1692 quum
515 1654 710 1678 successor
730 1643 907 1679 venisset.
951 1642 1058 1678 Idem
1079 1649 1117 1678 et
1135 1642 1217 1678 Tu·

88 1706 180 1743 bulo
211 1707 452 1756 imperatum,
476 1712 519 1742 ut
547 1707 634 1743 inde
660 1707 850 1757 praecipue
879 1714 1043 1750 caveret,
1073 1719 1121 1743 ne
1141 1719 1218 1757 qua

88 1784 189 1808 nova
208 1770 367 1807 consilia
387 1777 624 1821 caperentur.

144 1835 306 1872 XXIII.
337 1835 524 1872 Praetores
562 1836 602 1871 in
631 1836 845 1886 provincias
875 1834 1052 1886 profecti.
1110 1835 1215 1872 Con-

89 1899 186 1937 sules
207 1900 342 1950 religio
362 1900 533 1943 tenebat,
553 1901 668 1950 quod,
689 1900 871 1951 prodigiis
890 1900 1036 1950 aliquot
1055 1901 1215 1936 nuncia-

88 1965 151 2008 tis,
177 1977 256 2001 non
275 1965 386 2001 facile
413 1964 589 2002 litabant.
645 1964 698 2001 Et
718 1978 765 2002 ex
792 1965 1005 2016 Campania
1031 1965 1215 2001 nunciata

87 2035 217 2065 erant:
252 2029 392 2079 Capuae
413 2029 505 2065 duas
526 2029 638 2072 aedes,
658 2029 838 2065 Fortunae
866 2036 903 2065 et
921 2028 1075 2072 Martis,
1097 2035 1134 2064 et
1155 2041 1214 2065 se·

91 2092 223 2144 pulcra
250 2093 397 2143 aliquot
427 2094 472 2130 de
502 2094 600 2130 coelo
629 2100 745 2130 tacta.
803 2094 933 2130 Cumis
958 2094 1071 2141 (adeo
1098 2094 1214 2129 mini-

87 2158 159 2194 mis
190 2158 304 2194 etiam
334 2158 445 2195 rebus
475 2172 590 2209 prava
619 2159 755 2208 religio
785 2160 917 2195 inserit
936 2158 1064 2205 Deos)
1086 2170 1212 2194 mures

89 2223 128 2258 in
147 2222 226 2259 aede
245 2223 353 2260 Jovis
374 2237 507 2260 aurum
533 2225 684 2261 rosisse.
743 2225 873 2260 Casini
894 2235 1054 2260 examen
1083 2223 1213 2273 apium

88 2286 222 2335 ingens
247 2288 287 2324 in
306 2288 392 2325 foro
421 2290 650 2327 consedisse.
706 2289 759 2326 Et
789 2289 911 2325 Ostiae
939 2300 1088 2324 murum
1122 2298 1212 2337 por-

86 2357 241 2403 tamque
260 2352 306 2391 de
325 2352 426 2392 coelo
445 2360 602 2393 tactam.
658 2354 766 2393 Caere
782 2353 989 2393 vulturium
1004 2353 1152 2390 volasse
1171 2351 1214 2388 in
