1523 2666
179 270 268 300 U.C.
288 276 346 305 547

176 315 205 343 A
233 314 269 343 C.
286 320 347 345 20⁵

181 1110 289 1152 Scipio
302 1111 346 1141 A·

184 1156 298 1185 fricam

183 1199 316 1237 provin·

184 1240 271 1270 ciam
287 1241 356 1271 des-

184 1283 266 1315 tinat
279 1284 350 1315 sibi.

183 1694 341 1726 Adversa-

187 1746 241 1769 tur
256 1740 283 1769 ei
299 1740 357 1770 Fa-

186 1781 272 1814 biun-

378 179 456 218 140
830 181 874 209 τ.
899 180 1029 210 1,1v11

355 293 361 300 .
371 266 643 315 gentibussore.
700 268 790 303 Suos
811 270 1040 316 imperatores
1059 274 1164 311 recte,
1186 274 1221 304 et
1240 271 1373 312 ordine,
1395 276 1428 306 et
1447 283 1488 307 ac

354 334 559 369 'voluntate
577 339 720 370 senatus
728 334 873 382 fecisse,
896 336 990 382 quod
1020 335 1224 382 Saguntum
1252 338 1486 377 restituerint,

372 399 532 444 civesque
565 398 785 445 Saguntinos
819 401 962 434 servitio
991 400 1206 434 exemerint:
1235 411 1379 447 quaeque
1411 401 1488 436 alia

371 463 420 496 eis
439 462 583 509 benigne
591 461 767 510 fecerint,
788 475 830 498 ea
857 468 1019 498 senatum
1047 465 1100 499 ita
1119 464 1268 499 voluisse
1283 464 1397 512 fieri:
1425 465 1488 500 do-
1519 475 1523 522 i

360 538 457 561 >num
489 528 713 574 permittere,
751 532 791 562 ut
826 528 864 562 in
904 528 1086 575 Capitolio
1121 532 1303 575 ponerent.
1360 527 1487 564 Locus
1522 533 1523 543 ¹

360 589 461 624 >inde
481 589 673 638 lautiaque
692 589 827 638 legatis
848 589 1007 639 praeberi
1021 589 1142 639 jussa,
1160 597 1198 626 et
1217 592 1382 626 muneris
1399 603 1491 639 ergo

373 654 414 688 in
432 652 602 702 singulos
624 653 704 689 dari
724 666 771 689 ne
790 654 915 689 minus
940 654 1036 690 dena
1065 655 1184 691 millia
1213 656 1308 690 aeris.
1364 654 1492 703 Lega-

375 717 500 754 tiones
531 717 666 754 deinde
685 725 819 754 ceterae
849 719 888 754 in
919 726 1093 755 senatum
1122 719 1364 761 introductae,
1385 720 1493 755 audi-³

376 790 512 831 taeque.
554 782 608 818 Et
627 783 845 833 petentibus
867 783 1104 832 SaguntiniS,
1125 789 1181 826 ut,
1203 789 1387 832 quatenus
1406 789 1492 820 tuto

374 854 545 896 possent,
567 846 719 884 Italiam
739 854 950 897 spectatum
970 849 1084 890 irent,
1105 848 1217 883 duces
1238 847 1331 890 dati,
1350 847 1489 884 literae-

375 924 448 958 que
468 923 535 960 per
555 912 697 960 oppida
717 913 857 953 missae,
878 916 922 946 ut
941 912 1136 961 Hispanos
1160 912 1319 948 comiter
1347 913 1495 962 accipe·

375 982 472 1011 rent.
529 974 629 1011 Tum
649 974 694 1011 de
713 973 920 1026 republica,
945 975 992 1012 de
1011 976 1239 1014 exercitibus
1270 975 1492 1021 seribendis,

366 1039 423 1077 vde
443 1040 649 1090 provinciis
668 1041 841 1080 relatum.

433 1105 522 1143 XL.
565 1106 695 1146 Quum
731 1108 902 1144 Africam
938 1121 1076 1145 novam
1113 1108 1350 1159 provinciam
1386 1114 1494 1145 extra

379 1176 522 1207 sortem
543 1170 588 1208 P.
606 1171 776 1222 Scipioni
805 1173 986 1209 destinari
1015 1173 1188 1209 homines
1217 1172 1319 1209 fama
1336 1172 1494 1216 ferrent,

378 1245 419 1272 et
438 1236 532 1286 ipse,
553 1236 658 1273 nulla
677 1236 760 1287 jam
779 1238 930 1273 modica
958 1237 1081 1286 gloria
1100 1244 1318 1280 contentus,
1338 1249 1419 1272 non
1448 1236 1496 1273 ad

379 1301 584 1349 gerendum
603 1302 719 1338 modo
738 1301 893 1345 bellum,
911 1302 976 1338 sed
995 1302 1040 1337 ad
1058 1301 1278 1344 finiendum,
1300 1302 1440 1337 diceret
1455 1312 1497 1336 se

378 1365 575 1402 consulem
594 1366 827 1403 declaratum
847 1379 928 1402 esse
948 1381 955 1403 z
988 1379 1111 1416 neque
1131 1366 1240 1403 aliter
1255 1366 1292 1402 id
1309 1365 1389 1402 fieri
1408 1377 1497 1415 pos-

379 1441 432 1473 se,
448 1442 560 1478 quam
580 1432 610 1467 si
631 1432 712 1481 ipse
732 1433 770 1468 in
790 1431 961 1468 Africam
981 1433 1189 1468 exercitum
1204 1435 1496 1480 transportaret,

378 1500 432 1536 et,
453 1501 625 1532 acturum
645 1508 684 1531 se
708 1496 746 1531 id
764 1509 831 1546 per
859 1495 1057 1546 populum,
1079 1501 1208 1545 aperte
1235 1494 1367 1537 ferret,
1388 1493 1420 1529 si
1439 1506 1497 1530 se·-

378 1563 490 1593 natus
511 1559 785 1603 adversaretur,
807 1560 845 1595 id
870 1559 1070 1596 consilium
1099 1559 1392 1608 haudquaquam
1419 1557 1498 1608 pri-

378 1622 548 1656 moribus
569 1623 728 1660 Patrum
747 1636 832 1659 cum
856 1623 1035 1672 placeret,
1058 1623 1248 1671 ceterique
1270 1634 1337 1672 per
1355 1627 1499 1658 metum

381 1691 448 1721 aut
467 1685 718 1722 ambitionem
738 1693 950 1723 mussare—nt
963 1703 974 1732 5
1007 1688 1056 1727 Q.
1069 1687 1209 1723 Fabius
1224 1686 1418 1723 Maximus
1434 1698 1497 1722 ro-

381 1756 491 1800 gatus
513 1752 757 1795 sententiam,
780 1752 877 1795 Scio,
899 1753 1036 1801 inquit,
1066 1754 1191 1789 multis
1218 1750 1373 1788 vestram
1400 1751 1499 1787 vide-

378 1818 426 1859 ri,
448 1817 580 1852 Patres
609 1819 813 1865 conscripti,
837 1830 913 1853 rem
942 1822 1064 1853 actam
1093 1818 1262 1853 hodierno
1286 1817 1343 1852 clz'e
1371 1817 1444 1862 agi,
1466 1820 1501 1851 et

369 1880 521 1930 frustra
540 1881 746 1917 habiturum
766 1884 978 1924 orationem,
999 1883 1072 1929 qui,
1096 1887 1278 1929 tamquam
1300 1881 1343 1915 de
1360 1882 1500 1928 integra

377 1958 431 1988 re,
453 1946 497 1981 cle
515 1945 647 1993 Africa
671 1947 859 1993 provincia
887 1947 1099 1981 sententiam
1126 1946 1269 1980 dixerit.
1327 1944 1407 1990 Ego
1433 1956 1499 1979 (ιιι-

380 2014 451 2045 ἰεηι
475 2012 636 2058 primum
665 2011 755 2046 iuml
785 2012 922 2057 ignoro,
955 2011 1255 2058 quemcubnodum
1281 2006 1370 2059 jam
1403 2014 1500 2044 certa

376 2076 566 2122 provincia
598 2074 730 2123 Africa
758 2076 913 2110 cons-alis
947 2076 1016 2110 viri
1038 2073 1156 2122 fortis
1188 2086 1231 2109 ac
1265 2075 1403 2110 strenui
1437 2075 1497 2116 sit,

381 2150 490 2188 quam
509 2151 572 2174 nec
599 2144 741 2174 senatus
761 2140 894 2174 censuit
924 2140 958 2174 in
988 2139 1081 2174 hunc
1112 2151 1246 2174 annum
1275 2140 1500 2186 provinciam

379 2216 465 2247 esse,
485 2216 547 2240 nec
563 2205 721 2252 populus
731 2203 841 2250 jussit
857 2222 869 2241 .·
899 2205 1034 2247 deinde,
1065 2207 1095 2240 si
1124 2210 1188 2246 est,
1214 2205 1390 2240 consulem
1414 2216 1500 2252 pec·

381 2279 464 2304 care
482 2267 650 2310 arbitror,
673 2270 746 2316 qui,
763 2269 805 2304 (Ie
822 2281 861 2304 re
882 2274 1064 2304 transacta
1083 2270 1287 2304 simulando
1301 2280 1338 2304 se
1351 2266 1498 2315 referre,

379 2336 543 2369 Senatum
575 2333 727 2370 ludibrio
747 2334 863 2378 habet,
895 2346 964 2371 non
991 2339 1190 2371 senatorem
1218 2334 1338 2376 modo,
1360 2333 1434 2383 qui,
1456 2333 1499 2369 cle
