1507 2656
322 224 478 254 mann
500 221 693 251 xxxu1.
743 221 851 249 CAr.
873 221 943 249 v1.
1102 209 1185 264 385

73 316 148 351 sius
175 314 397 350 munitionis
424 312 703 349 firmamentum
730 314 968 359 aptaverunt.
1024 308 1126 346 Nam
1146 315 1184 346 et
1198 322 1239 353 u,
1255 322 1291 353 e,
1305 329 1380 354 ⁵55.

72 378 235 429 majores
256 385 294 415 et
320 378 439 426 magis
465 387 634 412 ramosas
666 373 819 410 arbores
840 372 1050 416 caedebant,
1071 387 1185 423 quam
1197 366 1236 397 A·
1251 365 1286 396 C·
1307 373 1376 400 ¹9⁷·

72 455 163 491 quas
185 443 281 479 ferre
304 455 389 478 cum
415 442 526 478 armis
550 439 656 475 miles
682 444 835 489 posset;
869 444 907 473 et
926 450 1042 486 quum
1062 446 1186 475 castra

71 506 131 542 his
157 512 244 543 ante
274 505 434 555 objectis
470 504 689 554 sepsissent,
724 501 845 538 facilis
874 500 1023 537 molitio
1054 515 1186 539 eorum

74 569 162 606 valli
182 576 284 606 erat:
316 582 405 606 nam
425 575 463 605 et
481 569 570 618 quia
595 568 666 603 rari
699 566 845 616 stipites
876 578 1098 615 magnarum
1124 579 1185 602 ar-

71 633 207 670 borum
230 633 463 677 eminebant,
494 632 679 681 multique
707 638 746 667 et
777 630 891 667 validi
917 632 1011 666 rami
1040 630 1183 680 praebe-

70 697 178 741 bant,
195 698 295 747 quod
316 704 416 734 recte
436 710 549 733 manu
573 702 782 746 caperetur,
805 695 893 738 duo,
912 701 976 731 aut
996 709 1184 733 summum

73 768 148 798 tres
161 761 320 811 juvenes
341 763 489 798 connisi
515 761 690 797 arborem
710 772 824 795 unam
844 759 1077 796 evellebant:
1110 774 1186 810 qua

74 826 215 870 evulsa,
232 834 352 877 portae
367 828 485 863 instar
502 824 693 875 extemplo
706 824 876 874 patebat,
889 837 958 860 nec
975 825 1013 860 in
1030 832 1183 875 promtu

74 898 168 933 erat,
191 892 291 940 quod
311 891 600 927 obmolirentur.
656 890 853 926 Romanus
873 889 972 926 leves
1000 895 1038 925 et
1064 890 1181 926 bifur-
1197 891 1402 922 VallumRe-

74 968 137 991 cos
164 955 377 1005 plerosque,
399 963 437 992 et
455 957 584 998 trium,
609 961 687 998 aut,
710 968 824 1004 quum
849 954 1066 1004 plurimum,
1091 968 1182 1004 qua·
1197 945 1383 966 manorum'

24 1046 25 1063 3
72 1026 161 1055 tuor
180 1033 371 1056 ramorum
390 1020 508 1056 vallos
533 1020 655 1062 caedit,
678 1026 719 1055 ut
738 1026 776 1055 et
796 1020 985 1069 suspensis
1007 1019 1053 1055 ab
1075 1026 1185 1068 tergo

24 1075 25 1078 Ἴ
74 1084 186 1120 armis
214 1084 312 1121 ferat
337 1085 462 1135 plures
493 1083 604 1120 simul
633 1090 720 1133 apte
750 1083 875 1128 miles3
910 1090 946 1119 et
973 1084 1027 1120 ita
1049 1085 1184 1120 densos

74 1148 248 1198 obfigunt
276 1149 536 1200 inplicantque
566 1161 705 1191 mmm,
726 1155 768 1184 ut
793 1161 928 1197 neque,
949 1161 1031 1198 quae
1058 1148 1185 1199 cujus-

75 1225 147 1262 que
183 1214 321 1263 stipitis
355 1213 482 1264 palma
516 1213 579 1256 sit,
613 1212 798 1262 pervideri
830 1214 974 1262 possit;
1015 1220 1053 1249 et
1088 1214 1183 1250 adeo

74 1278 188 1320 acuti,
211 1278 380 1327 aliusque
399 1291 465 1329 per
484 1278 599 1314 alium
626 1278 772 1313 inmissi
798 1278 891 1313 radii
912 1277 1038 1314 locum
1058 1279 1106 1315 ad
1124 1280 1183 1316 in·-

28 1369 29 1375 ,
73 1341 269 1377 serendam
283 1354 434 1378 manum
453 1354 530 1378 non
544 1341 776 1390 relinquunt,
791 1348 832 1377 ut
848 1354 968 1391 neque
985 1343 1182 1392 prehendi,

28 1398 29 1411 ³
75 1406 177 1454 quod
196 1406 382 1450 trahatur,
411 1419 534 1456 neque
563 1407 678 1449 trahi,
710 1419 824 1455 quum
850 1407 949 1443 inter
982 1420 1021 1443 se
1051 1409 1184 1445 innexi

74 1470 168 1505 rami
203 1471 394 1508 vinculum
426 1473 464 1507 in
498 1472 615 1507 vicem
649 1471 856 1521 praebeant‚
891 1473 1034 1522 possit3
1081 1480 1119 1509 et
1151 1474 1183 1510 si

74 1533 221 1570 evulsus
251 1535 351 1572 forte
381 1542 439 1572 est
468 1548 578 1578 unus,
602 1548 672 1571 nec
702 1535 776 1572 loci
806 1536 966 1573 multum
989 1539 1123 1588 aperit,
1145 1545 1185 1575 et

72 1596 186 1634 alium
207 1611 388 1649 reponere
408 1599 585 1650 perfacile
606 1606 673 1636 est.

32 1649 33 1655 ¹
124 1661 194 1698 VI.
223 1663 426 1702 Quinctius
452 1670 605 1713 postero
626 1664 698 1707 die,
719 1663 858 1700 vallum
885 1677 1011 1702 secum
1036 1666 1183 1704 ferente

72 1725 206 1770 milite,
229 1734 270 1762 ut
297 1734 449 1777 paratus
470 1729 574 1763 omni
596 1727 682 1764 loco
703 1729 834 1764 castris
862 1731 1046 1779 ponendis
1067 1737 1179 1774 esset,

71 1801 290 1838 progressus
312 1791 502 1827 modicum
529 1792 614 1834 iter,
635 1804 700 1828 sex
726 1792 842 1828 ferme
871 1793 989 1830 millia
1008 1808 1029 1830 a
1048 1795 1180 1831 Pheris

73 1865 188 1901 quum
208 1854 453 1896 consedisset,
475 1854 722 1904 speculatum,
744 1856 781 1892 in
802 1870 875 1906 qua
894 1864 1001 1908 parte
1016 1846 1181 1896 Thessa-

71 1916 132 1953 liae
151 1917 272 1953 hostis
293 1925 404 1962 esset,
425 1919 561 1967 quidve
580 1927 743 1969 pararet,
765 1922 879 1958 misit.
920 1923 1031 1959 Circa
1049 1923 1181 1960 Laris·

73 1993 152 2017 sam
179 1988 260 2017 erat
285 1995 365 2026 rex,
386 1983 451 2032 qui
470 1984 609 2019 certior
632 1982 715 2033 jam
735 1984 872 2028 facum,
895 1985 1113 2025 Romanum
1132 1988 1179 2025 ab

71 2044 214 2081 Th'ebis
252 2045 392 2082 Pheras
427 2047 602 2090 movisse,
641 2046 795 2096 defungi
829 2051 1105 2099 quamprimum
1143 2058 1180 2089 et
1194 2056 1398 2090 Pheras'mer.

72 2109 152 2158 ipse
172 2111 377 2146 certamine
396 2111 565 2160 cupiens,
586 2111 722 2148 ducere
748 2113 794 2149 ad
816 2114 965 2150 hostem
984 2117 1121 2165 pergit,
1144 2124 1179 2153 et
1192 2104 1388 2177 &sesgfftd'

72 2179 236 2220 quatuor
264 2173 383 2210 millia
410 2174 488 2211 fere
520 2188 542 2211 a
568 2175 699 2212 Pheris
733 2179 860 2226 posuit
892 2186 1028 2216 castra.
1086 2180 1181 2218 Inde
1349 2169 1358 2177 ι

71 2243 225 2286 postero
245 2236 305 2273 die
323 2249 438 2286 quum
465 2239 630 2288 expediti
658 2241 844 2290 utrimque
871 2242 917 2278 ad
938 2246 1180 2294 occupandos

73 2312 184 2349 super
214 2301 343 2338 urbem
373 2302 538 2339 tumulos
569 2306 853 2354 processissent,
875 2309 955 2357 pari
981 2308 1099 2346 ferme
1122 2311 1181 2347 in-

74 2363 230 2400 tervallo
251 2365 297 2401 ab
311 2366 423 2417 jugo,
444 2368 545 2417 quod
569 2370 792 2418 capiendum
818 2378 912 2416 erat,
941 2386 1056 2423 quum
1082 2375 1181 2414 inter

124 2428 223 2466 VoL.
245 2428 320 2469 III.
619 2435 645 2471 S
