1523 2666
293 161 374 218 238
733 175 779 203 T.
803 175 935 204 mvn

97 275 189 307 uc,
207 262 395 308 ⁵&gaiam
422 267 516 305 erat,
543 261 755 312 capiuntur.
812 263 907 299 Haec
928 271 1028 300 terra
1048 265 1215 315 marique
1235 266 1273 303 in
1294 274 1400 316 parte

94 323 134 351 A·
151 321 188 351 C·
206 325 280 352 203·
294 324 429 369 Italiae,
453 337 536 374 quae
551 324 659 376 jacet
686 326 731 362 ad
749 326 881 377 Alpes,
902 334 1021 376 gesta.
1079 329 1224 366 Consul
1251 330 1294 367 C.
1315 331 1401 367 Ser-

291 390 415 433 vilius,
436 390 540 427 nulla
563 390 801 427 memorabili
831 405 871 428 re
897 393 936 428 in
966 394 1161 443 provincia
1182 395 1402 441 Etruriaet

289 454 415 492 Gallia
435 455 632 504 (quonian)
653 467 698 490 eo
715 468 864 504 quoque
882 459 1134 507 processerat)
1153 467 1273 508 gesta,
1293 464 1402 509 patre

288 520 334 557 C.
355 519 513 556 Servilio
534 525 572 555 et
603 519 646 555 C.
666 519 825 555 Lutatio
853 533 898 557 ex
922 523 1102 559 servitute
1124 530 1212 574 post
1232 531 1400 560 sextum-

287 584 475 621 decimum
495 596 637 619 annum
656 585 831 634 receptiS‚
853 586 916 633 qui
943 587 990 622 ad
1013 588 1137 624 vicum
1164 588 1354 625 Tanetum
1378 601 1400 624 a

286 648 395 684 Boiis
429 648 530 698 capti
559 646 724 690 fuerant,
755 648 845 684 hinc
874 656 995 698 patre,
1016 652 1104 687 hinc
1132 652 1271 688 Catulo
1290 652 1400 689 lateri

287 711 544 755 circumdatis,
581 712 730 761 privato
761 714 895 761 magis,
930 728 1043 763 quam
1075 716 1229 765 publico
1263 716 1399 753 decore

287 776 462 826 insignis,
494 776 662 812 Romam
689 777 811 813 rediit.
867 778 1008 814 Latum
1040 780 1086 815 ad
1116 779 1297 830 populum
1328 787 1398 824 est,

286 852 332 876 ne
353 841 391 878 C.
413 842 567 878 Servilio
575 840 711 889 fraudi
730 846 830 882 esset,
851 843 944 890 quod
959 848 1079 890 patre,
1102 845 1162 892 qui
1177 845 1266 880 sella
1286 847 1403 881 curuli

285 907 442 947 sedisset,
463 908 555 948 vivo,
577 918 687 953 quum
712 907 749 941 id
772 907 965 953 ignoraret,
988 909 1147 944 tribanus
1164 909 1275 956 plebis
1294 915 1402 957 atque

286 970 401 1005 ceditis
416 970 528 1018 plebis
536 968 684 1018 fuisset,
705 974 828 1005 contra
849 983 953 1018 quam
975 977 1137 1008 sanctum
1159 973 1291 1020 legibus
1310 979 1401 1012 erat.

286 1031 374 1069 Hac
408 1034 610 1082 rogatione
638 1033 796 1084 perlata,
831 1035 870 1070 in
897 1036 1131 1085 provinciam
1161 1038 1282 1073 rediit.
1339 1038 1401 1075 Ad

287 1097 358 1134 Cn.
379 1097 577 1134 Servilium
599 1098 808 1141 consulem,
830 1100 892 1147 qui
922 1101 960 1135 in
988 1100 1150 1135 Bruttiis
1176 1108 1271 1144 erat,
1296 1101 1400 1138 Con-

286 1162 424 1208 sentia,
447 1162 642 1211 Uffugum,
664 1162 814 1211 Vergae,
846 1164 1020 1207 Besidiae,
1051 1165 1307 1208 Hetriculnm,
1329 1167 1398 1215 Sy-

282 1225 439 1276 pheum,
456 1227 735 1275 Argentanum,
758 1227 984 1278 Clampetia,
1003 1229 1186 1278 multique
1207 1229 1270 1265 alii
1286 1231 1398 1278 igno-

284 1288 380 1326 biles
411 1290 557 1341 populi,
584 1303 778 1327 senescere
808 1291 995 1327 Punicum
1020 1292 1160 1328 bellum
1187 1300 1397 1337 cernentes,

283 1353 467 1391 defecere.
517 1354 621 1390 Idem
643 1354 776 1390 consul
796 1368 881 1391 cum
903 1356 1121 1392 Hannibale
1138 1358 1176 1393 in
1194 1370 1286 1406 agro
1303 1358 1399 1394 Cro-

281 1419 451 1454 toniensi
480 1419 561 1455 acie
584 1419 768 1456 conflixit,
826 1420 1001 1457 (xbscura
1030 1420 1109 1470 ejus
1136 1434 1271 1472 pugnae
1297 1422 1400 1459 fama

284 1488 353 1519 est.
410 1483 583 1519 Valerius
604 1484 740 1520 Antias
764 1485 930 1534 quinque
960 1485 1077 1521 millia
1106 1486 1273 1521 hostium
1301 1500 1396 1522 caesa

284 1547 359 1581 ait:
393 1559 475 1595 quae
502 1553 610 1583 tanta
639 1560 695 1583 res
725 1555 794 1591 est,
818 1555 858 1584 ut
880 1555 945 1584 aut
968 1549 1192 1598 inpudenter
1216 1550 1304 1586 ficta
1333 1552 1395 1594 sit,

283 1616 349 1646 aut
375 1610 612 1660 negligenter
638 1613 900 1662 praetermissa.
957 1613 1066 1648 Nihil
1094 1620 1194 1649 certe
1219 1614 1318 1650 ultra
1344 1615 1398 1651 rei

281 1674 320 1709 in
352 1673 465 1711 Italia
495 1675 542 1712 ab
572 1675 792 1712 Hannibale
822 1684 990 1724 gestum:
1023 1690 1110 1712 nan]
1132 1677 1177 1713 ad
1198 1691 1281 1713 eum
1303 1691 1397 1727 quo-

281 1750 353 1787 que
379 1738 494 1788 legati
525 1739 572 1776 ab
593 1740 848 1789 Karthagine,
870 1748 1049 1776 vocantes
1079 1743 1116 1777 in
1145 1742 1331 1787 Africam,
1350 1743 1395 1778 iis

278 1802 379 1838 forte
398 1802 546 1847 diebus,
568 1804 704 1853 quibus
726 1806 773 1840 ad
791 1805 1015 1854 Blagonem,
1036 1813 1234 1844 venerunt.

80 1864 251 1912 Hanniba·
332 1865 428 1903 XX.
457 1866 651 1905 Frendens
679 1882 923 1919 gemensque,
946 1884 989 1906 ac
1015 1872 1077 1907 vix
1108 1871 1271 1907 lacrimis
1299 1878 1395 1908 tem-

81 1907 265 1982 ifgtissss'ta-
276 1942 427 1980 peram,
448 1932 586 1968 dicitur
609 1933 822 1981 legatorum
843 1935 958 1970 verba
983 1936 1132 1971 audisse
1152 1951 1159 1970 ι
1193 1944 1395 1985 postquam

79 1992 121 2022 lia
132 1993 233 2025 dolor.
276 1994 379 2031 edita
407 2002 496 2032 sunt
526 1997 720 2040 mandata,
743 1998 831 2034 Jam
860 2012 929 2034 non
953 2001 1134 2047 perplexe,
1169 2000 1304 2048 inquit,
1334 2002 1395 2036 sed

269 2059 397 2107 palam
421 2065 602 2103 revocant,
623 2063 696 2109 qui,
723 2064 876 2098 vetando
903 2064 1188 2110 supplementum
1221 2069 1255 2099 et
1283 2076 1393 2113 pecec-

271 2124 372 2159 ηὶαυι
391 2126 503 2168 mitti,
515 2124 739 2174 jampridem
764 2127 1006 2163 retrahebant.
1069 2128 1162 2163 Vicit
1184 2140 1267 2175 ergo
1287 2129 1392 2164 Han-

261 2187 428 2225 *abatem
446 2201 518 2226 non
536 2191 693 2238 populas
714 2191 896 2227 Romanus
917 2194 1019 2227 toties
1038 2204 1142 2227 σφεας
1149 2192 1390 2241 fugatusque,

265 2252 329 2287 sed.
356 2258 500 2289 senatus
523 2254 836 2302 Karthaginiensis
866 2256 1128 2292 obtractatione
1158 2261 1268 2304 atque
1297 2258 1393 2293 invi-

264 2315 325 2352 dia
339 2331 351 2352 .·
378 2327 490 2366 neque
508 2317 575 2354 hac
594 2317 826 2367 deformitate
844 2320 981 2356 reditus
1002 2321 1071 2356 met
1092 2325 1168 2356 tam
1196 2320 1242 2358 P.
1264 2320 1392 2369 Scipio
