1507 2656
359 164 512 194 LIBER
536 158 727 191 xxxnl.
759 158 866 187 cAP.
890 158 959 186 lx.
1129 143 1214 200 389

102 262 293 306 poterant,
314 268 361 291 ne
382 254 451 303 ipsi
477 251 624 302 quidem
646 250 685 285 in
704 254 789 284 tuto
811 246 894 296 jam
914 252 1084 296 receptus
1106 251 1185 281 erat
1201 260 1212 290 3
1229 253 1272 283 U.
1285 251 1320 283 C.
1337 258 1409 283 555.

104 326 272 362 coaetus,
294 319 460 355 noudum
483 316 660 352 adsecuta
689 317 796 362 parte
815 322 986 350 suorum,
1010 307 1218 358 periculum
1228 298 1268 327 A·
1281 296 1319 327 C·
1336 300 1409 330 197.

103 397 257 420 summae
278 396 400 419 rerum
420 381 558 422 facere,
580 378 724 427 equites
752 375 944 422 levemque
974 380 1218 417 armaturam,

104 450 167 497 qui
189 449 226 484 iu
248 447 382 498 proelio
406 446 570 486 fuerant,
592 443 726 479 dextro
754 442 791 475 in
819 451 937 475 cornu
963 438 1076 474 locat.
1135 438 1220 474 Cae-

106 520 224 549 tratos
263 519 301 548 et
335 509 593 547 Macedonum
633 505 876 557 phalangem,
914 503 1032 539 hastis
1070 502 1219 551 positis,

104 589 261 625 quarum
282 575 481 625 longitudo
503 574 760 624 inpedimento
781 579 875 613 erat,
896 570 1030 619 gladiis
1051 582 1130 606 rem
1157 582 1222 619 ge·

104 654 185 677 rere
213 640 348 690 jubet:
393 640 516 683 simul,
547 652 596 676 ue
631 638 742 675 facile
772 641 1075 687 perrumperetur
1107 635 1222 677 acies,

107 705 301 741 dimidium
322 705 366 740 de
382 704 508 740 fronte
529 704 694 740 demtum
715 703 899 738 introrsus
919 699 1101 749 porrectis
1122 698 1223 735 ordi-

107 769 217 806 nibus
253 768 433 819 duplicat,
465 774 507 804 ut
536 768 651 816 longa
679 767 822 816 potiuS,
856 777 969 814 quam
1002 763 1093 807 lata,
1125 764 1224 799 acies

109 839 232 869 esset:
266 832 377 868 simul
406 838 443 868 et
473 832 618 868 densari
651 830 800 866 ordines
824 828 954 879 jussit,
978 834 1018 864 ut
1044 828 1099 864 vir
1128 828 1224 871 viro,

109 909 212 932 arma
233 898 344 932 armis
359 895 625 945 jungerentur.

163 961 237 997 IX.
267 962 484 1002 Quinctius,
512 960 585 1002 his,
617 960 679 1008 qui
708 960 746 994 in
776 957 912 1008 proelio
940 957 1105 999 fuerant,
1126 956 1226 992 inter

109 1025 220 1073 signa
246 1031 284 1060 et
309 1024 459 1060 ordines
483 1024 662 1073 acceptis,
683 1023 777 1058 tuba
807 1022 871 1057 dat
899 1022 1062 1068 signum.
1118 1019 1226 1056 Raro

111 1089 202 1125 alias
223 1093 351 1124 tantus
372 1087 515 1123 clamor
534 1087 671 1123 dicitur
690 1086 729 1121 iu
750 1085 937 1135 principio
958 1096 1095 1134 pugnae
1115 1096 1227 1119 exor-

110 1160 170 1189 tus
190 1182 197 1189 .
225 1165 310 1188 nam
332 1151 432 1187 forte
455 1157 614 1200 utraque
644 1152 742 1187 acies
773 1149 883 1186 simul
913 1149 1196 1186 conclamavere
1217 1163 1224 1184 :

110 1231 180 1255 nec
197 1217 319 1254 solum
336 1218 399 1267 qui
419 1217 656 1267 pugnabant,
674 1216 739 1252 sed
759 1215 925 1251 subsidia
945 1216 1073 1258 etiam,
1091 1215 1231 1264 quique

112 1289 194 1318 tum
214 1283 377 1318 maxime
396 1282 435 1317 in
464 1280 640 1331 proelium
659 1279 875 1316 veniebant.
931 1278 1080 1315 Dextro
1111 1290 1230 1315 cornu

114 1359 194 1389 rex,
215 1347 288 1383 loci
308 1347 509 1396 plurimum
530 1346 686 1389 auxilio,
707 1359 753 1381 ex
776 1344 882 1394 jugis
908 1343 1106 1380 altioribus
1134 1355 1231 1394 pug-

114 1423 224 1454 nanS,
254 1410 453 1447 vincebat:
487 1411 655 1452 sinistro,
683 1415 764 1444 tum
788 1421 873 1444 cum
903 1409 1065 1444 maxime
1094 1408 1231 1457 adpro-

3 1481 5 1507 ἱ
114 1476 322 1524 pinquante
353 1474 551 1524 phalangis
578 1480 698 1523 parte,
727 1485 808 1521 quae
839 1472 1036 1508 novissimi
1069 1471 1231 1520 agminis

111 1537 252 1580 fuerat,
273 1539 353 1574 sine
381 1538 457 1573 ullo
478 1538 609 1574 ordine
629 1536 890 1586 trepidabatur
957 1535 1089 1571 Media
1118 1535 1231 1577 acies,

113 1615 196 1651 quae
217 1603 372 1652 propior
399 1602 573 1637 dextrum
600 1613 718 1636 cornu
744 1606 838 1642 erat,
861 1599 987 1635 stabat
1015 1598 1233 1649 spectaculo

114 1667 218 1703 velut
246 1668 342 1703 nihil
370 1668 414 1703 ad
445 1680 484 1702 se
513 1666 736 1716 pertinentis
766 1678 902 1715 pugnae
933 1666 1105 1700 intenta:
1139 1665 1233 1713 pha-

117 1731 222 1774 lanx,
243 1744 326 1780 quae
346 1738 515 1774 venerat,
538 1742 673 1778 agmen
702 1730 838 1776 magiS‚
859 1741 970 1776 quam
1001 1729 1114 1770 acies,
1135 1727 1235 1777 apti-

118 1808 235 1844 orque
264 1797 404 1838 itineri,
435 1808 547 1844 quam
574 1807 726 1846 pugnae,
746 1792 900 1828 vixdum
924 1793 962 1827 in
985 1790 1123 1841 jugum
1149 1803 1236 1827 eva-

118 1866 230 1896 serat.
287 1860 333 1895 In
360 1860 429 1895 hos
461 1860 735 1908 incompositos
766 1858 985 1899 Quinctius,
1010 1848 1237 1905 quamquam

115 1923 249 1973 pedem
269 1923 474 1959 referentes
495 1924 533 1959 in
554 1923 688 1958 dextro
707 1934 826 1957 cornu
846 1933 932 1956 suos
954 1920 1147 1963 cernebat,
1162 1920 1238 1956 ele-

116 1988 269 2037 phantis
296 1988 398 2038 prius
419 1989 458 2023 in
477 1988 630 2023 hostem
654 1987 763 2028 actis,
786 1987 956 2035 inpetum
983 1985 1101 2030 facit3
1134 1990 1237 2020 ratus

117 2057 261 2102 partem
276 2052 514 2102 profligatam
530 2058 655 2086 cetera
669 2057 887 2086 tracturam.
930 2049 1022 2085 Non
1044 2049 1158 2085 dubia
1178 2062 1235 2085 res
1253 2062 1398 2094 vincum

116 2115 209 2151 fuit:
229 2115 419 2164 extemplo
432 2121 538 2163 terga
547 2122 691 2150 vertere
700 2113 948 2154 lllacedones2
959 2120 1101 2148 terrore
1115 2114 1238 2163 primo
1253 2106 1403 2138 Romani·

118 2178 323 2214 bestiarum
345 2179 484 2214 aversi:
508 2186 544 2215 et
566 2179 680 2214 ceteri
698 2178 848 2226 quidem
869 2177 937 2213 hos
959 2177 1087 2227 pulsos
1106 2190 1238 2227 seque-

119 2243 281 2279 bantur:
323 2256 417 2278 unus
449 2255 469 2278 e
501 2243 660 2279 tribunis
691 2243 868 2284 militum,
903 2241 1094 2291 extemplo
1125 2248 1237 2292 capto

120 2306 294 2351 consilio,
315 2320 400 2344 cum
429 2309 563 2357 viginti
592 2308 787 2355 signorum
816 2306 1014 2350 militibus,
1036 2305 1167 2344 relicta
1193 2319 1238 2344 ca

667 2371 691 2407 S
710 2373 734 2407 3
