1507 2656
297 184 450 212 LIBER
474 183 641 211 xxv11.
674 182 780 210 CAP.
803 181 983 212 XXXIV.
1134 175 1188 223 55

84 271 139 307 M.
153 271 281 307 Livius
310 279 403 315 erat,
424 272 551 308 multis
572 278 660 308 ante
689 271 797 307 annis
824 283 871 306 ex
891 270 1090 307 consulatu
1120 284 1188 321 po-
1201 283 1244 314 U,
1258 282 1295 312 c.
1311 288 1384 314 5⁴4.

82 335 160 384 puli
183 336 330 385 judicio
352 337 573 372 damnatus:
604 348 715 384 quam
743 335 993 384 ignominiam
1019 335 1113 372 adeo
1139 349 1188 372 ae-
1202 326 1378 359 A·C·2⁰⁸·

84 411 149 447 gre
174 400 326 443 tulerat,
349 407 388 436 ut
412 407 449 436 ct
472 413 533 435 rus
555 400 747 448 migraret,
768 406 806 436 et
825 412 891 449 per
910 399 1048 436 multos
1070 413 1189 437 annos

85 470 123 497 et
149 463 239 499 urbe
273 470 310 499 et
343 464 447 499 omni
486 470 587 499 coetu
626 469 770 499 careret
802 463 1022 500 hominum:
1056 470 1192 500 octavo

84 525 201 562 ferme
221 534 307 576 post
327 527 610 563 damnationem
635 539 735 562 anno
754 526 811 563 ΪΜ.
830 526 1008 563 Claudius
1027 526 1194 564 lilarcel-

84 589 140 625 lus
161 597 199 626 et
216 590 272 626 M.
286 591 457 627 Valerius
477 590 655 627 Laevinus
673 590 845 626 consules
864 591 1092 627 reduxerant
1107 604 1194 628 eum

83 654 123 689 in
161 653 313 690 urbem:
347 643 411 690 sed
444 662 525 690 erat
557 660 660 690 veste
690 654 877 697 obsoleta,
907 654 1119 705 capilloque
1156 662 1194 692 et

83 716 202 753 barba
220 719 417 767 promissa,
439 717 639 767 praeferens
660 718 700 753 in
720 717 825 753 vultu
848 718 1056 768 habituque
1075 720 1194 768 insig-

82 793 169 817 nem
188 783 408 818 memoriam
427 782 646 830 ignominiae
666 789 842 832 acceptae.
898 782 945 819 L.
959 783 1136 820 Veturius
1157 789 1197 820 et

83 844 127 882 P.
142 843 313 881 Licinius
344 858 515 882 censores
537 859 622 882 eum
651 846 815 889 tonderi,
836 852 874 883 et
899 847 1111 896 squalorem
1132 847 1197 884 de-

84 923 240 963 ponere,
262 916 300 946 et
318 912 358 946 in
378 917 550 947 senatum
569 911 711 955 venire,
728 911 911 961 fungique
931 912 1014 949 aliis
1034 912 1196 963 publicis

85 974 302 1011 muneribus
333 979 562 1023 coegerunt:
596 975 660 1011 sed
690 982 771 1012 tum
801 989 952 1026 quoque
984 983 1051 1012 aut
1079 976 1197 1013 verbo

86 1039 384 1083 adsentiebatur,
411 1045 477 1075 aut
506 1039 663 1090 pedibus
691 1040 730 1076 in
761 1041 989 1077 sententiam
1014 1040 1110 1085 ibat,
1131 1041 1199 1077 do-

85 1115 156 1140 nec
184 1104 340 1152 cognati
368 1103 533 1139 hominis
563 1116 648 1140 eum
677 1116 811 1140 caussa
837 1103 1008 1141 M.Livii
1036 1104 1198 1148 Macati,

86 1179 203 1216 quum
221 1167 324 1203 fama
348 1166 428 1217 ejus
455 1173 642 1215 ageretur,
665 1173 827 1203 stantem
848 1169 975 1217 coegit
995 1169 1033 1204 in
1064 1175 1202 1205 senatu

88 1232 315 1268 sententiam
335 1232 468 1269 dicere.
515 1231 614 1268 Tum
636 1244 683 1267 ex
702 1237 811 1267 tanto
827 1231 1027 1268 intervallo
1048 1232 1198 1268 auditus

86 1298 276 1334 convertit
294 1310 361 1334 ora
382 1297 581 1333 hominum
600 1297 639 1332 in
666 1309 718 1340 se,
741 1310 986 1347 caussamque
1013 1299 1198 1335 sermoni-

85 1360 156 1397 bus
176 1361 350 1412 praebuit,
371 1363 517 1409 indigno
534 1360 705 1407 injuriam
725 1375 747 1398 α
760 1364 897 1411 populo
912 1362 1074 1411 factam,
1095 1376 1198 1411 mag-

84 1438 198 1475 noque
216 1427 255 1462 z'd
273 1428 402 1462 damno
409 1425 541 1474 fuisse,
563 1427 658 1474 quod
678 1431 752 1462 tam
764 1428 868 1473 gravi
886 1427 976 1463 bello
995 1440 1058 1463 nec
1073 1440 1196 1475 opera,

83 1502 146 1526 nec
168 1491 311 1526 consilio
337 1491 421 1526 talis
446 1492 516 1526 viri
544 1503 606 1526 usa
634 1492 833 1538 respublica
860 1497 957 1528 esset.
1004 1493 1042 1528 C.
1059 1493 1198 1529 Neroni

83 1566 196 1603 neque
227 1555 270 1596 Q.
284 1555 444 1598 Fabium,
483 1567 592 1603 neque
615 1555 668 1591 M.
691 1556 871 1591 Valerium
901 1557 1087 1593 Loevinum
1116 1559 1198 1594 dari

86 1619 240 1666 collegas
262 1631 376 1666 posse,
399 1620 484 1666 qula.
503 1620 590 1654 duos
617 1621 791 1666 patricios
820 1622 934 1655 creari
953 1633 1022 1655 non
1049 1622 1197 1657 liceret:

86 1684 245 1719 eamdem
264 1694 423 1717 caussam
450 1685 486 1717 in
512 1683 551 1718 T.
573 1683 713 1718 Manlio
743 1696 825 1726 esse,
843 1689 1084 1732 praeterquam
1103 1686 1199 1733 quod

84 1752 278 1783 recusasset
306 1748 466 1783 delatum
501 1749 738 1791 consulatum,
776 1754 1069 1797 recusaturusque
1100 1755 1198 1786 esset.

87 1812 285 1859 Egregium
300 1824 372 1859 par
390 1812 571 1847 consulum
580 1812 681 1860 sore,
701 1814 731 1848 εἰ
751 1814 805 1849 M.
819 1813 965 1849 Livium
987 1814 1024 1850 C.
1045 1814 1198 1850 Claudio

86 1877 255 1923 collegam
277 1875 529 1922 adjunxissent.
586 1876 669 1912 Nec
689 1877 849 1926 populus
866 1879 1099 1914 mentionem
1115 1877 1195 1928 ejus

86 1940 139 1976 rei
159 1946 282 1976 ortam
311 1953 332 1976 a
354 1940 531 1976 Patribus
566 1948 622 1976 est
656 1941 914 1991 adspernatus.
974 1943 1082 1979 Unus
1113 1955 1197 1979 eam

86 2016 164 2040 rem
183 2005 221 2039 in
249 2005 400 2040 civitate
420 2005 464 2048 is,
486 2006 546 2040 cui
566 2005 804 2041 deferebatur
829 2007 967 2049 honos,
989 2006 1196 2050 abnuebat,

84 2067 276 2104 levitatem
305 2069 466 2105 civitatis
497 2082 689 2106 accusans.
737 2071 927 2107 Sorclz'clati
949 2073 1000 2107 rei
1028 2083 1098 2107 non
1127 2074 1196 2107 mi-

85 2133 219 2174 seritos,
239 2134 429 2168 candidam
449 2138 568 2181 togam
588 2136 698 2170 invito
717 2135 856 2183 olgferre
869 2152 881 2172 .·
909 2137 1029 2171 eodem
1049 2136 1198 2171 honores

84 2207 272 2243 poenasque
291 2200 440 2244 congeri.
488 2198 530 2233 Si
548 2198 673 2234 bonum
698 2200 812 2235 virum
834 2200 1015 2241 ducere-nt,
1037 2201 1124 2247 quid
1145 2201 1197 2235 ita

83 2271 152 2305 pro
170 2261 265 2296 malo
294 2273 336 2296 ac
364 2263 470 2298 noxio
490 2263 750 2299 damnassent.9
777 2266 808 2299 si
834 2266 978 2299 noxium
1008 2266 1196 2312 comperis-

86 2327 174 2365 s‘ent,
196 2325 282 2372 quid
312 2326 376 2370 ita,
398 2328 492 2363 male
511 2328 646 2362 credito
671 2329 794 2375 priore
822 2329 1022 2370 consulatu,
1043 2328 1199 2364 alterum
