1507 2656
190 161 218 186 Q

273 211 430 243 LIBER
454 210 646 241 xxvlll.
679 208 786 240 CAP.
809 208 993 241 xxxlv.
1114 210 1190 254 131

76 302 237 340 consilio
256 301 395 353 adjecit
413 300 582 338 animum
601 315 608 336 :
642 300 806 349 equitem
827 311 897 337 nec
916 311 957 335 se
985 311 1097 350 posse
1116 300 1189 336 cir·
1204 308 1244 340 U.
1258 307 1294 339 C.
1313 310 1387 341 5⁴6.

75 368 252 404 cumdare
273 365 450 403 cornibus
480 365 520 401 in
540 371 618 400 tam
647 370 811 413 angusto
832 364 979 414 spatio,
1013 371 1050 401 et
1069 365 1188 408 hosti,
1204 353 1241 384 A·
1256 353 1294 384 C·
1310 357 1386 387 2⁰⁶·

74 444 186 481 quem
207 444 290 467 cum
317 429 443 480 pedite
470 429 673 471 eduxisset,
701 428 874 464 inutilem
902 428 996 466 fore.
1054 428 1191 478 Itaque

73 496 235 546 imperat
262 494 398 537 Laelio,
420 500 463 529 ut
490 506 557 543 per
577 492 691 529 colles
715 505 827 541 quam
848 492 1106 529 occultissimo
1126 493 1190 528 iti-

71 571 162 596 nere
203 559 460 595 circumducat
506 558 665 606 equites,
705 564 967 607 segregetque,
1006 564 1191 606 quantum

71 623 207 675 possit,
228 628 439 672 equestrem
466 635 488 657 a
514 622 680 671 pedestri
710 634 889 672 pugnam.
946 622 1034 673 Ipse
1060 623 1191 660 omnia

72 688 181 737 signa
199 688 366 739 peditum
386 688 426 723 in
445 687 574 722 hostes
595 687 732 724 vertit:
766 693 929 736 quatuor
949 687 1124 723 cohortes
1146 687 1188 724 in

71 751 199 789 fronte
218 753 366 796 statuit,
387 751 476 801 quia
495 751 608 787 latius
636 750 801 801 pandere
827 752 946 787 aciem
972 764 1051 787 non
1077 757 1188 802 pote-

71 823 142 853 rat.
198 816 352 853 Moram
384 816 578 866 pugnandi
608 815 751 852 nullam
781 815 885 859 fecit,
919 822 960 851 ut
992 817 1076 866 ipso
1106 828 1188 852 cer-

70 881 214 917 tamine
251 887 437 917 averteret
474 881 522 916 ab
560 887 769 930 conspectu
805 881 1083 916 transeuntium
1119 892 1188 931 per

71 943 186 981 colles
217 945 409 993 equitum:
442 957 565 993 neque
595 950 684 979 ante
715 944 991 980 circumductos
1021 956 1185 988 sensere,

70 1021 182 1058 quam
201 1007 407 1045 tumultum
427 1009 608 1057 equestris
628 1021 766 1058 pugnae
794 1008 841 1044 ab
863 1014 970 1057 tergo
994 1021 1186 1059 accepere.

70 1073 131 1109 Ita
149 1073 224 1109 duo
243 1072 379 1123 proelia
398 1080 524 1109 erant:
556 1073 637 1109 duae
658 1073 827 1122 peditum
847 1073 961 1116 acies,
983 1073 1058 1109 duo
1078 1074 1186 1122 equi-

69 1143 170 1173 tatus
201 1150 267 1187 per
295 1137 570 1186 longitudinem
593 1138 714 1189 campi
739 1139 845 1187 (quia
863 1138 1014 1174 misceri
1041 1150 1087 1174 ex
1117 1150 1184 1186 ge-

68 1213 158 1243 nere
191 1209 351 1251 utroque
386 1201 563 1252 proelium
595 1202 781 1250 angustiae
812 1214 888 1237 non
918 1201 1179 1252 patiebantur)

67 1266 302 1315 pugnabant.
358 1266 619 1316 Hispanorum
641 1278 756 1314 quum
777 1278 898 1315 neque
918 1266 1030 1316 pedes
1047 1267 1180 1315 equiti,

67 1343 137 1366 nec
157 1343 269 1378 eques
298 1331 416 1380 pediti
445 1330 586 1366 auxilio
607 1336 718 1372 esset,
750 1330 862 1380 pedes
889 1330 1026 1366 fiducia
1045 1331 1180 1379 equitis

67 1401 208 1430 temere
238 1396 459 1430 commissus
489 1407 624 1444 campo
645 1395 864 1438 caederetur,
887 1408 1000 1444 eques
1021 1396 1181 1431 circum-

66 1465 199 1495 ventus
219 1471 289 1494 nec
308 1460 471 1508 peditem
500 1473 522 1495 a
541 1458 685 1501 fronte,
711 1458 806 1508 (jam
828 1460 928 1495 enim
958 1466 1085 1495 stratae
1113 1472 1179 1510 pe-

65 1523 206 1559 destres
228 1525 346 1573 copiae
367 1526 491 1570 erant)
524 1536 594 1560 nec
625 1523 670 1559 ab
692 1531 801 1572 tergo
822 1525 987 1572 equitem
1017 1525 1180 1560 sustine-

66 1594 137 1631 ret,
158 1595 196 1624 et
215 1589 301 1639 ipsi,
323 1601 436 1638 quum
459 1589 521 1624 diu
546 1589 583 1624 in
604 1588 736 1624 orbem
766 1601 846 1624 sese
866 1588 1054 1625 stantibus
1074 1590 1179 1638 equis

64 1652 335 1696 defendissent,
356 1653 403 1689 ad
428 1665 544 1688 unum
564 1665 694 1689 omnes
716 1654 802 1689 caesi
832 1662 945 1689 sunt:
978 1666 1047 1689 nec
1076 1655 1180 1702 quis-

65 1730 178 1768 quam
210 1718 379 1767 peditum
410 1719 653 1767 equitumque
687 1718 886 1768 superfuit,
921 1718 984 1767 qui
1014 1719 1053 1754 in
1084 1718 1179 1755 valle

65 1789 342 1831 pugnaverunt.
397 1782 529 1818 Tertia
547 1795 648 1832 parS,
671 1795 752 1831 quae
779 1783 817 1818 in
839 1782 934 1818 colle
964 1783 1010 1818 ad
1030 1789 1177 1833 specta-

64 1845 190 1881 culum
210 1846 326 1894 magis
347 1850 486 1888 tutum,
508 1858 620 1894 quam
649 1846 694 1882 ad
715 1852 861 1896 partem
891 1859 1026 1896 pugnae
1048 1859 1177 1896 capes-

64 1909 232 1953 sendam,
253 1916 423 1952 steterat,
446 1916 483 1946 et
502 1909 628 1946 locum
649 1916 687 1946 et
713 1917 861 1960 tempus
891 1910 937 1946 ad
957 1910 1178 1958 fugiendum

64 1973 220 2010 habuit:
264 1974 362 2009 inter
395 1986 458 2009 eos
490 1980 528 2009 et
560 1973 680 2022 reguli
714 1974 785 2023 ipsi
818 1973 1020 2022 fugerunt,
1053 1975 1176 2024 prius-

65 2051 178 2088 quam
209 2045 294 2075 tota
327 2039 662 2075 circumveniretur
696 2040 810 2081 acies,
837 2039 937 2075 inter
969 2039 1176 2077 tumultum

61 2103 190 2153 elapsi.

116 2166 311 2204 XXXIV.
342 2168 478 2204 Castra
498 2168 629 2204 eodem
654 2166 713 2203 die
743 2166 1018 2216 Hispanorum,
1040 2174 1176 2217 praeter

63 2232 245 2281 reliquam
265 2233 442 2282 praedam,
464 2245 549 2268 curn
568 2231 688 2268 tribus
709 2231 827 2267 ferme
853 2230 1018 2267 millibus
1048 2231 1173 2268 homi-

63 2309 154 2334 num
174 2298 385 2347 capiuntur.
442 2297 610 2333 Romani
631 2297 800 2345 sociique
831 2296 877 2332 ad
899 2295 1001 2333 mille
1021 2297 1174 2334 ducenti

62 2373 108 2398 eo
127 2360 264 2412 proelio
284 2362 523 2399 ceciderunt:
556 2360 752 2397 vulnerata
781 2359 940 2412 amplius
963 2361 1036 2398 tria
1054 2361 1173 2400 millia

578 2424 656 2463 G6
