1523 2666
148 273 240 304 U.C.
258 281 329 305 555.

146 318 173 348 Α
202 317 238 348 C.
301 324 315 353 7

340 169 425 225 384
800 180 844 209 T.
870 181 1003 211 mvn

343 271 489 307 animos
511 269 718 314 terrebant,
735 271 948 322 quibusque
967 273 1062 323 erigi
1089 274 1136 310 ad
1162 274 1326 325 aliquam
1354 289 1457 329 spem

259 324 296 350 ²9
322 341 330 349 '
342 342 536 387 poterant,
557 336 673 372 venit.

143 855 316 895 Copiarum

142 907 305 938 utrimque

145 951 313 973 numerus.

125 2282 259 2312 Vanum

124 2325 278 2356 Macedo-

119 2380 137 2399 κ
146 2379 162 2399 u
170 2379 199 2399 in
206 2392 212 2400 .

394 400 463 437 IV.
492 401 672 451 Acceptae
692 400 738 437 ad
758 402 885 438 Aoum
911 402 1050 439 flumen
1075 403 1114 439 in
1134 405 1319 453 augustiis
1344 405 1456 448 cladi,

338 467 471 503 territa
490 465 747 502 Macedonum
774 466 977 516 phalange,
999 468 1046 503 ad
1065 468 1246 505 Atracem
1269 469 1306 505 vi
1325 469 1453 520 pulso·

336 530 535 567 Romanos
556 530 799 581 obponebat:
832 537 867 567 et
886 534 961 568 illic
982 538 1113 576 tamen,
1131 535 1188 570 ubi
1204 537 1350 571 insessas
1358 535 1455 584 fau-

338 608 393 632 ces
413 596 521 644 Epiri
539 608 609 631 non
629 597 831 638 tenuissent,
849 598 1009 644 primam
1028 600 1173 647 culpam
1181 599 1302 647 fuisse
1319 612 1455 643 eorum,

338 662 398 709 qui
418 662 636 708 negligenter
655 662 832 697 custodias
849 667 1067 698 servassent:
1099 665 1304 707 secundam,
1326 666 1362 700 in
1382 667 1458 713 ipso

338 728 530 762 certamine
558 727 642 761 levis
667 731 863 762 armaturas
890 730 1261 776 mercenariorumque
1288 730 1455 766 militum.

339 791 582 827 Macedonum
609 802 690 826 vero
716 790 938 838 phalangem
966 796 1002 826 et
1031 797 1114 827 tunc
1140 794 1288 835 stetisse,
1315 797 1351 829 et
1379 794 1457 829 loco

339 854 621 904 aequojustaque
637 868 763 904 pugna
781 868 918 903 semper
937 868 1144 892 mansuram
1162 858 1346 893 invictam.
1374 856 1455 893 De-

339 934 421 957 cem
452 926 489 956 et
518 932 584 956 sex
613 919 732 956 millia
762 919 924 955 militum
953 920 1034 956 haec
1059 920 1178 964 fuere,
1199 921 1317 957 robur
1341 934 1455 958 omno

337 986 474 1021 virium
498 990 535 1020 et
568 984 689 1033 regni.
746 984 806 1020 Ad
838 984 912 1020 hoc
945 984 1019 1020 duo
1050 984 1167 1021 millia
1196 992 1452 1029 caetratorum,

338 1063 432 1100 quos
458 1049 639 1100 peltastas
662 1048 869 1098 adpellant,
890 1049 1157 1098 Thracumque
1177 1057 1215 1086 et
1234 1049 1452 1099 Illyriorum

339 1113 494 1163 (Trallis
525 1126 664 1149 nomen
695 1118 751 1148 est
779 1113 902 1161 genti)
934 1125 1002 1162 par
1027 1126 1205 1149 numerus
1224 1113 1317 1150 bina
1334 1113 1452 1151 millia

335 1184 458 1222 erant,
481 1184 518 1214 et
538 1178 646 1214 mixti
678 1190 724 1214 ex
755 1177 925 1227 pluribus
956 1178 1132 1227 gentibus
1163 1178 1334 1215 mercede
1360 1191 1452 1215 con·

336 1244 439 1280 ducti
467 1242 667 1279 auxiliares
693 1242 797 1278 mille
816 1241 948 1286 ferme,
971 1249 1008 1278 et
1027 1243 1102 1278 duo
1125 1242 1244 1279 millia
1269 1243 1451 1291 equitum.

336 1308 433 1344 Cum
459 1308 505 1343 iis
526 1307 644 1357 copiis
665 1319 729 1342 rex
756 1306 906 1342 hostem
926 1307 1206 1356 obperiebatur.
1262 1305 1449 1343 Romanis

334 1372 453 1409 ferme
488 1385 555 1422 par
583 1383 760 1407 numerus
791 1377 894 1417 erat3
932 1372 1101 1421 equitum
1130 1371 1250 1422 copiis
1283 1377 1447 1415 tantum,

332 1438 436 1487 quod
456 1436 579 1474 AEtoli
601 1443 852 1480 accesserant,
873 1437 1116 1487 superabant.

386 1502 433 1539 V.
467 1502 673 1539 Quinctius
694 1501 740 1537 ad
760 1500 913 1538 Thebas
934 1502 1174 1538 Phthioticas
1191 1507 1314 1538 castra
1334 1514 1448 1550 quum

331 1567 526 1609 movisset,
550 1578 654 1615 spem
673 1572 807 1601 nactus
828 1578 894 1615 per
909 1566 1109 1602 Timonem
1127 1566 1336 1615 principem
1355 1565 1447 1600 civi-

332 1632 421 1667 tatis
442 1630 552 1681 prodi
574 1629 718 1672 urbem,
741 1642 825 1664 cum
852 1630 980 1679 paucis
1009 1631 1178 1679 equitum
1202 1629 1367 1678 levisque
1387 1642 1446 1665 ar-

333 1702 489 1732 maturae
511 1694 558 1730 ad
577 1706 704 1730 muros
721 1694 914 1731 successit.
971 1694 1031 1730 Ibi
1052 1695 1146 1731 adeo
1166 1694 1347 1730 frustrata
1362 1706 1446 1744 spes

331 1766 402 1803 est,
424 1766 465 1795 ut
491 1772 568 1795 non
596 1765 787 1795 certamen
815 1760 928 1795 modo
953 1773 1037 1795 cum
1061 1758 1359 1808 erumpentibuS,
1381 1758 1446 1794 sed

330 1823 539 1873 periculum
565 1835 717 1871 quoque
747 1830 858 1859 atrox
892 1823 1058 1859 subiret:
1095 1824 1134 1858 ni
1165 1823 1296 1858 castris
1331 1823 1445 1858 exciti

331 1894 484 1937 repente
510 1886 654 1936 pedites
676 1887 896 1935 equitesque
916 1888 953 1922 in
975 1895 1147 1937 tempore
1168 1886 1442 1922 subvenissent.

327 1952 381 1988 Et
401 1958 602 2002 postquam
621 1952 716 1987 nihil
734 1960 927 2001 conceptae
943 1959 1085 1988 temere
1105 1952 1183 2002 spei
1202 1950 1443 1994 succedebat,

328 2016 430 2052 urbis
452 2015 602 2064 quidem
623 2015 783 2065 amplius
804 2016 996 2051 tentandae
1017 2016 1056 2051 in
1077 2017 1281 2065 praesentia
1300 2021 1442 2052 conatu

325 2079 496 2116 absistit:
529 2086 696 2114 ceterum
716 2079 806 2114 satis
828 2091 983 2127 gnarus,
1002 2077 1084 2128 jam
1104 2081 1143 2115 in
1164 2079 1363 2116 Thessalia
1381 2091 1442 2115 re·

324 2157 408 2193 gem
430 2156 524 2186 esse,
546 2144 714 2179 nondum
730 2152 949 2193 comperto,
970 2157 1082 2192 quam
1103 2145 1140 2179 in
1162 2144 1357 2194 regionem
1377 2156 1439 2179 ve-

322 2209 454 2250 nisset,
477 2207 614 2243 milites
647 2220 712 2256 per
738 2221 849 2256 agros
881 2208 1053 2244 dimissos
1079 2207 1218 2244 vallum
1240 2207 1383 2243 caedere
1401 2212 1441 2244 et

321 2285 454 2323 parare
468 2272 593 2322 jubet.
623 2272 734 2308 Vallo
751 2281 789 2308 et
806 2272 1040 2309 Macedones
1059 2280 1095 2309 et
1112 2273 1236 2309 Graeci
1253 2274 1308 2309 usi
1325 2278 1433 2316 sunt;

321 2337 384 2374 sed
406 2349 512 2374 usum
534 2349 603 2373 nec
623 2337 669 2373 ad
690 2337 1001 2374 commoditatem
1028 2336 1187 2381 ferendi,
1209 2349 1278 2373 nec
1306 2336 1350 2373 ad
1376 2336 1434 2389 ip-

1520 724 1523 739 ¹
