1507 2656
271 185 425 215 LIBER
450 181 630 211 xxxxv.
664 181 769 209 CAr.
793 178 910 207 xnv.
1061 164 1141 216 481

44 278 194 314 natoria
212 280 449 313 secernerent
466 287 488 309 a
505 270 646 323 populo
662 285 669 306 :
693 281 781 305 nam
797 275 909 304 antea
928 267 965 302 in
986 265 1145 316 promis·
1159 265 1248 340 ἕξ
1267 273 1337 341 ΞΣ.

43 354 116 377 cuo
135 341 368 392 spectabant.
401 336 603 387 Equitibus
624 345 774 383 quoque
794 332 990 381 perpaucis
1010 330 1145 366 ademti
1161 367 1244 397 Loca
1259 376 1351 397 sena-

43 405 144 454 equi‚
164 418 233 442 nec
263 405 300 439 in
332 402 448 438 ullum
473 400 642 436 ordinem
668 397 850 433 saevitum.
910 395 1060 430 Atrium
1080 393 1146 429 Li·
1160 411 1239 439 toria
1254 411 1288 440 in
1304 409 1354 440 lu-

43 468 199 505 bertatis
219 474 258 504 et
282 466 383 502 Villa
409 463 561 515 publica
590 462 636 498 ab
665 461 805 497 eisdem
829 457 971 495 refecta
989 456 1148 506 amplifi·
1161 453 1219 483 dis.

42 539 212 582 cataque.
269 530 345 567 Ver
363 541 511 567 sacrum
536 527 687 575 ludique
716 524 847 566 votivi,
875 535 968 571 quos
994 527 1149 558 voverat

44 597 123 632 Ser.
150 595 336 646 Sulpicius
360 592 484 629 Galba
511 589 656 632 consul,
687 587 790 625 facti.
847 587 974 626 Quum
1003 591 1148 634 specta-

43 659 129 696 culo
149 672 278 696 eorum
301 657 474 707 occupati
503 654 619 692 animi
639 653 808 689 omnium
829 656 967 693 essent,
998 649 1047 688 Q.
1064 648 1148 684 Ple·
1163 651 1336 682 Pleminius

44 724 197 766 minius,
218 723 281 771 qui
303 727 457 772 propter
476 717 595 755 multa
614 718 653 752 in
678 716 782 752 Deos
803 714 1051 762 hominesque
1070 725 1150 748 sce·
1163 702 1306 725 meatu*

46 787 136 831 lera,
157 787 290 824 Locris
317 785 492 827 admissa,
513 783 553 818 in
580 792 767 817 carcerem
793 777 987 828 conjectus
1012 776 1148 818 fuerat,

31 856 331 902 *comparaverat
348 849 536 889 homines,
557 846 621 895 qui
647 843 815 895 pluribus
843 842 954 878 simul
976 842 1068 878 locis
1090 853 1150 876 ur-

50 915 108 952 bis
128 921 242 951 nocte
262 913 434 950 incendia
452 911 639 954 facereut;
672 914 714 944 ut
733 908 771 943 in
791 912 1036 942 consternata
1060 917 1152 941 noc-

46 985 160 1015 turno
189 977 353 1013 tumultu
379 976 531 1011 civitate
560 972 717 1020 refringi
747 983 874 1006 carcer
899 975 1038 1020 posset.
1094 968 1154 1005 Ea

30 1056 106 1079 res
139 1043 280 1079 indicio
306 1040 545 1077 consciorum
571 1036 694 1087 palam
727 1035 842 1078 facta,
878 1034 1075 1082 delataque
1105 1033 1152 1069 ad

44 1113 218 1144 senatum
237 1112 305 1142 est.
343 1103 550 1141 Pleminius
571 1102 611 1137 in
630 1100 849 1136 inferiorem
869 1099 1049 1135 demissus
1071 1109 1150 1134 car-

46 1184 170 1208 cerem
188 1177 259 1213 est,
281 1175 522 1219 necatusque.

99 1234 225 1271 XLV.
255 1233 426 1270 Coloniae
451 1234 589 1270 civium
613 1231 877 1268 Romanorum
899 1243 944 1267 eo
965 1243 1065 1266 anuo
1089 1230 1152 1266 de·
1166 1241 1309 1272 (5010,stae

47 1300 169 1336 ductae
184 1304 272 1335 sunt
290 1298 485 1341 Puteolos,
501 1297 745 1340 Vulturnum,
762 1296 961 1332 Liternum
976 1312 985 1340 3
1009 1295 1151 1331 treceni
1163 1287 1317 1317 deductae.

27 1386 29 1388 -
48 1363 222 1399 homines
242 1364 280 1398 in
301 1361 479 1411 singulas.
535 1361 634 1398 Item
649 1360 845 1397 Salernum
861 1360 1153 1408 Buxentumque

49 1427 208 1464 colouiae
226 1427 363 1463 civium
378 1426 640 1462 Romanorum
653 1425 820 1461 deductae
833 1431 921 1460 sunt
937 1439 943 1459 :
967 1423 1154 1460 deduxere

47 1490 246 1533 triumviri,
274 1490 334 1526 Ti.
351 1490 595 1539 Sempronius
619 1488 792 1537 Longus,
820 1489 883 1536 qui
911 1494 992 1523 tum
1021 1485 1153 1523 consul

45 1561 139 1597 erat,
156 1553 213 1590 M.
234 1553 425 1596 Servilius,
446 1553 494 1592 Q.
516 1552 709 1589 Minucius
729 1553 927 1588 Thermus.
974 1551 1077 1599 Ager
1094 1551 1150 1586 di-

43 1618 143 1655 visus
163 1624 233 1661 est,
254 1619 318 1667 qui
338 1618 623 1668 Campanorum
643 1617 778 1654 fuerat.
836 1617 1036 1667 Sipontum
1059 1616 1149 1651 item

44 1683 86 1718 in
108 1695 253 1731 agrum,
273 1682 338 1730 qui
369 1682 599 1731 Arpinorum
629 1680 766 1723 fuerat,
798 1680 988 1717 coloniam
1013 1680 1150 1715 civium

44 1745 307 1782 Romanorum
336 1744 397 1781 alii
434 1745 633 1787 triumviri,
668 1744 718 1781 D.
744 1744 880 1780 Junius
903 1743 1058 1784 Brutus,
1091 1741 1149 1778 M.

44 1809 196 1846 Baebius
224 1807 461 1858 TamphiluS,
487 1808 543 1845 M.
559 1808 719 1845 Helvius
740 1809 984 1846 deduxerunt.
1033 1807 1148 1844 Tem-

46 1886 151 1924 psam
168 1873 256 1909 item
277 1879 315 1908 et
330 1873 537 1908 Crotonem
556 1874 692 1909 civium
706 1873 967 1910 Romanorum
988 1872 1146 1908 coloniae

43 1938 223 1975 deductae.
278 1937 513 1988 Tempsanus
534 1951 623 1987 ager
642 1939 687 1975 de
706 1939 866 1974 Bruttiis
890 1946 1020 1988 captus
1041 1944 1144 1974 erat:

0 2030 1 2050 3
42 1994 185 2038 Bruttii
205 2001 357 2038 Graecos
374 2001 607 2052 expulerant.
665 2002 873 2038 Crotonem
886 2002 1009 2038 Graeci
1030 2002 1146 2038 habe-

0 2067 1 2097 ἶ
41 2066 147 2102 bant.
188 2066 393 2102 Triumviri
413 2067 483 2103 Cn.
503 2067 699 2110 Octavius,
720 2067 765 2103 L.
778 2066 956 2103 AEmilius
977 2066 1144 2109 Paullus,

0 2369 4 2398 ὀ

41 2130 84 2166 C.
117 2128 316 2165 Plaetorius
348 2130 578 2176 Crotonem5
627 2130 831 2181 Tempsam
868 2130 914 2166 L.
945 2130 1143 2167 Cornelius

39 2192 192 2230 RIerula
216 2200 254 2229 et
287 2194 330 2231 C.
352 2194 525 2231 Salonius
550 2195 795 2231 deduxerunt.
852 2194 1030 2243 Prodigia
1049 2207 1143 2244 quo-

42 2269 113 2306 que
133 2255 206 2292 alia
225 2257 304 2293 visa
323 2270 369 2293 eo
389 2270 489 2293 anno
509 2257 644 2294 Romae
660 2265 762 2301 sunt,
785 2258 859 2294 alia
876 2259 1067 2294 nunciata.
1097 2258 1142 2295 In

42 2320 142 2363 foro,
169 2326 207 2356 et
236 2323 407 2367 comitio,
435 2329 473 2358 et
493 2322 684 2372 Capitolio
704 2323 896 2372 sanguinis
916 2329 1032 2372 guttae
1054 2323 1140 2359 visae

96 2383 197 2421 Vox..
227 2385 303 2423 111.
572 2386 612 2423 Y
