1523 2666
268 184 384 254 362⁷
728 207 773 236 T.
800 207 934 237 mvn

86 303 176 334 U.C.
195 293 267 336 534.
282 300 462 336 cientium
484 298 651 349 Philippi
680 311 837 342 nomen,
864 298 1161 350 jubentiumque
1183 297 1395 348 legitimum

87 350 123 378 Α.
139 348 174 379 C.
195 355 207 378 1

215 355 265 382 ⁹8·
279 365 464 402 honorem
487 376 686 414 usurpare3
719 362 842 399 donee
861 376 946 400 cum
969 364 1116 411 ingenti
1137 363 1298 399 adsensu
1321 376 1393 400 no-

278 441 366 466 men
386 429 585 466 recitatum
605 434 673 465 est.
730 427 858 478 Hujus
878 428 1016 464 fiducia
1040 428 1180 464 favoris
1203 419 1393 465 Philocles

279 494 480 532 arcessitus
508 500 623 529 nocte
652 499 816 543 occupat
848 493 984 529 collem
1016 493 1267 530 inminentem
1295 493 1395 536 urbi,

282 559 492 606 (Larissam
513 570 595 593 eam
623 570 748 593 arcem
770 558 927 602 vocant)
956 558 1160 607 positoque
1185 558 1239 594 ibi
1265 558 1395 607 praesi-

278 625 356 667 dio,
378 635 493 672 quum
522 622 616 658 lucis
645 622 834 672 principio
861 622 979 671 signis
1006 622 1154 659 infestis
1178 623 1226 658 ad
1245 621 1396 672 subjec-

277 696 359 725 tum
385 688 462 723 arci
481 687 607 724 forum
627 686 794 729 vaderet,
823 687 1008 722 instructa
1036 688 1133 724 acies
1160 700 1207 724 ex
1234 688 1394 724 adverso

279 752 460 789 obcurrit.
518 751 741 787 Praesidium
762 757 843 787 erat
862 751 1091 787 Achaeorum
1109 763 1231 801 nuper
1250 751 1397 803 inposi-·

279 824 374 861 tum,
396 816 595 866 quingenti
624 815 704 851 fere
726 814 888 865 juvenes
917 814 1051 851 delecti
1072 816 1243 851 omnium
1262 804 1395 852 civita-

276 883 384 919 tium.
441 880 708 918 }Enesidemus
731 879 909 929 Dymaeus
927 885 1099 929 praeerat.
1155 880 1395 928 Adhortator

277 960 298 983 a
318 946 500 996 praefecto
519 945 625 992 regio
646 944 796 987 missus,
818 944 882 994 qui
909 941 1088 980 excedere
1111 943 1203 980 urbe
1222 942 1392 993 juberet,

281 1014 422 1062 (neque
452 1012 553 1047 enim
586 1024 694 1061 pares
730 1024 794 1048 eos
829 1013 1028 1063 oppidanis
1062 1012 1166 1055 solis,
1201 1013 1266 1062 qui
1293 1013 1394 1050 idem

278 1077 380 1126 quod
398 1076 631 1112 Macedones
659 1077 859 1120 sentirent,
879 1077 1018 1114 nedum
1045 1076 1234 1126 adjunctis
1261 1077 1396 1114 Mace⁴

278 1141 456 1183 donibus,
479 1154 572 1184 esse,
594 1154 688 1190 quos
718 1154 766 1178 ne
800 1141 968 1180 Romani
999 1143 1150 1192 quidem
1177 1142 1225 1178 ad
1254 1142 1393 1179 Corin-

278 1206 386 1242 thum
418 1206 702 1251 sustinuissent)
734 1207 857 1255 primo
890 1206 1001 1250 nihil,
1034 1219 1105 1243 nec
1141 1207 1290 1250 ducem,
1322 1219 1393 1244 nec

277 1271 380 1321 ipsos
401 1271 538 1307 movit:
571 1276 659 1320 post
685 1270 828 1321 paullo,
849 1278 893 1307 ut
910 1271 1075 1319 Argivos
1096 1284 1246 1320 quoque
1269 1284 1393 1308 arma-

278 1343 338 1371 tos
369 1347 415 1371 ex
445 1341 552 1384 parte
579 1334 697 1370 altera
721 1335 915 1371 venientes
946 1347 1087 1383 magno
1113 1335 1264 1383 agmine
1292 1335 1395 1373 vide-

275 1406 379 1443 runt,
416 1406 558 1435 certam
587 1400 794 1449 perniciem
828 1406 1039 1442 cernentes,
1080 1412 1232 1436 omnem
1264 1406 1393 1437 tamen

276 1477 418 1508 casum,
441 1465 472 1500 si
502 1465 733 1514 pertinacior
759 1465 836 1501 dux
862 1464 1011 1508 fuisset,
1032 1464 1259 1502 videbantur
1288 1464 1392 1501 subi-

275 1531 362 1568 turi.
420 1529 703 1571 AEnesidemus,
732 1541 780 1565 ne
809 1529 878 1566 flos
915 1529 1146 1566 Achaeorum
1176 1527 1392 1579 juventutis

276 1595 387 1631 simul
415 1607 499 1630 cum
525 1594 617 1630 urbe
647 1595 900 1637 amitteretur,
930 1600 1062 1644 pactus
1093 1606 1179 1630 cum
1204 1593 1390 1637 Philocle,

275 1667 319 1697 ut
339 1660 442 1697 abire
461 1659 534 1695 illis
555 1659 698 1702 liceret,
721 1660 814 1709 ipse,
833 1672 908 1708 quo
927 1658 1015 1695 loco
1035 1664 1192 1694 steterat
1206 1665 1390 1702 armatus,

276 1739 360 1763 cum
382 1725 511 1775 paucis
533 1724 733 1761 clientibus
757 1736 836 1760 non
857 1724 1030 1760 excessit.
1086 1723 1229 1759 Missus
1258 1736 1280 1759 a
1299 1723 1392 1760 Phi*

276 1790 386 1833 locle,
422 1790 486 1838 qui
514 1795 711 1839 quaereret,
746 1789 837 1838 quid
869 1788 942 1824 sibi
973 1787 1112 1826 vellet?
1147 1787 1244 1824 nihil
1275 1789 1390 1831 fatus,

276 1854 558 1897 tantummodo,
582 1852 706 1903 Jquum
732 1853 905 1904 projecto
934 1866 1010 1904 prae
1039 1866 1079 1890 se
1109 1854 1232 1904 clipeo
1258 1859 1389 1897 staret,

277 1923 312 1959 in
339 1921 509 1971 prcesiclio
536 1920 678 1956 credita?
700 1920 796 1957 urbis
820 1921 1036 1955 moriturum
1057 1931 1092 1955 se
1117 1924 1312 1961 armatum,
1332 1931 1390 1955 re-

276 1984 453 2036 spondit:
486 1990 565 2019 tum
590 1981 702 2032 jussu
731 1982 901 2032 praefecti
929 1996 950 2019 a
975 1983 1186 2019 Thracibus
1215 1981 1390 2032 conjecta.

230 2073 232 2075 >
274 2049 365 2093 tela,
399 2048 665 2098 interfectique
695 2060 839 2084 omnes.
896 2049 949 2085 Et
984 2054 1071 2098 post
1106 2052 1257 2099 pactam
1290 2050 1390 2087 inter

80 2380 142 2410 Res,
159 2379 235 2410 Gal:

79 2423 141 2455 liae.

274 2116 438 2153 Achaeos
472 2120 509 2149 et
539 2113 737 2151 Romanos
773 2113 996 2149 societatem
1026 2112 1108 2148 duae
1142 2111 1388 2149 nobilissimae

275 2181 462 2222 civitates,
480 2178 574 2227 Argi
591 2184 628 2214 et
647 2178 869 2221 Corinthus,
887 2179 926 2214 in
942 2183 1133 2228 potestate
1152 2177 1251 2225 regis
1268 2183 1388 2226 erent.

275 2245 372 2283 Haec
392 2244 439 2281 ab
458 2243 645 2280 Romanis
668 2256 711 2279 ea
731 2250 861 2281 :estate
880 2243 920 2281 in
937 2242 1086 2281 Graecia
1099 2248 1201 2280 terra
1219 2242 1388 2292 marique

275 2318 394 2362 gesta.

329 2375 481 2415 XXVI.
512 2374 560 2413 In
580 2373 704 2412 Gallia
731 2373 828 2411 nihil
853 2385 943 2411 sane
965 2370 1212 2410 memorabile
1231 2371 1278 2409 ab
1299 2371 1384 2411 Sex,
