1507 2656
318 184 474 213 LIBER
499 182 690 211 XXVIII.
722 181 828 209 CAP.
851 180 967 209 XLV.
1119 176 1196 220 151

92 278 170 307 tare
189 272 314 318 magis,
335 283 442 319 quam
460 270 640 306 'consulere
656 272 832 309 senatum,
853 271 901 309 et,
921 267 960 302 ni
976 267 1200 315 provinciam

92 338 167 380 tibi,
189 349 294 385 quam
313 336 477 378 volueris,
498 336 674 382 extemplo
690 335 932 375 decernamus,
949 336 1124 381 paratam
1142 344 1201 367 ro-

89 404 271 448 gationem
297 401 433 437 habea&
492 401 620 447 Itaque
645 412 668 434 a
691 399 797 440 vobis,
821 397 953 434 tribuni
975 397 1100 445 plebis,
1118 409 1203 444 pos-

93 466 181 507 tulo,
202 465 338 512 inquit,
358 469 397 500 ut
411 465 623 500 sententiam
641 463 732 499 mihi
751 463 827 498 ideo
845 475 915 498 non
930 463 1075 503 dicenti,
1094 461 1202 508 quod,

89 530 155 564 etsi
174 530 211 564 in
229 540 345 564 meam
362 530 576 564 sententiam
596 529 811 569 discedatur,
831 538 902 562 non
920 527 968 562 sit
996 530 1118 561 ratam
1137 525 1203 560 ha-

90 592 227 627 biturus
259 592 393 633 consul,
431 593 568 627 auxilio
598 593 687 627 sitis.
744 590 837 626 Inde
870 589 1069 626 altercatio
1103 594 1203 631 orta,

87 667 204 703 quum
223 655 356 691 consul
378 661 548 704 negaret,
571 667 718 703 aequum
739 666 819 689 esse
839 653 1013 689 tribunos
1040 653 1204 688 interce-

89 719 190 761 dere,
211 731 286 767 quo
314 720 437 754 minus
468 731 537 754 suo
564 718 722 767 quisque
750 717 836 753 loco
866 722 1020 752 senator
1048 722 1203 765 rogatus

91 783 319 818 sententiam
353 783 506 819 diceret.
574 782 737 818 Tribuni
780 782 834 817 ita
871 781 1131 823 decreverunt,
1163 781 1206 816 Si

90 849 214 885 consul
236 851 376 884 senatui
395 850 437 885 de
461 850 656 897 provinciis
680 849 875 896 permittit,
904 847 995 882 stari
1023 858 1078 889 eo,
1110 847 1208 895 quod

89 916 232 947 senatus
257 914 444 956 censuerit,
464 913 584 960 placet
595 928 608 956 ,-
636 923 700 947 nec
719 912 763 947 de
781 924 824 947 ea
841 922 880 946 re
896 909 998 959 ferri
1017 911 1067 945 ad
1089 921 1206 958 popu-

91 976 166 1012 lum
182 977 394 1024 patiemur:
421 978 453 1012 si
477 989 547 1012 non
570 978 764 1025 permittit,
785 977 908 1025 quide
933 988 976 1011 ea
1003 986 1043 1011 re
1068 979 1208 1011 senten·

91 1041 182 1076 tiam
208 1040 384 1076 recusabit
413 1041 544 1083 dicere,
575 1041 712 1076 auxilio
741 1041 882 1077 erimus.
940 1038 1086 1075 Consul
1108 1038 1208 1075 diem

89 1103 138 1140 ad
162 1103 467 1153 conloquendum
494 1117 581 1141 cum
608 1103 755 1154 collega
784 1104 907 1154 petiit.
963 1102 1127 1140 Postero
1146 1101 1207 1138 die

88 1167 313 1218 permissum
333 1168 481 1204 senatui
501 1174 570 1206 est.
626 1167 839 1204 Provinciae
859 1168 914 1203 ita
933 1166 1118 1204 decretae:
1149 1165 1204 1203 al-

89 1231 161 1267 teri
181 1232 328 1269 consuli
349 1233 476 1269 Sicilia
504 1239 543 1270 et
563 1233 724 1282 triginta
753 1238 928 1269 rostratae
953 1243 1084 1274 naveS,
1112 1243 1205 1281 quas

90 1296 137 1333 C.
168 1296 346 1333 Servilius
370 1297 563 1347 superiore
589 1310 691 1333 anno
710 1296 930 1333 habuisset:
961 1296 1207 1346 permissum-

89 1375 177 1412 que,
194 1363 294 1399 utin
313 1362 499 1406 Africam,
520 1363 551 1398 si
581 1363 620 1399 id
645 1376 666 1398 e
695 1362 890 1413 republica
915 1374 996 1398 esse
1022 1368 1208 1406 censeret,

88 1426 304 1477 trajiceret:
337 1427 445 1463 alteri
466 1427 610 1464 Bruttii
629 1434 666 1464 et
690 1427 833 1464 bellum
859 1439 946 1463 cum
964 1425 1206 1471 Hannibale,

87 1503 174 1527 cum
207 1503 252 1527 eo
278 1492 460 1535 exercitu,
488 1505 600 1541 quem
625 1492 672 1529 L.
692 1492 887 1535 Veturius,
919 1497 986 1527 aut
1014 1493 1063 1532 Q.
1084 1491 1207 1528 Caeci-

87 1554 183 1591 lius:
216 1556 253 1591 hi
275 1562 312 1591 et
329 1557 557 1592 sortirentur
579 1557 678 1592 inter
698 1568 750 1599 se,
773 1564 1100 1606 compararentve,
1121 1563 1207 1593 uter

87 1619 128 1656 in
149 1620 309 1655 Bruttiis
331 1620 474 1656 duabus
502 1620 730 1669 legionibus,
759 1633 851 1670 quas
877 1621 1010 1658 consul
1028 1621 1204 1670 reliquis-

89 1691 161 1727 set,
183 1697 260 1720 rem
281 1691 450 1732 gereret:
483 1685 756 1734 imperiumque
785 1686 824 1722 in
848 1699 990 1722 annum
1019 1699 1204 1736 proroga-

88 1754 205 1790 retur,
227 1749 286 1783 cui
317 1760 360 1783 ea
383 1748 577 1797 provincia
603 1750 808 1785 evenisset:
842 1756 879 1785 et
898 1750 1046 1792 ceteris,
1066 1758 1203 1799 praeter

89 1812 262 1848 consules
290 1821 558 1863 praetoresque,
580 1816 642 1863 qui
669 1815 895 1851 exercitibus
923 1817 1203 1866 provinciisque

88 1876 283 1925 praefuturi
318 1887 438 1921 erant,
484 1886 690 1928 prorogata
726 1881 894 1930 imperia.
966 1882 1014 1920 Q.
1047 1882 1202 1918 Caecilio

88 1947 189 1975 sorte
219 1942 356 1983 evenit,
389 1949 430 1977 ut
463 1956 547 1978 cum
575 1943 728 1979 consule
763 1944 799 1979 iu
828 1944 989 1980 Bruttiis
1025 1945 1201 1981 adversus

89 2003 346 2040 Hannibalem
366 2005 504 2040 bellum
526 2014 684 2053 gereret.
740 2006 841 2042 Ludi
857 2008 991 2044 deiude
1012 2008 1201 2058 Scipionis

90 2079 225 2114 magua
255 2067 468 2116 frequentia
497 2077 533 2104 et
564 2069 692 2105 favore
723 2072 975 2120 spectantium
1007 2071 1202 2110 celebrati.

89 2129 240 2177 Legati,
266 2130 437 2180 Delphos
465 2134 509 2167 ad
544 2134 682 2168 donum
715 2147 760 2170 ex
790 2134 915 2183 praeda
950 2135 1201 2172 Hasdrubalis

89 2195 318 2242 portandum
346 2197 463 2238 missi,
491 2197 546 2233 M.
572 2198 805 2247 Pomponius
835 2198 974 2234 Matho
996 2205 1033 2234 et
1063 2199 1201 2238 Q.Ca-

89 2258 179 2299 tius,
200 2258 367 2295 tulerunt
394 2274 573 2296 coronam
595 2274 746 2297 auream
774 2262 978 2298 ducentum
999 2264 1142 2313 pondo,
1164 2270 1203 2300 et

89 2321 289 2358 simulacra
315 2324 536 2373 spoliorum,
565 2338 609 2361 ex
640 2325 741 2361 mille
766 2327 894 2376 pondo
921 2327 1068 2377 argenti
1088 2327 1202 2366 faeta.

607 2388 646 2425 H
667 2390 690 2424 4

1214 271 1303 301 U.C.
1319 276 1393 305 547.

1214 316 1253 345 A.
1268 314 1305 346 C.
1318 320 1395 344 205.

1217 1170 1249 1202 S.
1267 1171 1303 1221 C:
1319 1172 1370 1222 deu

1217 1225 1402 1257 PIOVlnCllso
