1523 2666
374 199 455 241 608
828 209 875 240 Τ.
899 210 1033 240 mvn

180 303 226 333 U.
243 301 472 336 C-561·tium
504 298 550 336 ab
581 298 692 335 Livio
722 297 927 342 turbatum,
959 300 1131 335 dextrum
1160 299 1253 350 ipse,
1283 299 1347 337 ubi
1378 313 1484 351 aequa

183 347 223 376 Α·
241 346 277 376 C·
294 352 363 378 191.
376 376 505 414 pugna
524 369 617 406 erat,
641 362 796 398 invadit.

183 426 329 475 Vincunt
430 427 554 463 XLV.
584 427 667 463 Nec
688 427 740 462 ita
755 425 875 462 multo
895 433 982 475 post
1000 427 1161 476 primum
1182 427 1228 463 ab
1249 426 1344 463 laevo
1364 438 1482 463 cornu

182 468 332 501 Romam‘
374 491 465 539 fuga
486 491 614 539 coepit.
671 489 923 538 Polyxenidas
956 491 1069 533 enim,
1092 497 1132 525 ut
1154 491 1289 526 virtute
1318 489 1481 527 militum
1522 503 1523 541 ξ

374 554 474 590 haud
500 553 611 590 dubie
637 553 803 602 superari
830 564 868 587 se
888 552 993 595 vidit,
1015 554 1170 589 sublatis
1198 553 1399 590 dolonibus
1426 551 1482 588 ef-
1522 548 1523 559 ¹

372 618 455 655 fuse
479 618 610 665 fugere
638 617 826 652 intendit:
859 629 948 652 mox
976 616 1073 652 idem
1101 622 1152 659 et,
1174 617 1237 665 qui
1262 629 1380 666 prope
1405 623 1481 651 ter-

371 695 451 718 ram
479 694 563 717 curn
589 681 760 716 Eumene
780 687 1050 716 contraxerant
1070 686 1275 723 certamen,
1296 679 1480 715 fecerunt.

371 745 539 782 Romani
560 751 597 780 et
615 745 820 786 Eumenes,
842 745 967 792 quoad
988 744 1170 780 subficere
1190 744 1348 792 remiges
1369 749 1481 793 potu-

373 815 497 851 erunt,
519 814 557 843 et
576 808 614 842 in
635 820 701 857 spe
721 813 829 842 erant
848 808 1006 843 extremi
1023 808 1182 856 agminis
1199 807 1373 849 vexandi,
1391 807 1481 842 satis
1515 804 1518 853 i

372 871 617 922 pertinaciter
650 870 768 906 secuti
800 877 910 906 sunt:
956 876 1158 920 postquam
1189 870 1381 912 celeritate
1413 883 1481 905 na-
1515 869 1518 921 ]

372 936 488 977 vium,
510 939 644 984 utpote
672 932 824 976 levium,
853 946 938 970 suas
967 940 1180 970 commeatu
1207 940 1360 969 onustas
1381 932 1481 968 eludi

370 999 511 1036 frustra
530 998 727 1034 tendentes
749 998 935 1041 viderunt,
956 999 1108 1034 tandem
1130 999 1380 1034 abstiterunt:
1404 1004 1480 1033 tre-

370 1063 492 1099 decim
519 1064 638 1114 captis
668 1062 826 1098 navibus
853 1075 938 1098 cum
964 1062 1083 1098 milite
1109 1075 1152 1098 ac
1178 1063 1332 1111 remige,
1354 1062 1480 1097 decem

369 1127 562 1163 demersis.
618 1125 805 1161 Romanae
835 1125 963 1161 classis
1000 1138 1076 1160 una
1108 1125 1254 1160 Punica
1287 1125 1406 1166 navis,
1440 1125 1478 1159 in

368 1190 492 1239 primo
530 1188 735 1224 certamine
773 1187 820 1222 ab
858 1187 1001 1223 duabus
1046 1189 1315 1229 circumvent-a,
1354 1187 1480 1236 periit.

368 1253 622 1303 Polyxenidas
643 1264 720 1288 non
740 1252 858 1301 priuS,
879 1264 991 1300 quam
1011 1253 1049 1287 in
1069 1257 1183 1301 portu
1202 1250 1358 1300 Ephesi,
1378 1249 1478 1297 fugae

369 1318 482 1355 finem
513 1316 615 1353 fecit.
673 1315 839 1351 Romani
873 1328 917 1351 eo
951 1316 1024 1358 die,
1059 1315 1158 1351 unde
1193 1325 1343 1363 egressa
1372 1313 1478 1361 regia
1508 1310 1519 1354 ε’

367 1380 496 1417 classis
524 1385 618 1422 erat,
639 1385 882 1414 manserunt:
915 1386 1069 1428 postero
1096 1379 1156 1414 die
1182 1378 1331 1413 hostem
1351 1388 1477 1427 perse·
1508 1366 1513 1374 ⁸

366 1445 431 1494 qui
448 1443 710 1479 intenderunt:
743 1442 868 1478 medio
883 1441 962 1477 fere
982 1442 1018 1477 in
1040 1454 1151 1477 cursu
1167 1440 1287 1476 obviae
1308 1439 1411 1475 fuere
1430 1439 1475 1475 iis

365 1508 533 1557 quinque
552 1515 590 1542 et
606 1506 740 1555 viginti
758 1511 868 1541 tectae
889 1505 1051 1541 Rhodiae
1072 1517 1198 1547 naves,
1217 1517 1303 1540 eum
1324 1503 1475 1539 Pausis-

365 1578 467 1608 trato
488 1571 666 1622 praefecto
687 1570 827 1606 classis.
875 1569 926 1605 Iis
948 1568 1150 1618 adjunctis,
1171 1569 1365 1618 Ephesum
1385 1568 1474 1604 hos-

366 1642 444 1672 tem
463 1624 665 1686 persecuti,
683 1640 770 1670 ante
790 1634 929 1668 ostium
951 1639 1081 1682 portus
1101 1633 1180 1668 acie
1199 1632 1383 1667 instructa
1400 1637 1475 1667 ste·
1502 1622 1511 1681 ἰ

366 1707 508 1738 terunt.
560 1699 767 1747 Postquam
789 1697 1066 1733 consessionem
1085 1697 1194 1732 victis
1215 1696 1304 1731 satis
1326 1707 1475 1745 expres·
1501 1730 1504 1733 Α

366 1772 508 1807 serunt,
525 1763 668 1799 Rhodii
689 1769 727 1797 et
745 1761 934 1797 Eumenes
955 1761 1087 1797 domos
1108 1760 1267 1796 dimissi:
1290 1758 1472 1801 Romani,

368 1828 507 1864 Chium
534 1833 720 1878 petentes,
742 1825 1033 1861 Phoenicuntem
1054 1825 1215 1873 primum
1244 1829 1394 1874 portum
1420 1822 1475 1858 Ε-

366 1891 539 1939 rythraeae
572 1896 680 1924 terrae
714 1889 962 1937 praetervecti,
997 1893 1110 1924 nocte
1142 1886 1316 1922 anchoris
1343 1885 1473 1935 jactis,

365 1961 520 2005 postero
538 1954 596 1989 die
616 1955 654 1988 in
675 1952 835 1987 insulam
855 1951 902 1986 ad
923 1952 1040 2000 ipsam
1061 1949 1190 1985 urbem
1218 1948 1470 1998 trajecerunt:

365 2019 431 2055 ubi
460 2031 600 2068 paucos
630 2018 707 2053 dies
738 2018 878 2065 remige
905 2016 1067 2052 maxime
1093 2014 1295 2050 reficiendo
1322 2014 1473 2056 morati,
1496 2031 1498 2034 ·

364 2083 568 2119 Phocaeam
593 2082 868 2117 transmittunt.
926 2079 986 2115 Ibi
1015 2078 1154 2114 relictis
1185 2078 1229 2113 ad
1259 2076 1474 2127 praesidium
1500 2088 1503 2092 ¹

366 2147 469 2183 urbis
508 2153 670 2195 quatuor
707 2143 1052 2193 quinqueremibus,
1090 2143 1137 2178 ad
1175 2142 1297 2177 Canas
1345 2141 1497 2177 classis¹

366 2211 492 2246 venit:
525 2215 576 2255 et,
608 2221 722 2257 quum
746 2207 828 2257 jam
854 2207 973 2242 hiems
1001 2206 1207 2256 adpeteret,
1228 2205 1330 2240 fossa
1356 2203 1474 2254 vallo-

365 2287 438 2323 que
467 2273 705 2309 circumdatis
736 2284 847 2307 naves
878 2271 1083 2307 subductae.
1139 2269 1258 2305 Exitu
1290 2269 1378 2303 anni
1409 2280 1473 2303 co-

366 2337 474 2374 mitia
491 2336 626 2373 Romae
647 2336 791 2379 habita,
813 2335 947 2385 quibus
977 2334 1092 2370 creati
1119 2338 1207 2369 sunt
1232 2331 1403 2369 consules
1428 2330 1474 2367 L.
