1523 2666
125 293 170 322 U.
183 293 218 323 C.
233 300 305 330 547.

123 336 163 365 A.
179 336 216 367 C.
235 344 308 369 205.

324 202 403 244 172
764 205 809 233 T.
833 205 966 234 mvn

322 299 362 327 ut
378 305 424 328 ex
440 291 625 340 dignitate
645 291 775 342 populi
796 292 965 330 Romani
985 294 1134 331 adirent
1153 307 1215 331 eas
1235 300 1368 338 terras,
1386 286 1436 332 ad

320 369 412 405 quas
447 355 686 392 concilianda
718 356 894 407 majestas
926 359 1073 394 nomini
1105 358 1286 395 Romano
1317 366 1431 402 esset,

319 420 539 456 decernunt.
569 419 709 469 Legati
725 421 857 456 Asiam
876 427 1046 470 petentes
1068 423 1240 472 protinus
1258 422 1431 473 Delphos

317 497 433 534 quum
453 484 723 528 escendissent,
749 485 942 521 oraculum
963 487 1151 529 adierunt,
1174 486 1429 531 consulentes»,

317 549 365 586 ad
397 549 499 597 quod
531 550 729 597 negotium
762 549 874 585 domo
902 551 1007 587 missi
1040 559 1180 594 essent,
1214 551 1433 602 perficiendi

317 612 350 663 ej
359 626 413 656 us,
435 626 547 661 quam
567 613 639 649 sibi
658 626 762 663 spem
788 614 1006 664 populoque
1028 615 1208 652 Romano
1228 616 1431 666 portende-

315 683 386 713 ret.
443 676 687 726 Responsum
724 690 805 713 esse
841 678 983 722 ferunt,
1014 681 1088 716 Per
1112 681 1281 716 Attalum
1312 693 1432 728 regem

318 745 494 789 compotes
509 740 582 788 ejus
585 741 688 790 fore,
705 743 798 790 quod
812 747 997 791 peterent:
1017 757 1124 792 quum
1144 744 1299 780 Romam
1311 746 1434 781 Deam

318 806 544 847 devenissent,
580 810 655 841 tum
688 811 868 849 curarent,
899 812 941 843 ut
974 820 1067 851 eam,
1099 811 1160 858 qui
1192 811 1247 845 vir
1279 811 1434 857 optimus

318 870 444 905 Romae
462 874 562 912 esset,
585 870 737 918 hospitio
756 872 946 919 exciperet.
1000 872 1227 922 Pergamum
1242 874 1288 910 ad
1305 886 1433 922 regem

316 939 514 968 venerunt.
573 932 609 967 Is
627 931 774 980 legatos
794 935 954 970 comiter
973 945 1148 987 acceptos
1167 937 1432 974 Pessinuntem

316 998 356 1034 in
377 998 583 1047 Phrygiam
604 998 781 1034 deduxit:
815 1011 1037 1049 sacrumque
1057 1001 1101 1037 iis
1122 1001 1298 1051 lapidem,
1320 1014 1434 1050 quam

315 1072 476 1101 matrem
495 1063 623 1100 Deum
643 1077 724 1100 esse
745 1064 878 1101 incolae
899 1065 1091 1108 dicebant,
1113 1066 1282 1109 tradidit,
1303 1079 1346 1101 ac
1366 1065 1432 1102 de-

315 1136 469 1179 portare
497 1128 663 1165 Romam
684 1127 814 1179 jussit.
871 1129 1092 1166 Praemissus
1127 1131 1174 1166 ab
1207 1130 1342 1179 legatis
1372 1130 1431 1168 M.

317 1194 489 1230 Valerius
509 1194 622 1230 Falto
641 1195 849 1237 nunciavit,
870 1194 994 1230 Deam
1010 1195 1201 1244 adportari
1218 1209 1226 1231 :
1259 1207 1430 1243 quaeren-

317 1259 407 1294 dum
427 1259 547 1295 virum
567 1259 754 1309 optimum
783 1259 822 1294 in
856 1259 1010 1295 civitate
1038 1272 1133 1302 esse,
1160 1260 1224 1308 qui
1251 1272 1333 1295 eam
1359 1259 1432 1294 rite

317 1323 487 1373 hospitio
518 1324 719 1372 exciperet.
776 1323 824 1362 Q.
853 1323 1027 1359 Caecilius
1059 1323 1238 1359 Metellus
1266 1324 1433 1359 dictator

319 1387 367 1423 ab
401 1387 556 1423 consule
588 1387 628 1422 in
657 1387 820 1422 Bruttiis
852 1388 1095 1424 comitiorum
1126 1400 1259 1424 caussa
1294 1387 1431 1430 dictus,

320 1452 582 1500 exercitusque
619 1450 699 1501 ejus
731 1451 926 1487 dimissus:
968 1453 1149 1500 magister
1181 1452 1349 1500 equitum
1385 1450 1433 1489 L.

319 1516 499 1552 Veturius
529 1516 654 1552 Philo.
730 1516 899 1552 Comitia
930 1528 996 1565 per
1033 1516 1258 1552 dictatorem
1287 1515 1432 1551 habita.

310 1580 505 1616 ‘Consules
529 1579 620 1616 facti
649 1580 706 1616 M.
730 1580 929 1618 Cornelius
957 1582 1163 1630 Cethegus,
1190 1580 1234 1617 P.
1253 1580 1431 1630 Sempro-

319 1646 404 1680 nius
424 1644 636 1680 Tuditanus
661 1644 809 1687 absens,
832 1658 946 1693 quum
977 1645 1211 1694 provinciam
1243 1644 1432 1680 Graeciam

319 1707 489 1744 haberet.
541 1707 733 1743 -Praetores
754 1708 841 1743 inde
867 1709 997 1750 creati,
1028 1708 1088 1744 Ti.
1110 1707 1289 1744 Claudius
1308 1707 1430 1751 Nero,

320 1771 378 1808 M.
397 1771 565 1808 Marcius
579 1770 711 1813 Ralla,
742 1771 788 1807 L.
806 1771 1026 1808 Scribonius
1046 1771 1161 1814 Libo,
1188 1770 1245 1807 M.
1262 1771 1432 1821 Pompo-

320 1836 405 1871 nius
425 1835 576 1871 Matho.
618 1835 792 1870 Comitiis
813 1836 989 1884 peractis,
1011 1836 1175 1871 dictator
1193 1847 1274 1870 sese
1293 1837 1434 1884 magis-

320 1906 424 1935 tratu
447 1899 648 1935 abdicavit.
705 1898 804 1934 Ludi
827 1898 1000 1934 *Romani
1031 1905 1101 1941 ter,
1128 1898 1267 1948 plebeii
1293 1899 1430 1948 septies

320 1963 534 1999 instaurati.
592 1962 749 1998 Curules
772 1970 879 1998 erant
900 1962 1024 1999 aediles
1046 1963 1116 1999 Cn.
1137 1969 1175 1998 et
1197 1962 1242 1999 L.
1264 1962 1433 1998 Cornelii

321 2027 490 2066 Lentuli.
547 2026 690 2062 Lucius
721 2026 948 2076 Hispaniam
978 2027 1212 2076 provinciam
1240 2025 1430 2062 habebat:

325 2091 459 2127 absens
489 2097 651 2132 creatus,
686 2089 821 2126 absens
853 2103 936 2126 eum
969 2091 1154 2126 honorem
1187 2090 1315 2138 gessit.
1372 2090 1433 2127 Ti.

325 2156 505 2192 Claudius
518 2154 668 2191 Asellus
690 2161 727 2190 et
749 2155 805 2191 M.
826 2155 963 2191 Junius
984 2155 1135 2190 Pennus
1153 2153 1290 2204 plebeii
1309 2153 1432 2191 aediles

322 2221 489 2257 fuerunt.
546 2219 683 2255 AEdem
705 2219 865 2255 Virtutis
887 2232 933 2255 eo
954 2233 1054 2256 anno
1074 2219 1120 2254 ad
1140 2225 1289 2268 portam
1310 2219 1432 2268 Cape-

324 2297 411 2321 nam
444 2284 501 2322 M.
520 2284 725 2321 Marcellus
755 2284 954 2328 dedicavit,
990 2284 1301 2336 septimodecimo
1331 2295 1434 2320 anno
