<?xml version="1.0" encoding="UTF-8"?>
<!DOCTYPE html PUBLIC "-//W3C//DTD XHTML 1.0 Transitional//EN"
    "http://www.w3.org/TR/xhtml1/DTD/xhtml1-transitional.dtd">
<html xmlns="http://www.w3.org/1999/xhtml" xml:lang="en" lang="en">
 <head>
  <title>
</title>
<meta http-equiv="Content-Type" content="text/html;charset=utf-8" />
  <meta name='ocr-system' content='tesseract 3.04.00' />
  <meta name='ocr-capabilities' content='ocr_page ocr_carea ocr_par ocr_line ocrx_word'/>
</head>
<body>
  <div class='ocr_page' id='page_1' title='image "./historiarumquaes03livyuoft/historiarumquaes03livyuoft_0205.png"; bbox 0 0 1507 2656; ppageno 0'>
   <div class='ocr_carea' id='block_1_1' title="bbox 305 198 1184 244">
    <p class='ocr_par' dir='ltr' id='par_1_1' title="bbox 305 198 1184 244">
     <span class='ocr_line' id='line_1_1' title="bbox 305 198 1184 244; baseline -0.001 -13"><span class='ocrx_word' id='word_1_1' title='bbox 305 203 458 232; x_wconf 82' lang='lat' dir='ltr'><strong>LIBER</strong></span> <span class='ocrx_word' id='word_1_2' title='bbox 482 202 624 230; x_wconf 79' lang='lat' dir='ltr'>XXIX.</span> <span class='ocrx_word' id='word_1_3' title='bbox 657 201 763 229; x_wconf 83' lang='lat' dir='ltr'>CAP.</span> <span class='ocrx_word' id='word_1_4' title='bbox 784 203 950 230; x_wconf 80' lang='lat' dir='ltr'><strong>xxvu.</strong></span> <span class='ocrx_word' id='word_1_5' title='bbox 1105 198 1184 244; x_wconf 73' lang='lat'><strong>195</strong></span> 
     </span>
    </p>
   </div>
   <div class='ocr_carea' id='block_1_2' title="bbox 75 291 1398 1814">
    <p class='ocr_par' dir='ltr' id='par_1_2' title="bbox 75 291 1398 1814">
     <span class='ocr_line' id='line_1_2' title="bbox 83 291 1378 340; baseline -0.003 -10"><span class='ocrx_word' id='word_1_6' title='bbox 83 299 192 330; x_wconf 71' lang='lat' dir='ltr'><strong>tatem</strong></span> <span class='ocrx_word' id='word_1_7' title='bbox 229 292 581 339; x_wconf 74' lang='lat' dir='ltr'><em>Karthaginiensium</em></span> <span class='ocrx_word' id='word_1_8' title='bbox 616 292 777 339; x_wconf 72' lang='lat' dir='ltr'><strong>exempla</strong></span> <span class='ocrx_word' id='word_1_9' title='bbox 812 292 936 328; x_wconf 67' lang='lat' dir='ltr'><strong>edendi</strong></span> <span class='ocrx_word' id='word_1_10' title='bbox 961 291 1185 340; x_wconf 70' lang='lat' dir='ltr'><em>facultatem</em></span> <span class='ocrx_word' id='word_1_11' title='bbox 1198 298 1238 326; x_wconf 91' lang='lat' dir='ltr'><strong>U.</strong></span> <span class='ocrx_word' id='word_1_12' title='bbox 1253 297 1289 326; x_wconf 91' lang='lat' dir='ltr'><strong>C.</strong></span> <span class='ocrx_word' id='word_1_13' title='bbox 1306 304 1378 326; x_wconf 78' lang='lat'>⁵48.</span> 
     </span>
     <span class='ocr_line' id='line_1_3' title="bbox 83 340 1374 404; baseline -0.002 -11"><span class='ocrx_word' id='word_1_14' title='bbox 83 359 184 394; x_wconf 75' lang='lat' dir='ltr'><strong>(letis.</strong></span> <span class='ocrx_word' id='word_1_15' title='bbox 240 356 451 392; x_wconf 90' lang='lat' dir='ltr'><strong>Secundum</strong></span> <span class='ocrx_word' id='word_1_16' title='bbox 469 368 530 391; x_wconf 86' lang='lat' dir='ltr'><strong>eas</strong></span> <span class='ocrx_word' id='word_1_17' title='bbox 552 367 678 404; x_wconf 85' lang='lat' dir='ltr'>preces</span> <span class='ocrx_word' id='word_1_18' title='bbox 700 354 814 390; x_wconf 83' lang='lat' dir='ltr'><strong>cruda</strong></span> <span class='ocrx_word' id='word_1_19' title='bbox 833 361 921 390; x_wconf 85' lang='lat' dir='ltr'><strong>exta</strong></span> <span class='ocrx_word' id='word_1_20' title='bbox 938 355 1113 397; x_wconf 81' lang='lat' dir='ltr'><strong>victimae,</strong></span> <span class='ocrx_word' id='word_1_21' title='bbox 1131 356 1185 390; x_wconf 81' lang='lat' dir='ltr'><strong>uti</strong></span> <span class='ocrx_word' id='word_1_22' title='bbox 1198 342 1237 371; x_wconf 77' lang='lat' dir='ltr'><strong>A·</strong></span> <span class='ocrx_word' id='word_1_23' title='bbox 1249 340 1285 370; x_wconf 79' lang='lat' dir='ltr'><strong>C·</strong></span> <span class='ocrx_word' id='word_1_24' title='bbox 1300 346 1374 370; x_wconf 70' lang='lat'><strong>²⁰⁴·</strong></span> 
     </span>
     <span class='ocr_line' id='line_1_4' title="bbox 83 419 1187 470; baseline -0.003 -12"><span class='ocrx_word' id='word_1_25' title='bbox 83 435 162 459; x_wconf 85' lang='lat' dir='ltr'><strong>mos</strong></span> <span class='ocrx_word' id='word_1_26' title='bbox 183 427 252 464; x_wconf 87' lang='lat' dir='ltr'><strong>est,</strong></span> <span class='ocrx_word' id='word_1_27' title='bbox 273 421 310 456; x_wconf 88' lang='lat' dir='ltr'><strong>in</strong></span> <span class='ocrx_word' id='word_1_28' title='bbox 331 433 432 456; x_wconf 87' lang='lat' dir='ltr'><strong>mare</strong></span> <span class='ocrx_word' id='word_1_29' title='bbox 452 420 622 469; x_wconf 86' lang='lat' dir='ltr'><strong>porricit,</strong></span> <span class='ocrx_word' id='word_1_30' title='bbox 641 419 806 468; x_wconf 85' lang='lat' dir='ltr'><strong>tubaque</strong></span> <span class='ocrx_word' id='word_1_31' title='bbox 823 420 969 467; x_wconf 84' lang='lat' dir='ltr'><strong>signum</strong></span> <span class='ocrx_word' id='word_1_32' title='bbox 988 419 1086 455; x_wconf 82' lang='lat' dir='ltr'>dedit</span> <span class='ocrx_word' id='word_1_33' title='bbox 1099 433 1187 470; x_wconf 89' lang='lat' dir='ltr'><strong>pro-</strong></span> 
     </span>
     <span class='ocr_line' id='line_1_5' title="bbox 83 484 1187 534; baseline -0.002 -12"><span class='ocrx_word' id='word_1_34' title='bbox 83 485 279 522; x_wconf 83' lang='lat' dir='ltr'><strong>ficiscendi.</strong></span> <span class='ocrx_word' id='word_1_35' title='bbox 335 484 461 520; x_wconf 83' lang='lat' dir='ltr'><strong>Vento</strong></span> <span class='ocrx_word' id='word_1_36' title='bbox 482 484 646 520; x_wconf 90' lang='lat' dir='ltr'><strong>secundo</strong></span> <span class='ocrx_word' id='word_1_37' title='bbox 667 484 878 519; x_wconf 84' lang='lat' dir='ltr'><strong>vehementi</strong></span> <span class='ocrx_word' id='word_1_38' title='bbox 900 484 989 519; x_wconf 86' lang='lat' dir='ltr'><strong>satis</strong></span> <span class='ocrx_word' id='word_1_39' title='bbox 1010 484 1187 534; x_wconf 85' lang='lat' dir='ltr'><strong>profecti,</strong></span> 
     </span>
     <span class='ocr_line' id='line_1_6' title="bbox 82 547 1189 598; baseline 0 -13"><span class='ocrx_word' id='word_1_40' title='bbox 82 549 250 586; x_wconf 82' lang='lat' dir='ltr'><strong>celeriter</strong></span> <span class='ocrx_word' id='word_1_41' title='bbox 269 562 289 585; x_wconf 92' lang='lat' dir='ltr'><strong>e</strong></span> <span class='ocrx_word' id='word_1_42' title='bbox 305 554 511 598; x_wconf 83' lang='lat' dir='ltr'><strong>conspectu</strong></span> <span class='ocrx_word' id='word_1_43' title='bbox 529 554 638 584; x_wconf 78' lang='lat' dir='ltr'><strong>terrae</strong></span> <span class='ocrx_word' id='word_1_44' title='bbox 660 547 776 584; x_wconf 87' lang='lat' dir='ltr'><strong>ablati</strong></span> <span class='ocrx_word' id='word_1_45' title='bbox 792 555 879 584; x_wconf 89' lang='lat' dir='ltr'><strong>sunt</strong></span> <span class='ocrx_word' id='word_1_46' title='bbox 896 562 902 582; x_wconf 84' lang='lat' dir='ltr'><strong>t</strong></span> <span class='ocrx_word' id='word_1_47' title='bbox 936 556 974 584; x_wconf 87' lang='lat' dir='ltr'><strong>et</strong></span> <span class='ocrx_word' id='word_1_48' title='bbox 994 562 1015 583; x_wconf 90' lang='lat' dir='ltr'><strong>a</strong></span> <span class='ocrx_word' id='word_1_49' title='bbox 1035 550 1189 585; x_wconf 84' lang='lat' dir='ltr'><strong>meridie</strong></span> 
     </span>
     <span class='ocr_line' id='line_1_7' title="bbox 81 612 1189 662; baseline 0.001 -14"><span class='ocrx_word' id='word_1_50' title='bbox 81 612 220 649; x_wconf 86' lang='lat' dir='ltr'><strong>nebula</strong></span> <span class='ocrx_word' id='word_1_51' title='bbox 239 612 400 662; x_wconf 88' lang='lat' dir='ltr'><strong>occepit,</strong></span> <span class='ocrx_word' id='word_1_52' title='bbox 422 612 476 647; x_wconf 89' lang='lat' dir='ltr'><strong>ita</strong></span> <span class='ocrx_word' id='word_1_53' title='bbox 496 618 537 647; x_wconf 88' lang='lat' dir='ltr'><strong>ut</strong></span> <span class='ocrx_word' id='word_1_54' title='bbox 557 612 619 647; x_wconf 81' lang='lat' dir='ltr'><strong>vix</strong></span> <span class='ocrx_word' id='word_1_55' title='bbox 639 624 842 647; x_wconf 83' lang='lat' dir='ltr'><strong>concursus</strong></span> <span class='ocrx_word' id='word_1_56' title='bbox 864 612 1015 647; x_wconf 78' lang='lat' dir='ltr'><strong>navium</strong></span> <span class='ocrx_word' id='word_1_57' title='bbox 1035 612 1134 648; x_wconf 88' lang='lat' dir='ltr'><strong>inter</strong></span> <span class='ocrx_word' id='word_1_58' title='bbox 1147 625 1189 661; x_wconf 78' lang='lat' dir='ltr'><strong>se</strong></span> 
     </span>
     <span class='ocr_line' id='line_1_8' title="bbox 82 674 1189 713; baseline 0 -1"><span class='ocrx_word' id='word_1_59' title='bbox 82 677 265 713; x_wconf 86' lang='lat' dir='ltr'><strong>vitarent:</strong></span> <span class='ocrx_word' id='word_1_60' title='bbox 297 674 420 711; x_wconf 90' lang='lat' dir='ltr'><strong>lenior</strong></span> <span class='ocrx_word' id='word_1_61' title='bbox 438 681 571 711; x_wconf 80' lang='lat' dir='ltr'><strong>ventus</strong></span> <span class='ocrx_word' id='word_1_62' title='bbox 592 676 630 710; x_wconf 91' lang='lat' dir='ltr'><strong>in</strong></span> <span class='ocrx_word' id='word_1_63' title='bbox 651 675 729 711; x_wconf 83' lang='lat' dir='ltr'><strong>alto</strong></span> <span class='ocrx_word' id='word_1_64' title='bbox 748 674 870 711; x_wconf 87' lang='lat' dir='ltr'><strong>factus</strong></span> <span class='ocrx_word' id='word_1_65' title='bbox 888 689 894 710; x_wconf 93' lang='lat'><strong>:</strong></span> <span class='ocrx_word' id='word_1_66' title='bbox 918 681 1071 711; x_wconf 85' lang='lat' dir='ltr'><strong>noctem</strong></span> <span class='ocrx_word' id='word_1_67' title='bbox 1090 677 1189 712; x_wconf 83' lang='lat' dir='ltr'><strong>inse-</strong></span> 
     </span>
     <span class='ocr_line' id='line_1_9' title="bbox 82 738 1191 789; baseline -0.001 -13"><span class='ocrx_word' id='word_1_68' title='bbox 82 746 260 789; x_wconf 87' lang='lat' dir='ltr'><strong>quentem</strong></span> <span class='ocrx_word' id='word_1_69' title='bbox 288 739 417 775; x_wconf 88' lang='lat' dir='ltr'><strong>eadem</strong></span> <span class='ocrx_word' id='word_1_70' title='bbox 444 738 568 787; x_wconf 86' lang='lat' dir='ltr'><strong>caligo</strong></span> <span class='ocrx_word' id='word_1_71' title='bbox 598 738 788 774; x_wconf 87' lang='lat' dir='ltr'>obtinuit:</span> <span class='ocrx_word' id='word_1_72' title='bbox 821 738 900 774; x_wconf 88' lang='lat' dir='ltr'><strong>sole</strong></span> <span class='ocrx_word' id='word_1_73' title='bbox 927 745 1013 775; x_wconf 89' lang='lat' dir='ltr'><strong>orto</strong></span> <span class='ocrx_word' id='word_1_74' title='bbox 1040 746 1097 775; x_wconf 86' lang='lat' dir='ltr'><strong>est</strong></span> <span class='ocrx_word' id='word_1_75' title='bbox 1116 740 1191 776; x_wconf 80' lang='lat' dir='ltr'><strong>dis·</strong></span> 
     </span>
     <span class='ocr_line' id='line_1_10' title="bbox 85 802 1189 846; baseline -0.001 -7"><span class='ocrx_word' id='word_1_76' title='bbox 85 815 207 846; x_wconf 86' lang='lat' dir='ltr'><strong>cussa,</strong></span> <span class='ocrx_word' id='word_1_77' title='bbox 227 809 265 839; x_wconf 87' lang='lat' dir='ltr'><strong>et</strong></span> <span class='ocrx_word' id='word_1_78' title='bbox 285 803 410 840; x_wconf 87' lang='lat' dir='ltr'><strong>addita</strong></span> <span class='ocrx_word' id='word_1_79' title='bbox 431 802 485 838; x_wconf 86' lang='lat' dir='ltr'><strong>vis</strong></span> <span class='ocrx_word' id='word_1_80' title='bbox 506 809 633 839; x_wconf 81' lang='lat' dir='ltr'><strong>vento.</strong></span> <span class='ocrx_word' id='word_1_81' title='bbox 689 803 713 838; x_wconf 90' lang='lat' dir='ltr'>J</span> <span class='ocrx_word' id='word_1_82' title='bbox 717 815 775 838; x_wconf 90' lang='lat' dir='ltr'><strong>am</strong></span> <span class='ocrx_word' id='word_1_83' title='bbox 798 808 935 838; x_wconf 88' lang='lat' dir='ltr'><strong>terram</strong></span> <span class='ocrx_word' id='word_1_84' title='bbox 956 802 1163 838; x_wconf 78' lang='lat' dir='ltr'><strong>cernebant</strong></span> <span class='ocrx_word' id='word_1_85' title='bbox 1181 818 1189 837; x_wconf 90' lang='lat'>:</span> 
     </span>
     <span class='ocr_line' id='line_1_11' title="bbox 84 866 1195 917; baseline -0.001 -13"><span class='ocrx_word' id='word_1_86' title='bbox 84 868 183 904; x_wconf 86' lang='lat' dir='ltr'><strong>haud</strong></span> <span class='ocrx_word' id='word_1_87' title='bbox 203 869 258 904; x_wconf 85' lang='lat' dir='ltr'><strong>ita</strong></span> <span class='ocrx_word' id='word_1_88' title='bbox 272 867 392 903; x_wconf 87' lang='lat' dir='ltr'><strong>multo</strong></span> <span class='ocrx_word' id='word_1_89' title='bbox 407 873 494 917; x_wconf 87' lang='lat' dir='ltr'><strong>post</strong></span> <span class='ocrx_word' id='word_1_90' title='bbox 510 866 743 915; x_wconf 86' lang='lat' dir='ltr'><strong>gubernator</strong></span> <span class='ocrx_word' id='word_1_91' title='bbox 760 866 929 916; x_wconf 81' lang='lat' dir='ltr'><strong>Scipioni</strong></span> <span class='ocrx_word' id='word_1_92' title='bbox 945 867 1013 909; x_wconf 89' lang='lat' dir='ltr'><strong>ait,</strong></span> <span class='ocrx_word' id='word_1_93' title='bbox 1030 879 1099 902; x_wconf 78' lang='lat' dir='ltr'><strong>non</strong></span> <span class='ocrx_word' id='word_1_94' title='bbox 1108 869 1195 916; x_wconf 76' lang='lat' dir='ltr'><strong>plus</strong></span> 
     </span>
     <span class='ocr_line' id='line_1_12' title="bbox 83 930 1195 980; baseline 0 -13"><span class='ocrx_word' id='word_1_95' title='bbox 83 933 236 980; x_wconf 78' lang='lat' dir='ltr'><strong>quinque</strong></span> <span class='ocrx_word' id='word_1_96' title='bbox 251 932 368 967; x_wconf 76' lang='lat' dir='ltr'><strong>millia</strong></span> <span class='ocrx_word' id='word_1_97' title='bbox 377 943 547 979; x_wconf 77' lang='lat' dir='ltr'><strong><em>passuum</em></strong></span> <span class='ocrx_word' id='word_1_98' title='bbox 567 931 736 980; x_wconf 72' lang='lat' dir='ltr'><strong>Africam</strong></span> <span class='ocrx_word' id='word_1_99' title='bbox 755 930 891 967; x_wconf 76' lang='lat' dir='ltr'><strong>abesse:</strong></span> <span class='ocrx_word' id='word_1_100' title='bbox 917 931 1092 967; x_wconf 76' lang='lat' dir='ltr'><strong>Mercurii</strong></span> <span class='ocrx_word' id='word_1_101' title='bbox 1107 944 1195 979; x_wconf 81' lang='lat' dir='ltr'><strong>pro·</strong></span> 
     </span>
     <span class='ocr_line' id='line_1_13' title="bbox 82 993 1197 1043; baseline -0.001 -11"><span class='ocrx_word' id='word_1_102' title='bbox 82 997 297 1032; x_wconf 77' lang='lat' dir='ltr'><strong>montorium.</strong></span> <span class='ocrx_word' id='word_1_103' title='bbox 315 1007 351 1030; x_wconf 83' lang='lat' dir='ltr'><strong>se</strong></span> <span class='ocrx_word' id='word_1_104' title='bbox 370 1007 530 1031; x_wconf 74' lang='lat' dir='ltr'><strong>cernere:</strong></span> <span class='ocrx_word' id='word_1_105' title='bbox 553 997 583 1030; x_wconf 75' lang='lat' dir='ltr'><strong>si</strong></span> <span class='ocrx_word' id='word_1_106' title='bbox 593 994 719 1040; x_wconf 74' lang='lat' dir='ltr'><strong>jubeat</strong></span> <span class='ocrx_word' id='word_1_107' title='bbox 739 1007 779 1031; x_wconf 85' lang='lat' dir='ltr'><strong>eo</strong></span> <span class='ocrx_word' id='word_1_108' title='bbox 798 996 921 1042; x_wconf 77' lang='lat' dir='ltr'><strong>dirigi,</strong></span> <span class='ocrx_word' id='word_1_109' title='bbox 933 993 1015 1040; x_wconf 74' lang='lat' dir='ltr'><strong>jam</strong></span> <span class='ocrx_word' id='word_1_110' title='bbox 1032 996 1068 1030; x_wconf 78' lang='lat' dir='ltr'><strong>z&#39;n</strong></span> <span class='ocrx_word' id='word_1_111' title='bbox 1085 1000 1197 1043; x_wconf 70' lang='lat' dir='ltr'><strong>porta</strong></span> 
     </span>
     <span class='ocr_line' id='line_1_14' title="bbox 75 1059 1195 1108; baseline -0.001 -13"><span class='ocrx_word' id='word_1_112' title='bbox 75 1059 164 1108; x_wconf 85' lang='lat' dir='ltr'><strong>fore</strong></span> <span class='ocrx_word' id='word_1_113' title='bbox 182 1072 319 1096; x_wconf 84' lang='lat' dir='ltr'><strong>omnem</strong></span> <span class='ocrx_word' id='word_1_114' title='bbox 337 1060 494 1095; x_wconf 80' lang='lat' dir='ltr'><strong>classem.</strong></span> <span class='ocrx_word' id='word_1_115' title='bbox 551 1059 693 1108; x_wconf 83' lang='lat' dir='ltr'><strong>Scipio,</strong></span> <span class='ocrx_word' id='word_1_116' title='bbox 719 1064 758 1093; x_wconf 90' lang='lat' dir='ltr'><strong>ut</strong></span> <span class='ocrx_word' id='word_1_117' title='bbox 791 1059 830 1094; x_wconf 90' lang='lat' dir='ltr'><strong>in</strong></span> <span class='ocrx_word' id='word_1_118' title='bbox 860 1065 1066 1108; x_wconf 86' lang='lat' dir='ltr'><strong>conspectu</strong></span> <span class='ocrx_word' id='word_1_119' title='bbox 1094 1065 1195 1094; x_wconf 82' lang='lat' dir='ltr'><strong>terra</strong></span> 
     </span>
     <span class='ocr_line' id='line_1_15' title="bbox 83 1122 1196 1174; baseline 0 -15"><span class='ocrx_word' id='word_1_120' title='bbox 83 1123 171 1167; x_wconf 82' lang='lat' dir='ltr'><strong>fuit,</strong></span> <span class='ocrx_word' id='word_1_121' title='bbox 191 1130 381 1174; x_wconf 82' lang='lat' dir='ltr'><strong>precatus,</strong></span> <span class='ocrx_word' id='word_1_122' title='bbox 403 1124 458 1159; x_wconf 84' lang='lat' dir='ltr'><strong>uti</strong></span> <span class='ocrx_word' id='word_1_123' title='bbox 485 1122 588 1159; x_wconf 91' lang='lat' dir='ltr'><strong>bono</strong></span> <span class='ocrx_word' id='word_1_124' title='bbox 618 1122 833 1173; x_wconf 78' lang='lat' dir='ltr'><strong>reipublicae</strong></span> <span class='ocrx_word' id='word_1_125' title='bbox 863 1135 1006 1171; x_wconf 87' lang='lat' dir='ltr'><strong>suoque</strong></span> <span class='ocrx_word' id='word_1_126' title='bbox 1025 1122 1196 1159; x_wconf 87' lang='lat' dir='ltr'><strong>Africam</strong></span> 
     </span>
     <span class='ocr_line' id='line_1_16' title="bbox 84 1186 1195 1231; baseline 0 -8"><span class='ocrx_word' id='word_1_127' title='bbox 84 1188 233 1231; x_wconf 78' lang='lat' dir='ltr'><strong>viderit,</strong></span> <span class='ocrx_word' id='word_1_128' title='bbox 260 1188 348 1224; x_wconf 80' lang='lat' dir='ltr'><strong>dare</strong></span> <span class='ocrx_word' id='word_1_129' title='bbox 373 1187 468 1230; x_wconf 86' lang='lat' dir='ltr'><strong>vela,</strong></span> <span class='ocrx_word' id='word_1_130' title='bbox 491 1194 527 1223; x_wconf 90' lang='lat' dir='ltr'><strong>et</strong></span> <span class='ocrx_word' id='word_1_131' title='bbox 556 1187 670 1223; x_wconf 86' lang='lat' dir='ltr'><strong>alium</strong></span> <span class='ocrx_word' id='word_1_132' title='bbox 701 1187 800 1223; x_wconf 89' lang='lat' dir='ltr'><strong>infra</strong></span> <span class='ocrx_word' id='word_1_133' title='bbox 825 1186 983 1223; x_wconf 84' lang='lat' dir='ltr'><strong>navibus</strong></span> <span class='ocrx_word' id='word_1_134' title='bbox 1003 1199 1195 1223; x_wconf 86' lang='lat' dir='ltr'><strong>accessum</strong></span> 
     </span>
     <span class='ocr_line' id='line_1_17' title="bbox 86 1250 1196 1302; baseline 0 -14"><span class='ocrx_word' id='word_1_135' title='bbox 86 1260 213 1301; x_wconf 84' lang='lat' dir='ltr'><strong>petere</strong></span> <span class='ocrx_word' id='word_1_136' title='bbox 235 1251 360 1302; x_wconf 86' lang='lat' dir='ltr'><strong>jubet.</strong></span> <span class='ocrx_word' id='word_1_137' title='bbox 416 1251 543 1287; x_wconf 84' lang='lat' dir='ltr'><strong>Vento</strong></span> <span class='ocrx_word' id='word_1_138' title='bbox 578 1251 710 1287; x_wconf 87' lang='lat' dir='ltr'><strong>eodem</strong></span> <span class='ocrx_word' id='word_1_139' title='bbox 743 1250 981 1287; x_wconf 83' lang='lat' dir='ltr'><strong>ferebantur:</strong></span> <span class='ocrx_word' id='word_1_140' title='bbox 1029 1259 1196 1288; x_wconf 85' lang='lat' dir='ltr'><strong>ceterum</strong></span> 
     </span>
     <span class='ocr_line' id='line_1_18' title="bbox 86 1314 1197 1365; baseline 0 -14"><span class='ocrx_word' id='word_1_141' title='bbox 86 1315 226 1352; x_wconf 83' lang='lat' dir='ltr'><strong>nebula</strong></span> <span class='ocrx_word' id='word_1_142' title='bbox 253 1316 321 1352; x_wconf 88' lang='lat' dir='ltr'><strong>sub</strong></span> <span class='ocrx_word' id='word_1_143' title='bbox 349 1316 447 1351; x_wconf 84' lang='lat' dir='ltr'><strong>idem</strong></span> <span class='ocrx_word' id='word_1_144' title='bbox 474 1316 591 1351; x_wconf 80' lang='lat' dir='ltr'><strong>ferme</strong></span> <span class='ocrx_word' id='word_1_145' title='bbox 618 1322 780 1365; x_wconf 85' lang='lat' dir='ltr'><strong>tempus,</strong></span> <span class='ocrx_word' id='word_1_146' title='bbox 802 1328 877 1364; x_wconf 87' lang='lat' dir='ltr'><strong>quo</strong></span> <span class='ocrx_word' id='word_1_147' title='bbox 902 1314 1035 1365; x_wconf 87' lang='lat' dir='ltr'><strong>pridie,</strong></span> <span class='ocrx_word' id='word_1_148' title='bbox 1063 1322 1197 1351; x_wconf 80' lang='lat' dir='ltr'><strong>exorta</strong></span> 
     </span>
     <span class='ocr_line' id='line_1_19' title="bbox 89 1379 1198 1429; baseline 0 -14"><span class='ocrx_word' id='word_1_149' title='bbox 89 1386 334 1429; x_wconf 81' lang='lat' dir='ltr'><strong>conspectum</strong></span> <span class='ocrx_word' id='word_1_150' title='bbox 351 1386 459 1415; x_wconf 80' lang='lat' dir='ltr'><strong>terrae</strong></span> <span class='ocrx_word' id='word_1_151' title='bbox 474 1379 626 1421; x_wconf 84' lang='lat' dir='ltr'><strong>ademit,</strong></span> <span class='ocrx_word' id='word_1_152' title='bbox 644 1385 679 1414; x_wconf 87' lang='lat' dir='ltr'><strong>et</strong></span> <span class='ocrx_word' id='word_1_153' title='bbox 699 1386 832 1414; x_wconf 74' lang='lat' dir='ltr'><strong>ventus</strong></span> <span class='ocrx_word' id='word_1_154' title='bbox 848 1386 1041 1429; x_wconf 84' lang='lat' dir='ltr'><strong>premente</strong></span> <span class='ocrx_word' id='word_1_155' title='bbox 1058 1379 1198 1415; x_wconf 86' lang='lat' dir='ltr'><strong>nebula</strong></span> 
     </span>
     <span class='ocr_line' id='line_1_20' title="bbox 89 1443 1196 1492; baseline -0.003 -11"><span class='ocrx_word' id='word_1_156' title='bbox 89 1445 236 1481; x_wconf 80' lang='lat' dir='ltr'><strong>cecidit.</strong></span> <span class='ocrx_word' id='word_1_157' title='bbox 292 1445 385 1480; x_wconf 73' lang='lat' dir='ltr'><strong>Nox</strong></span> <span class='ocrx_word' id='word_1_158' title='bbox 404 1445 538 1480; x_wconf 86' lang='lat' dir='ltr'><strong>deinde</strong></span> <span class='ocrx_word' id='word_1_159' title='bbox 557 1444 761 1482; x_wconf 85' lang='lat' dir='ltr'><strong>incertiora</strong></span> <span class='ocrx_word' id='word_1_160' title='bbox 781 1444 908 1479; x_wconf 88' lang='lat' dir='ltr'><strong>omnia</strong></span> <span class='ocrx_word' id='word_1_161' title='bbox 926 1443 1035 1479; x_wconf 81' lang='lat' dir='ltr'><strong>fecit:</strong></span> <span class='ocrx_word' id='word_1_162' title='bbox 1069 1443 1196 1492; x_wconf 89' lang='lat' dir='ltr'><strong>itaque</strong></span> 
     </span>
     <span class='ocr_line' id='line_1_21' title="bbox 88 1510 1194 1552; baseline -0.003 -7"><span class='ocrx_word' id='word_1_163' title='bbox 88 1521 260 1552; x_wconf 85' lang='lat' dir='ltr'><strong>ancoraS‚</strong></span> <span class='ocrx_word' id='word_1_164' title='bbox 282 1523 329 1545; x_wconf 89' lang='lat' dir='ltr'><strong>ne</strong></span> <span class='ocrx_word' id='word_1_165' title='bbox 346 1516 411 1545; x_wconf 87' lang='lat' dir='ltr'><strong>aut</strong></span> <span class='ocrx_word' id='word_1_166' title='bbox 431 1510 528 1545; x_wconf 86' lang='lat' dir='ltr'><strong>inter</strong></span> <span class='ocrx_word' id='word_1_167' title='bbox 548 1521 587 1544; x_wconf 87' lang='lat' dir='ltr'><strong>se</strong></span> <span class='ocrx_word' id='word_1_168' title='bbox 608 1514 875 1544; x_wconf 82' lang='lat' dir='ltr'><strong>concurrerent</strong></span> <span class='ocrx_word' id='word_1_169' title='bbox 890 1520 1018 1550; x_wconf 86' lang='lat' dir='ltr'><strong>naves,</strong></span> <span class='ocrx_word' id='word_1_170' title='bbox 1035 1513 1101 1543; x_wconf 77' lang='lat' dir='ltr'><strong>aut</strong></span> <span class='ocrx_word' id='word_1_171' title='bbox 1119 1513 1194 1542; x_wconf 82' lang='lat' dir='ltr'><strong>ter-</strong></span> 
     </span>
     <span class='ocr_line' id='line_1_22' title="bbox 87 1570 1196 1623; baseline -0.003 -14"><span class='ocrx_word' id='word_1_172' title='bbox 87 1587 136 1609; x_wconf 87' lang='lat' dir='ltr'><strong>rae</strong></span> <span class='ocrx_word' id='word_1_173' title='bbox 170 1574 411 1616; x_wconf 83' lang='lat' dir='ltr'><strong>inferrentur,</strong></span> <span class='ocrx_word' id='word_1_174' title='bbox 439 1572 580 1623; x_wconf 85' lang='lat' dir='ltr'><strong>jecere.</strong></span> <span class='ocrx_word' id='word_1_175' title='bbox 638 1572 716 1609; x_wconf 88' lang='lat' dir='ltr'><strong>Ubi</strong></span> <span class='ocrx_word' id='word_1_176' title='bbox 751 1571 901 1614; x_wconf 70' lang='lat' dir='ltr'><strong>inluxit,</strong></span> <span class='ocrx_word' id='word_1_177' title='bbox 928 1578 1062 1607; x_wconf 77' lang='lat' dir='ltr'><strong>ventus</strong></span> <span class='ocrx_word' id='word_1_178' title='bbox 1097 1570 1196 1606; x_wconf 87' lang='lat' dir='ltr'><strong>idem</strong></span> 
     </span>
     <span class='ocr_line' id='line_1_23' title="bbox 86 1634 1197 1687; baseline -0.002 -14"><span class='ocrx_word' id='word_1_179' title='bbox 86 1643 256 1680; x_wconf 82' lang='lat' dir='ltr'><strong>coortus,</strong></span> <span class='ocrx_word' id='word_1_180' title='bbox 272 1637 411 1673; x_wconf 86' lang='lat' dir='ltr'><strong>nebula</strong></span> <span class='ocrx_word' id='word_1_181' title='bbox 423 1637 594 1687; x_wconf 74' lang='lat' dir='ltr'><strong>disjecta,</strong></span> <span class='ocrx_word' id='word_1_182' title='bbox 612 1637 758 1686; x_wconf 85' lang='lat' dir='ltr'><strong>aperuit</strong></span> <span class='ocrx_word' id='word_1_183' title='bbox 774 1636 903 1672; x_wconf 84' lang='lat' dir='ltr'><strong>omnia</strong></span> <span class='ocrx_word' id='word_1_184' title='bbox 917 1635 1057 1672; x_wconf 84' lang='lat' dir='ltr'><strong>Africae</strong></span> <span class='ocrx_word' id='word_1_185' title='bbox 1070 1634 1197 1671; x_wconf 86' lang='lat' dir='ltr'><strong>litora.</strong></span> 
     </span>
     <span class='ocr_line' id='line_1_24' title="bbox 90 1701 1197 1751; baseline -0.002 -14"><span class='ocrx_word' id='word_1_186' title='bbox 90 1702 232 1751; x_wconf 87' lang='lat' dir='ltr'><strong>Scipio,</strong></span> <span class='ocrx_word' id='word_1_187' title='bbox 266 1701 366 1750; x_wconf 88' lang='lat' dir='ltr'><strong>quod</strong></span> <span class='ocrx_word' id='word_1_188' title='bbox 397 1709 495 1737; x_wconf 88' lang='lat' dir='ltr'><strong>esset</strong></span> <span class='ocrx_word' id='word_1_189' title='bbox 520 1702 733 1750; x_wconf 87' lang='lat' dir='ltr'><strong>proximum</strong></span> <span class='ocrx_word' id='word_1_190' title='bbox 763 1701 1082 1750; x_wconf 87' lang='lat' dir='ltr'><strong>promontorium,</strong></span> <span class='ocrx_word' id='word_1_191' title='bbox 1112 1712 1197 1749; x_wconf 83' lang='lat' dir='ltr'><strong>per·-</strong></span> 
     </span>
     <span class='ocr_line' id='line_1_25' title="bbox 90 1762 1398 1814; baseline -0.002 -14"><span class='ocrx_word' id='word_1_192' title='bbox 90 1771 304 1807; x_wconf 90' lang='lat' dir='ltr'><strong>cunctatus,</strong></span> <span class='ocrx_word' id='word_1_193' title='bbox 339 1777 454 1813; x_wconf 86' lang='lat' dir='ltr'><strong>quum</strong></span> <span class='ocrx_word' id='word_1_194' title='bbox 480 1764 634 1800; x_wconf 86' lang='lat' dir='ltr'><strong>Pulchri</strong></span> <span class='ocrx_word' id='word_1_195' title='bbox 669 1765 974 1814; x_wconf 86' lang='lat' dir='ltr'><strong>promontorium</strong></span> <span class='ocrx_word' id='word_1_196' title='bbox 1003 1764 1040 1800; x_wconf 84' lang='lat' dir='ltr'><strong>id</strong></span> <span class='ocrx_word' id='word_1_197' title='bbox 1069 1762 1195 1801; x_wconf 81' lang='lat' dir='ltr'><strong>vocari</strong></span> <span class='ocrx_word' id='word_1_198' title='bbox 1208 1773 1258 1804; x_wconf 81' lang='lat' dir='ltr'><strong>Ad</strong></span> <span class='ocrx_word' id='word_1_199' title='bbox 1272 1772 1398 1803; x_wconf 59' lang='lat' dir='ltr'><strong>Pulchri</strong></span> 
     </span>
    </p>
   </div>
   <div class='ocr_carea' id='block_1_3' title="bbox 91 1817 1384 1899">
    <p class='ocr_par' dir='ltr' id='par_1_3' title="bbox 91 1817 1384 1899">
     <span class='ocr_line' id='line_1_26' title="bbox 91 1817 1384 1899; baseline 0.002 -35"><span class='ocrx_word' id='word_1_200' title='bbox 91 1829 268 1871; x_wconf 85' lang='lat' dir='ltr'><strong>audisset,</strong></span> <span class='ocrx_word' id='word_1_201' title='bbox 291 1830 419 1865; x_wconf 76' lang='lat' dir='ltr'><strong>Placet</strong></span> <span class='ocrx_word' id='word_1_202' title='bbox 437 1842 550 1871; x_wconf 82' lang='lat' dir='ltr'><strong>omen,</strong></span> <span class='ocrx_word' id='word_1_203' title='bbox 571 1829 713 1878; x_wconf 83' lang='lat' dir='ltr'><strong>inquit3</strong></span> <span class='ocrx_word' id='word_1_204' title='bbox 737 1829 806 1865; x_wconf 80' lang='lat' dir='ltr'><strong>huc</strong></span> <span class='ocrx_word' id='word_1_205' title='bbox 825 1830 968 1876; x_wconf 79' lang='lat' dir='ltr'><strong>dirigite</strong></span> <span class='ocrx_word' id='word_1_206' title='bbox 982 1842 1096 1866; x_wconf 78' lang='lat' dir='ltr'><strong>naves.</strong></span> <span class='ocrx_word' id='word_1_207' title='bbox 1136 1830 1197 1867; x_wconf 90' lang='lat' dir='ltr'><strong>Eo</strong></span> <span class='ocrx_word' id='word_1_208' title='bbox 1210 1826 1313 1899; x_wconf 54' lang='grc' dir='ltr'><strong>ξέῗῖιῖ</strong></span> <span class='ocrx_word' id='word_1_209' title='bbox 1330 1817 1384 1847; x_wconf 67' lang='lat' dir='ltr'><strong>ad‘</strong></span> 
     </span>
    </p>
   </div>
   <div class='ocr_carea' id='block_1_4' title="bbox 0 1409 24 1951">
    <p class='ocr_par' dir='ltr' id='par_1_4' title="bbox 0 1409 24 1951">
     <span class='ocr_line' id='line_1_27' title="bbox 0 1409 24 1951; baseline 0 705"><span class='ocrx_word' id='word_1_210' title='bbox 0 1409 24 1951; x_wconf 95' lang='lat' dir='ltr'><strong> </strong></span> 
     </span>
    </p>
   </div>
   <div class='ocr_carea' id='block_1_5' title="bbox 90 1892 1199 2327">
    <p class='ocr_par' dir='ltr' id='par_1_5' title="bbox 90 1892 1199 2327">
     <span class='ocr_line' id='line_1_28' title="bbox 91 1892 1198 1944; baseline 0.002 -15"><span class='ocrx_word' id='word_1_211' title='bbox 91 1892 218 1929; x_wconf 87' lang='lat' dir='ltr'><strong>classis</strong></span> <span class='ocrx_word' id='word_1_212' title='bbox 251 1893 434 1929; x_wconf 86' lang='lat' dir='ltr'><strong>decurrit:</strong></span> <span class='ocrx_word' id='word_1_213' title='bbox 475 1893 593 1943; x_wconf 88' lang='lat' dir='ltr'><strong>copiae</strong></span> <span class='ocrx_word' id='word_1_214' title='bbox 625 1906 754 1929; x_wconf 86' lang='lat' dir='ltr'><strong>omncs</strong></span> <span class='ocrx_word' id='word_1_215' title='bbox 786 1894 824 1929; x_wconf 91' lang='lat' dir='ltr'><strong>in</strong></span> <span class='ocrx_word' id='word_1_216' title='bbox 852 1899 989 1930; x_wconf 87' lang='lat' dir='ltr'><strong>terram</strong></span> <span class='ocrx_word' id='word_1_217' title='bbox 1017 1895 1198 1944; x_wconf 85' lang='lat' dir='ltr'><strong>expositae</strong></span> 
     </span>
     <span class='ocr_line' id='line_1_29' title="bbox 90 1957 1198 2007; baseline 0.002 -14"><span class='ocrx_word' id='word_1_218' title='bbox 90 1964 190 1993; x_wconf 90' lang='lat' dir='ltr'><strong>sunt.</strong></span> <span class='ocrx_word' id='word_1_219' title='bbox 245 1957 470 2007; x_wconf 88' lang='lat' dir='ltr'><strong>Prosperam</strong></span> <span class='ocrx_word' id='word_1_220' title='bbox 497 1958 779 2006; x_wconf 85' lang='lat' dir='ltr'><strong>navigationem</strong></span> <span class='ocrx_word' id='word_1_221' title='bbox 804 1959 885 1994; x_wconf 84' lang='lat' dir='ltr'><strong>sine</strong></span> <span class='ocrx_word' id='word_1_222' title='bbox 914 1964 1054 1994; x_wconf 89' lang='lat' dir='ltr'><strong>terrore</strong></span> <span class='ocrx_word' id='word_1_223' title='bbox 1074 1971 1117 1995; x_wconf 88' lang='lat' dir='ltr'><strong>ac</strong></span> <span class='ocrx_word' id='word_1_224' title='bbox 1137 1965 1198 1995; x_wconf 83' lang='lat' dir='ltr'><strong>tu-</strong></span> 
     </span>
     <span class='ocr_line' id='line_1_30' title="bbox 90 2021 1198 2071; baseline 0.002 -14"><span class='ocrx_word' id='word_1_225' title='bbox 90 2021 211 2057; x_wconf 87' lang='lat' dir='ltr'><strong>multu</strong></span> <span class='ocrx_word' id='word_1_226' title='bbox 234 2021 364 2064; x_wconf 89' lang='lat' dir='ltr'><strong>fuisse‚</strong></span> <span class='ocrx_word' id='word_1_227' title='bbox 385 2021 580 2071; x_wconf 84' lang='lat' dir='ltr'><strong>permultis</strong></span> <span class='ocrx_word' id='word_1_228' title='bbox 609 2022 751 2058; x_wconf 86' lang='lat' dir='ltr'><strong>Graecis</strong></span> <span class='ocrx_word' id='word_1_229' title='bbox 782 2021 1006 2071; x_wconf 85' lang='lat' dir='ltr'><strong>Latinisque</strong></span> <span class='ocrx_word' id='word_1_230' title='bbox 1033 2023 1198 2060; x_wconf 82' lang='lat' dir='ltr'><strong>auctori-</strong></span> 
     </span>
     <span class='ocr_line' id='line_1_31' title="bbox 90 2085 1198 2136; baseline 0.004 -16"><span class='ocrx_word' id='word_1_231' title='bbox 90 2085 159 2121; x_wconf 86' lang='lat' dir='ltr'><strong>bus</strong></span> <span class='ocrx_word' id='word_1_232' title='bbox 193 2086 350 2123; x_wconf 81' lang='lat' dir='ltr'><strong>credidi:</strong></span> <span class='ocrx_word' id='word_1_233' title='bbox 398 2086 540 2122; x_wconf 87' lang='lat' dir='ltr'><strong>Coelius</strong></span> <span class='ocrx_word' id='word_1_234' title='bbox 575 2099 669 2122; x_wconf 90' lang='lat' dir='ltr'><strong>unus</strong></span> <span class='ocrx_word' id='word_1_235' title='bbox 704 2093 953 2136; x_wconf 65' lang='lat' dir='ltr'><strong>praeterquam</strong></span> <span class='ocrx_word' id='word_1_236' title='bbox 986 2087 1087 2135; x_wconf 89' lang='lat' dir='ltr'><strong>quod</strong></span> <span class='ocrx_word' id='word_1_237' title='bbox 1120 2100 1198 2124; x_wconf 90' lang='lat' dir='ltr'><strong>non</strong></span> 
     </span>
     <span class='ocr_line' id='line_1_32' title="bbox 90 2149 1198 2192; baseline 0.004 -9"><span class='ocrx_word' id='word_1_238' title='bbox 90 2161 230 2184; x_wconf 82' lang='lat' dir='ltr'><strong>mersas</strong></span> <span class='ocrx_word' id='word_1_239' title='bbox 251 2149 426 2186; x_wconf 86' lang='lat' dir='ltr'><strong>fluctibus</strong></span> <span class='ocrx_word' id='word_1_240' title='bbox 457 2162 584 2192; x_wconf 81' lang='lat' dir='ltr'><strong>naves,</strong></span> <span class='ocrx_word' id='word_1_241' title='bbox 609 2156 754 2185; x_wconf 88' lang='lat' dir='ltr'><strong>ceteros</strong></span> <span class='ocrx_word' id='word_1_242' title='bbox 775 2162 904 2185; x_wconf 83' lang='lat' dir='ltr'><strong>omnes</strong></span> <span class='ocrx_word' id='word_1_243' title='bbox 926 2149 1097 2186; x_wconf 83' lang='lat' dir='ltr'><strong>coelestes</strong></span> <span class='ocrx_word' id='word_1_244' title='bbox 1119 2164 1198 2187; x_wconf 87' lang='lat' dir='ltr'><strong>ma-</strong></span> 
     </span>
     <span class='ocr_line' id='line_1_33' title="bbox 92 2213 1199 2264; baseline 0.003 -17"><span class='ocrx_word' id='word_1_245' title='bbox 92 2213 313 2262; x_wconf 86' lang='lat' dir='ltr'><strong>ritimosque</strong></span> <span class='ocrx_word' id='word_1_246' title='bbox 338 2220 514 2258; x_wconf 85' lang='lat' dir='ltr'><strong>terrores,</strong></span> <span class='ocrx_word' id='word_1_247' title='bbox 534 2220 728 2263; x_wconf 78' lang='lat' dir='ltr'><strong>postremo</strong></span> <span class='ocrx_word' id='word_1_248' title='bbox 755 2213 951 2264; x_wconf 82' lang='lat' dir='ltr'><strong>abreptam</strong></span> <span class='ocrx_word' id='word_1_249' title='bbox 973 2220 1199 2264; x_wconf 81' lang='lat' dir='ltr'><strong>tempestate</strong></span> 
     </span>
     <span class='ocr_line' id='line_1_34' title="bbox 94 2275 1199 2327; baseline 0.004 -16"><span class='ocrx_word' id='word_1_250' title='bbox 94 2275 142 2311; x_wconf 83' lang='lat' dir='ltr'><strong>ab</strong></span> <span class='ocrx_word' id='word_1_251' title='bbox 162 2276 292 2313; x_wconf 85' lang='lat' dir='ltr'><strong>Africa</strong></span> <span class='ocrx_word' id='word_1_252' title='bbox 307 2277 462 2314; x_wconf 85' lang='lat' dir='ltr'><strong>classem</strong></span> <span class='ocrx_word' id='word_1_253' title='bbox 479 2278 526 2314; x_wconf 86' lang='lat' dir='ltr'><strong>ad</strong></span> <span class='ocrx_word' id='word_1_254' title='bbox 542 2277 704 2314; x_wconf 84' lang='lat' dir='ltr'><strong>insulam</strong></span> <span class='ocrx_word' id='word_1_255' title='bbox 720 2277 977 2326; x_wconf 84' lang='lat' dir='ltr'><strong>AEgimurum,</strong></span> <span class='ocrx_word' id='word_1_256' title='bbox 1000 2278 1084 2314; x_wconf 86' lang='lat' dir='ltr'><strong>iude</strong></span> <span class='ocrx_word' id='word_1_257' title='bbox 1101 2292 1199 2327; x_wconf 87' lang='lat' dir='ltr'><strong>aegre</strong></span> 
     </span>
    </p>
   </div>
   <div class='ocr_carea' id='block_1_6' title="bbox 95 2342 1198 2442">
    <p class='ocr_par' dir='ltr' id='par_1_6' title="bbox 95 2342 1198 2442">
     <span class='ocr_line' id='line_1_35' title="bbox 95 2342 1198 2394; baseline 0.005 -19"><span class='ocrx_word' id='word_1_258' title='bbox 95 2347 314 2378; x_wconf 82' lang='lat' dir='ltr'><strong>courectum</strong></span> <span class='ocrx_word' id='word_1_259' title='bbox 333 2355 496 2386; x_wconf 84' lang='lat' dir='ltr'><strong>cursum,</strong></span> <span class='ocrx_word' id='word_1_260' title='bbox 519 2343 698 2393; x_wconf 68' lang='lat' dir='ltr'><strong>exponit:</strong></span> <span class='ocrx_word' id='word_1_261' title='bbox 724 2349 773 2382; x_wconf 74' lang='lat' dir='ltr'><strong>et,</strong></span> <span class='ocrx_word' id='word_1_262' title='bbox 795 2355 911 2394; x_wconf 86' lang='lat' dir='ltr'><strong>prope</strong></span> <span class='ocrx_word' id='word_1_263' title='bbox 928 2342 1073 2379; x_wconf 86' lang='lat' dir='ltr'><strong>obrutis</strong></span> <span class='ocrx_word' id='word_1_264' title='bbox 1093 2344 1198 2380; x_wconf 78' lang='lat' dir='ltr'><strong>navi-</strong></span> 
     </span>
     <span class='ocr_line' id='line_1_36' title="bbox 594 2406 674 2442; baseline 0 0"><span class='ocrx_word' id='word_1_265' title='bbox 594 2406 629 2442; x_wconf 72' lang='lat' dir='ltr'>K</span> <span class='ocrx_word' id='word_1_266' title='bbox 653 2408 674 2442; x_wconf 82' lang='lat'>2</span> 
     </span>
    </p>
   </div>
  </div>
 </body>
</html>
