1507 2656
320 198 472 226 LIBER
496 197 640 225 XXIX.
674 196 781 223 CAP.
806 194 997 223 XXXIII.
1150 194 1227 236 203

118 293 250 337 aperto
270 286 416 327 itinere,
440 291 479 321 ut
499 286 576 334 qui,
599 285 714 333 signis
736 285 910 328 conlatis,
932 286 1011 320 acie
1032 286 1226 320 dimicatu-
1242 296 1329 326 mc,
1349 304 1423 327 ⁵49.

117 363 179 388 rus
200 356 310 394 esset,
331 351 448 386 movit
468 355 601 385 castra.
660 349 737 385 Ubi
757 356 904 399 tempus
925 350 1044 384 visum
1065 354 1134 391 est,
1152 362 1227 398 quo
1241 340 1279 370 A·
1293 340 1329 370 C·
1348 347 1420 371 ‘2⁰4'

115 416 327 466 pervenisse
349 413 431 463 jam
451 413 696 448 circummissi
725 413 841 449 videri
871 419 1061 463 poteraut,
1083 419 1120 448 et
1148 413 1227 462 ipse

114 478 191 515 leni
210 478 306 515 clivo
327 477 473 513 ferente
492 477 538 512 ad
556 476 720 519 hostem,
742 490 857 525 quum
884 476 1125 513 multitudine
1150 476 1225 512 fre-

112 549 188 585 tus,
208 548 287 578 tum
308 541 527 591 praeparatis
550 541 596 576 ab
618 548 726 589 tergo
753 541 913 583 insidiis,
940 553 1006 590 per
1029 540 1225 577 adversum

111 612 280 643 montem
317 611 481 642 erectam
518 605 639 641 aciem
679 605 794 641 ducit.
849 604 1055 641 Masinissa
1089 604 1223 641 fiducia

108 671 272 707 maxime
290 669 379 713 loci,
400 683 474 719 quo
492 669 613 705 multo
635 670 798 718 aequiore
818 675 1050 720 pugnaturus
1072 675 1165 712 erat,
1187 678 1225 705 et

108 736 189 785 ipse
207 735 336 783 dirigit
355 747 455 770 suos.
491 734 617 770 Atrox
636 733 811 783 proelium
832 740 870 770 et
884 735 947 770 diu
967 747 1103 784 anceps
1123 733 1218 778 fuit3

108 799 195 836 loco
210 806 248 835 et
263 800 401 835 virtute
416 799 578 835 militum
594 798 852 840 Masinissam,
869 797 1124 841 multitudine,
1139 811 1221 846 quae

105 864 225 899 nimio
243 862 365 913 major
381 870 475 906 erat,
498 864 708 912 Syphacem
720 862 894 912 juvante.
940 863 999 899 Ea
1018 861 1237 898 multitudo*

100 926 232 969 divisa,
254 940 369 975 quum
388 940 472 976 pars
503 940 525 962 a
543 927 669 962 fronte
700 933 864 975 urgeret,
895 938 980 976 pars
1009 940 1030 962 a
1051 934 1160 973 tergo
1181 937 1220 960 se

99 989 415 1032 circumfudisset,
436 991 635 1026 victoriam
661 990 761 1025 haud
789 990 941 1026 dubiam
972 989 1134 1039 Syphaci
1154 989 1218 1025 de-

100 1053 180 1089 dit:
213 1060 250 1089 et
278 1065 326 1089 ne
354 1052 532 1101 effugium
554 1053 707 1102 quidem
733 1053 888 1102 patebat
916 1054 1005 1088 hinc
1035 1066 1056 1088 a
1076 1052 1216 1095 fronte,

103 1118 192 1153 hinc
221 1117 268 1153 ab
297 1123 407 1166 tergo
428 1118 594 1154 inclusis.
652 1117 785 1166 Itaque
805 1118 919 1153 ceteri
949 1117 1092 1167 pedites
1113 1117 1218 1165 equi-

101 1187 233 1229 tesque
253 1181 339 1216 caesi
359 1187 424 1216 aut
443 1182 566 1231 capti:
599 1181 779 1217 ducentos
796 1181 914 1217 ferme
933 1182 1076 1229 equites
1095 1180 1216 1216 Masi-

102 1246 204 1281 nissa
227 1245 326 1281 circa
354 1258 394 1280 se
423 1245 688 1294 conglobatos,
711 1246 923 1294 divisosque
953 1245 1147 1280 turmatim
1177 1245 1214 1280 in

102 1316 177 1344 tres
197 1316 336 1357 partes,
355 1321 549 1358 erumpere
557 1308 693 1358 jubet,
726 1308 812 1344 loco
828 1309 1023 1358 praedicto,
1044 1309 1082 1344 in
1103 1321 1213 1357 quem

100 1385 147 1408 ex
176 1372 357 1422 dissipata
385 1373 631 1409 convenirent
659 1373 760 1421 fuga.
817 1372 917 1422 Ipse,
939 1385 1012 1421 qua
1040 1372 1211 1408 intende·
1227 1381 1394 1412 Masinissa

100 1444 173 1479 rat,
207 1435 305 1471 inter
336 1436 460 1472 media
490 1436 566 1473 tela
593 1438 761 1473 hostium
789 1437 931 1472 evasit:
964 1437 1051 1472 duae-
1080 1443 1210 1472 turmae
1223 1427 1421 1492 ‘'festis-QZ

95 1499 260 1536 haesere:
293 1498 410 1535 altera
443 1506 546 1536 metu
581 1501 706 1536 dedita
737 1501 837 1536 hosti
856 1516 866 1546 ;
904 1501 1134 1550 pertinacior
1170 1479 1331 1543 ingaucis
1347 1480 1402 1499 “a

96 1563 342 1614 repugnando
362 1563 446 1599 teli-s
476 1564 614 1600 obruta
640 1571 678 1600 et
697 1564 848 1600 confixa
867 1572 934 1601 est.
992 1564 1209 1601 Verminam

96 1640 215 1678 prope
232 1628 400 1676 vestigiis
421 1629 640 1672 instantem,
658 1630 696 1665 in
717 1629 791 1665 alia
806 1636 918 1678 atque
935 1629 1007 1665 alia
1023 1629 1227 1664 flectendo—

97 1692 235 1727 itinera
262 1690 430 1734 eludens,
455 1692 569 1727 taedio
598 1699 636 1727 et
662 1693 924 1742 desperatione
955 1692 1105 1728 tandem
1134 1693 1209 1728 fes·

97 1767 194 1798 sum,
215 1754 396 1790 absistere
415 1756 606 1803 sequendo
626 1757 774 1804 coegit:
807 1758 886 1806 ipse
906 1769 990 1792 cum
1011 1757 1210 1804 sexaginta

96 1819 286 1868 equitibus
320 1820 367 1856 ad
399 1820 584 1856 minorem
622 1822 760 1871 Syrtim
791 1823 972 1872 pervenit.
1030 1822 1089 1858 Ibi
1124 1835 1209 1858 cum

95 1884 329 1919 conscientia
347 1885 498 1934 egregia
515 1898 612 1936 saepe
632 1888 781 1937 repetiti
803 1888 909 1936 regni
928 1888 1090 1937 paterni,
1111 1888 1209 1923 inter

95 1947 241 1984 Punica
252 1948 434 1998 Emporia
445 1956 676 2000 gentemque
695 1951 968 1988 Garamantum
984 1965 1096 1988 omne
1113 1959 1208 1988 tein-

93 2023 179 2061 pus,
209 2024 325 2060 usque
354 2012 401 2048 ad
431 2013 473 2049 C.
494 2013 600 2049 Laelii
624 2015 827 2064 classisque
855 2015 1040 2052 Romanae
1070 2017 1209 2052 adven-

94 2081 176 2110 tum
210 2075 249 2110 in
278 2074 460 2119 Africam,
495 2080 715 2115 consumsit.
772 2079 866 2116 Haec
901 2081 1066 2115 animum
1100 2080 1208 2115 incli-

96 2145 203 2181 nant,
225 2145 267 2173 ut
282 2151 367 2174 cum
386 2140 537 2176 modico
557 2142 697 2190 potius,
719 2155 829 2191 quam
851 2156 935 2179 cum
955 2157 1094 2193 magno
1114 2159 1209 2196 prae-

98 2201 194 2236 sidio
215 2203 398 2250 equitum,
423 2205 468 2239 ad
499 2206 715 2254 Scipionem
735 2220 884 2256 quoque
913 2215 1045 2257 postea
1058 2211 1209 2246 venisse

95 2264 337 2302 Masinissam
371 2269 542 2304 credam:
589 2270 728 2319 quippe
760 2270 824 2306 illa
853 2273 1045 2319 regnantis
1079 2274 1224 2310 multi—⁷

95 2328 203 2373 tudo,
223 2329 303 2366 haec
321 2332 490 2382 paucitas
507 2333 644 2369 exsulis
665 2333 826 2371 fortunae
848 2338 1072 2374 conveniens
1093 2347 1162 2375 est.

660 2398 697 2434 K
720 2399 741 2434 6
