1507 2656
308 219 462 249 mmm
484 216 605 247 xxx.
640 215 745 245 eAp.
768 216 936 246 xxxn.
1097 214 1174 261 253

69 315 191 347 nostra
216 314 393 360 potestate
420 313 513 344 sunt.
572 307 749 348 Ceterum,
778 307 870 342 sicut
899 305 960 341 tibi
990 318 1083 342 curci>
1111 311 1173 349 est,
1193 313 1230 343 U.
1246 314 1280 344 C.
1298 322 1372 346 550.

67 378 197 412 sentire
221 377 310 412 cives
340 379 428 415 tuos,
462 377 595 421 quanto
624 383 692 420 per
721 376 755 406 te
783 382 886 406 onere
916 371 1099 407 leventur:
1126 360 1227 407 sicA·
1244 359 1278 390 C·
1298 366 1372 390 ²0²³

66 439 157 475 ‘mihi
177 439 410 474 laborandum
436 441 499 478 est,
523 448 580 478 ne,
608 448 684 483 quae
709 439 792 470 tunc
816 436 1044 482 pepigerunt,
1076 435 1178 471 hodie

66 504 248 540 subtracta
272 514 315 538 ex
336 501 594 538 conditionibus
616 502 729 548 pacis,
756 501 908 548 praemia
932 500 1092 547 perfidiae
1112 499 1176 534 ha-

65 568 182 603 beant.
214 567 372 613 Indigni,
391 565 514 613 quihus
533 565 654 600 eadem
671 568 799 611 pateat
819 564 989 605 conditio,
1010 568 1052 598 ut
1067 564 1178 599 etiam

61 632 177 680 prosit
196 631 289 667 vobis
297 630 423 679 fraus,
440 631 574 677 petitis.
633 629 757 676 Neque
772 633 896 676 patres
915 629 1026 663 nostri
1041 630 1179 675 priores

66 696 109 731 de
139 696 279 738 Sicilia,
300 707 410 743 neque
432 707 493 730 nos
516 695 559 729 de
577 695 757 741 Hispania
776 692 934 741 fecimus
959 693 1115 728 bellum:
1144 696 1179 728 et

67 764 151 795 tunc
180 760 479 795 Mamertinorum
504 760 679 794 sociorum
705 759 921 806 periculum,
942 762 976 792 et
994 769 1088 792 nunc
1106 757 1177 792 Sa-

64 826 168 871 gunti
186 826 362 860 excidium
380 824 478 860 nobis
494 825 559 872 pia
578 829 621 859 ac
627 822 730 869 justa
749 824 943 858 induerunt
961 834 1075 857 arma.
1111 821 1177 857 Vos

67 888 254 929 lacessisse,
274 894 309 924 et
336 893 374 923 tu
400 890 473 935 ipse
486 887 636 936 fateris,
658 892 691 922 et
714 887 790 922 Dei
810 891 912 921 testes
929 890 1035 921 sunt:
1064 886 1124 932 qui
1143 889 1178 920 et

64 952 163 987 illius
181 952 262 987 belli
281 954 413 988 exitum
430 953 622 987 secundum
631 950 693 997 jus
701 951 837 999 fasque
851 951 1037 992 dederunt,
1056 954 1091 985 et
1109 949 1176 984 liu-

57 1014 120 1061 jus
135 1017 226 1052 dant
243 1021 279 1052 et
297 1017 444 1052 dabunt.
503 1017 607 1056 Quod
632 1016 681 1050 ad
706 1027 763 1050 me
788 1016 939 1056 adtinet,
960 1019 995 1049 et
1013 1014 1177 1049 humanae

64 1081 284 1128 infirmitatis
301 1082 460 1123 memini,
481 1085 516 1116 et
540 1081 612 1115 vim
627 1078 793 1127 fortuna,⁷
821 1083 962 1126 reputo,
985 1083 1020 1113 et
1039 1078 1174 1118 omnia,

63 1156 288 1193 quiscumque
320 1146 470 1192 agimus,
501 1143 657 1190 subjecta
689 1155 758 1179 esse
790 1144 890 1178 mille
921 1143 1056 1177 casibus
1091 1143 1173 1178 scio.

65 1210 243 1251 Ceterum,
264 1211 561 1257 quemadmodum
578 1209 725 1257 superbe
754 1213 790 1244 et
814 1208 986 1243 violenter
1004 1219 1060 1242 me
1069 1206 1174 1254 fate-

62 1285 120 1308 rer
138 1272 280 1321 facere,
300 1275 330 1309 si
355 1275 468 1321 prius,
490 1286 598 1321 quam
629 1274 665 1308 in
694 1271 863 1320 Africam
893 1269 1120 1316 trajecissem‚
1142 1275 1176 1305 te

65 1341 128 1372 tua
146 1338 330 1373 voluntate
353 1339 529 1374 cedentem
548 1339 674 1380 Italia,
695 1342 741 1379 et,
762 1339 915 1385 inposito
934 1338 971 1372 in
990 1347 1095 1371 naves
1115 1347 1174 1370 ex-

63 1403 189 1443 ercitu,
222 1404 337 1450 ipsum
365 1404 559 1438 venientem
589 1404 637 1438 acl
658 1414 784 1450 pacem.
812 1402 1006 1449 petendam
1029 1401 1175 1447 adsper-

62 1478 192 1510 narer,·
211 1469 260 1502 sic
277 1479 383 1510 nunc,
401 1480 507 1515 quum
521 1480 634 1515 prope
652 1479 761 1502 manu
778 1470 935 1502 conserta
951 1467 1176 1501 restitantem

63 1542 107 1565 ac
134 1532 420 1577 tergiversantem
450 1533 487 1567 in
506 1531 676 1580 Africam
705 1531 939 1572 adtraxerim,
969 1529 1072 1564 nulla
1097 1540 1175 1564 sum

64 1596 127 1630 tibi
158 1597 368 1632 verecundia
394 1596 589 1632 obstrictus.
647 1597 808 1632 Proinde
831 1597 861 1630 si
880 1596 965 1643 quid
992 1595 1040 1629 ad
1068 1605 1109 1628 ea
1137 1594 1174 1628 in

62 1673 138 1708 quoe
168 1666 243 1696 tum
269 1674 343 1709 pax
366 1667 580 1697 conventura
609 1662 808 1702 videbatur,
840 1662 935 1707 (quae
951 1661 1034 1701 sint,
1061 1657 1170 1701 nosti)

62 1727 186 1761 waultae
205 1728 347 1761 navium
368 1738 447 1762 cum
467 1731 663 1762 commeatu
684 1738 750 1773 per
769 1726 930 1760 inducias
949 1728 1175 1772 expugnata-

62 1802 142 1824 rum
173 1790 439 1837 legatorumque
465 1792 679 1826 violatorum
705 1788 889 1835 adjicitur,
915 1793 978 1830 est,
1007 1788 1100 1836 quod
1119 1799 1174 1822 re-

52 1853 180 1900 seram
196 1855 245 1889 ad
265 1856 460 1890 consilium.
519 1855 585 1890 Sin
609 1855 674 1890 illa
693 1866 828 1902 quoque
849 1854 977 1900 gravia
996 1853 1173 1893 videntur,

61 1918 188 1954 bellum
205 1924 349 1966 parate,
367 1921 533 1967 quoniam
549 1931 676 1967 pacem
692 1921 774 1967 pati
792 1931 862 1954 non
879 1918 1056 1966 potuistis,
1113 1915 1175 1951 Ita

63 1981 203 2018 infecta
223 1995 328 2032 pace,
350 1996 396 2018 ex
417 1983 622 2031 conloquio
641 1983 688 2018 ad
708 1994 795 2017 suos
816 1994 931 2030 quum
952 1993 990 2016 se
1010 1980 1172 2029 recepis-
1186 1988 1232 2019 Re
1249 1989 1366 2021 infecta

62 2052 160 2088 sent,
180 2045 319 2082 frustra
339 2046 452 2083 verba
464 2046 613 2096 jactata
631 2047 855 2082 renunciant
872 2060 879 2081 :
914 2044 1025 2080 armis
1043 2043 1171 2079 decer·
1186 2034 1329 2065 redeunt.

61 2109 225 2145 nendum
263 2123 357 2152 csse,
392 2110 678 2160 habendamque
709 2123 792 2146 eam
819 2109 1028 2150 fortunam,
1060 2119 1173 2156 quam

63 2172 127 2208 Dii
147 2173 348 2210 dedissent.

117 2237 295 2274 XXXII.
326 2238 370 2274 In
405 2246 528 2275 castra
561 2247 601 2276 ut
632 2246 688 2276 est
718 2246 886 2282 ventum,
920 2238 1174 2289 pronunciant
1188 2250 1307 2279 Omnia
1325 2259 1379 2289 pa-

1138 2315 1173 2338 e„
1189 2300 1296 2322 rantur
1312 2294 1351 2323 ad

63 2302 189 2344 ambo,
218 2305 331 2339 Arma.
359 2306 563 2353 expedirent
592 2308 722 2342 milites
750 2307 953 2352 aninmsquc
979 2305 1027 2340 ad
1051 2316 1136 2351 supr
1189 2336 1340 2376 proelium

63 2379 155 2403 ‘neum
178 2372 369 2411 certamen,
390 2381 460 2405 non
487 2371 521 2406 in
546 2382 654 2406 unum
676 2372 782 2414 diem,
803 2371 864 2406 sed
884 2371 920 2405 in
945 2373 1174 2417 perpetuum,
