1523 2666
74 1173 187 1203 Terror

77 1216 212 1246 Kartha-

76 1268 153 1297 gun.

279 170 359 203 222
735 175 780 203 T.
804 176 937 204 leu

82 260 438 334 U'{·2⁴{'·‘3bffi's¹¹¹¹
466 264 562 298 acies
591 263 738 300 stabat:
772 266 872 313 quod
902 278 972 302 nec
1002 265 1040 301 in
1066 266 1158 314 fuga
1188 267 1286 304 salus
1313 268 1389 305 ulla

112 324 118 331 ο
154 328 167 334 v.
190 314 235 335 -οὶ
253 328 261 336 ι

273 326 542 364 ostendebatur
561 327 654 363 locis
674 329 829 377 ignotis,
850 343 971 379 neque
999 343 1082 380 spes
1103 331 1219 367 veniae
1239 332 1286 368 ab
1308 333 1388 369 Sci-

272 390 387 440 pione
407 399 510 436 erat3
544 406 668 441 quem,
684 393 781 429 bene
801 396 977 430 meritum
996 395 1042 431 de
1062 408 1100 431 se
1118 402 1154 431 et
1174 403 1288 444 gente
1307 409 1388 440 sua,

272 457 511 491 mercenariis
533 458 644 492 arinis
666 459 702 493 in
719 458 889 495 Africam
909 460 1169 509 obpugnatum
1185 461 1387 498 venissent.

274 519 409 567 Igitur,
432 520 665 556 circumfusis
687 522 851 570 undique
871 523 1059 566 hostibus,
1082 524 1144 560 alii
1163 536 1275 574 super
1294 523 1387 560 alios

274 584 464 624 cadentes,
486 583 668 619 obstinati
690 585 973 622 moriebantur:
998 587 1248 636 omnibusque
1268 588 1305 623 in
1324 600 1388 623 eos

272 649 401 689 versis,
436 648 669 697 aliquantum
708 650 753 686 ad
788 649 919 699 fugam
949 652 1129 701 temporis
1167 652 1320 702 Syphax
1350 658 1387 687 et

272 712 490 748 Hasdrubal
525 720 797 763 praeceperunt,
854 714 1050 763 Fatigatos
1093 715 1194 751 caede
1230 715 1386 759 diutius,

271 790 382 825 quam
401 790 542 827 pugna,
563 779 723 814 victores
743 791 821 814 nox
840 778 1041 829 obpressit.

324 841 397 878 IX.
428 842 588 879 Postero
618 844 678 879 die
708 844 836 893 Scipio
861 843 1025 880 Laelium
1053 842 1387 893 Masinissamque,

270 919 355 942 cum
376 907 478 942 omni
498 906 677 944 Romano
698 914 735 944 et
765 907 970 945 Numidico
991 909 1162 957 equitatu
1183 908 1385 958 expeditis-

269 983 342 1019 que
361 970 537 1014 militum,
558 971 605 1007 ad
624 973 901 1021 persequendos
924 973 1133 1022 Syphacem
1152 979 1265 1021 atque
1285 971 1388 1008 Has-

269 1033 461 1070 drubalem
491 1035 631 1071 mittit:
664 1036 757 1084 ipse,
779 1049 863 1071 cuni
893 1035 1030 1072 robore
1054 1036 1254 1079 exercitus,
1276 1035 1386 1072 urbes

270 1099 383 1142 circa,
406 1113 488 1148 quae
508 1112 639 1137 omnes
670 1100 1054 1149 Karthaginiensium
1081 1100 1234 1136 ditionis
1264 1105 1386 1143 erant,

270 1164 407 1213 partim
438 1176 516 1213 spe,
537 1164 674 1214 partini
704 1171 822 1207 metu,
852 1165 990 1214 partim
1010 1165 1046 1200 vi
1065 1164 1227 1212 subegit.
1283 1163 1385 1199 Kar-

271 1228 419 1276 thagini
449 1228 599 1277 quidem
626 1235 706 1264 erat
731 1229 864 1277 ingens
887 1235 1023 1271 terror,
1051 1235 1089 1264 et
1113 1227 1385 1264 circumferen-

269 1301 346 1331 tem
367 1308 470 1331 arma
491 1296 723 1345 Scipionem,
745 1295 921 1331 omnibus
943 1295 1111 1331 finitimis
1140 1295 1279 1344 raptim
1301 1306 1387 1344 per-

269 1360 436 1403 domitis,
470 1360 591 1410 ipsam
621 1360 902 1409 Karthaginem
935 1365 1090 1409 repente
1124 1358 1387 1408 adgressurum

268 1425 484 1462 credebant.
541 1425 676 1475 ltaque
696 1432 733 1461 et
752 1425 848 1461 muri
868 1424 1147 1467 reficiebantur,
1168 1435 1386 1473 propugna-

268 1489 437 1538 culisque
463 1489 729 1525 armabantur:
762 1496 800 1524 et
827 1502 898 1539 pro
917 1501 956 1524 se
976 1490 1147 1537 quisque,
1167 1500 1250 1536 quae
1271 1486 1385 1522 diuti-

242 1567 327 1599 *nae
365 1554 554 1590 obsidioni
590 1553 796 1590 tolerandae
833 1560 935 1597 sunt,
974 1566 1020 1590 ex
1057 1552 1156 1600 agris
1194 1551 1385 1587 convehit.

266 1617 373 1655 Rara
397 1618 541 1654 mentio
572 1624 629 1653 est
665 1618 783 1667 pacis,
821 1617 1056 1666 frequentior
1092 1616 1304 1664 legatorum
1337 1614 1384 1650 ad

266 1681 524 1719 Hannibalem
546 1681 810 1718 arcessendum
827 1681 1101 1717 mittendorum
1118 1696 1124 1716 :
1157 1692 1242 1730 pars
1262 1679 1382 1715 maxi-

267 1759 329 1783 ma
348 1746 518 1789 classem,
540 1759 622 1795 quae
650 1745 696 1782 ad
720 1752 952 1781 commeatus
983 1744 1225 1794 excipiendos
1250 1749 1383 1794 parata

268 1817 362 1854 erat,
384 1811 532 1846 mittere
545 1809 686 1860 jubent
715 1810 762 1845 ad
782 1809 1072 1860 obprimendam
1091 1808 1295 1844 stationem
1314 1819 1381 1843 na-

268 1876 368 1913 vium
397 1876 442 1912 ad
474 1876 640 1918 Uticam,
671 1875 824 1911 incaute
853 1879 1052 1923 agentem:
1084 1872 1246 1909 forsitan
1269 1871 1384 1908 etiam

267 1940 416 1977 navalia
446 1945 581 1983 castra,
603 1939 735 1975 relicta
754 1951 839 1974 cum
868 1938 941 1974 levi
970 1937 1159 1988 praesidio,
1180 1936 1381 1986 obpressu-

264 2016 340 2041 τος.
397 2004 443 2040 In
469 2004 542 2040 hoc
569 2002 769 2039 consilium
802 2002 965 2038 maxime
995 2000 1203 2037 inclinant:
1235 1999 1381 2048 legatos

266 2078 394 2106 'famen
424 2070 469 2106 ad
500 2068 758 2106 Hannibalem
787 2068 994 2104 mittendos
1015 2071 1196 2103 censent:
1228 2066 1382 2115 quippe,

267 2135 376 2172 classi
397 2141 438 2171 ut
457 2134 672 2171 felicissime
701 2139 880 2182 gerantur
899 2145 972 2175 res,
992 2138 1100 2182 parte
1119 2130 1245 2179 aliqua
1265 2130 1382 2165 levari

266 2200 391 2238 Uticae
412 2200 647 2236 obsidionem
664 2214 670 2234 :
694 2198 974 2246 Karthaginem
992 2197 1113 2247 ipsam
1132 2196 1196 2245 qui
1215 2200 1380 2237 tueatur,

265 2278 387 2314 neque
407 2265 673 2314 imperatorem
694 2263 822 2304 alium,
840 2275 951 2311 quam
968 2259 1239 2302 Hannibalem,
1256 2270 1379 2306 neque

267 2330 472 2366 exercitum
494 2329 622 2372 alium,
644 2341 756 2378 quain
778 2326 1021 2371 Hannibalis,
1042 2335 1252 2377 superesse.
1300 2322 1378 2359 De-
