1523 2666
337 193 419 234 4¹2
791 191 835 219 Τ.
862 191 994 219 mvn

146 282 234 318 σε.
253 281 482 332 556.Ρὶιοῑὶ.ς,
504 286 545 316 ut
577 279 741 329 pondere
772 280 1011 315 traherentur
1041 278 1078 314 in
1107 277 1349 328 profundum,
1380 279 1445 314 ad-

144 332 183 360 A.
198 331 234 361 C.
255 336 325 364 196.

143 861 260 892 Pacem
293 860 302 867 ⁴

139 905 228 934 ‘erare
245 915 298 935 co-

140 955 273 987 guntur.

145 1768 239 1804 Leges
257 1774 310 1805 pa·

144 1819 187 1838 cas
204 1818 280 1838 cum

140 1851 300 1892 Philippo.

339 359 458 382 nexa:
494 343 609 380 multa
634 343 805 379 facinora
831 343 1041 393 Acraephiae
1071 348 1108 378 et
1135 342 1318 378 Coroneae
1344 342 1447 378 facta

337 409 638 447 inveniebantur.
694 408 896 447 Quinctius
930 409 1053 458 primo
1086 407 1221 442 noxios
1250 405 1348 442 tradi
1374 405 1447 442 sibi

331 474 462 526 jussit,
482 480 520 509 et
544 486 614 523 pro
640 472 855 521 quingentis
884 471 1066 508 militibus
1100 473 1176 519 (tot
1204 470 1304 506 enim
1330 470 1449 506 inter-

338 540 436 590 cepti
476 537 600 584 erant)
640 537 850 585 quingenta
885 535 1029 572 talenta
1064 536 1226 572 Boeotos
1264 533 1450 571 conferre.

338 604 511 642 Quorum
531 607 706 637 neutrum
726 613 842 649 quum
862 600 982 642 fieret,
1004 599 1126 635 verbis
1146 604 1294 635 tantum
1315 598 1448 634 civita-

338 672 395 702 tes
422 669 658 707 excusarent,
679 663 775 699 nihil
806 662 959 713 publico
983 663 1143 698 consilio
1172 662 1316 698 factum
1341 673 1447 706 esse,

337 731 460 766 missis
482 730 653 765 Athenas
681 734 717 763 et
740 728 779 763 in
806 728 992 763 Achaiam
1010 726 1159 775 legatis,
1181 726 1244 775 qui
1264 731 1451 761 testaren-

337 800 400 830 tur
420 794 546 835 sociis,
561 792 670 842 justo
690 792 830 841 pioque
849 790 950 827 bello
971 803 1010 826 se
1029 796 1313 840 persecuturum
1331 789 1450 825 Boeo-

338 864 414 902 tos,
436 864 474 894 et
495 871 578 894 cum
606 863 714 907 parte
743 856 937 905 copiarum
965 855 1008 891 P.
1031 854 1191 890 Claudio
1211 854 1451 904 Acraephiam

338 923 392 958 ire
405 921 529 972 jusso,
549 933 633 957 cum
652 926 759 970 parte
780 919 995 955 Coroneam
1012 918 1273 954 circumsedit:
1303 923 1450 953 evasta-

338 987 385 1022 tis
406 986 508 1036 prius
530 985 643 1033 agi-IS,
665 996 775 1032 quam
803 983 850 1019 ab
881 982 1010 1019 Elatia
1031 982 1106 1018 duo
1133 981 1278 1018 diversa
1296 982 1450 1030 agmina

338 1051 426 1086 iere.
484 1049 570 1085 Hac
597 1047 759 1098 perculsi
784 1047 889 1083 clade
917 1046 1062 1089 Boeoti,
1088 1059 1202 1095 quum
1223 1046 1352 1082 onmia
1371 1051 1448 1081 ter-

338 1126 422 1149 rore
464 1126 507 1149 ac
543 1113 635 1161 fuga
671 1111 937 1161 complessent,
977 1110 1123 1158 legatos
1160 1111 1337 1145 mittunt:
1385 1109 1450 1159 qui

338 1190 453 1226 quum
474 1178 512 1212 in
533 1183 656 1212 castra
669 1189 746 1211 non
767 1176 1071 1217 admitterentur,
1089 1174 1221 1210 Achaei
1236 1174 1450 1210 Athenien·

338 1255 470 1291 sesque
491 1247 800 1292 supervenerunt,
856 1239 946 1275 Plus
971 1240 1209 1275 auctoritatis
1229 1239 1361 1274 Achaei
1380 1238 1450 1275 ha-

336 1307 514 1349 buerunt,
549 1307 814 1355 deprecantes:
862 1316 919 1346 ae,
954 1304 993 1339 ni
1027 1304 1282 1352 inpetrassent
1317 1315 1450 1353 pacem

335 1370 500 1412 Boeotis,
539 1369 680 1406 bellum
728 1367 839 1404 simul
887 1379 1016 1416 gerere
1053 1366 1311 1403 decreverunt.
1377 1366 1452 1403 Per

335 1435 498 1470 Achaeos
537 1440 575 1470 et
612 1433 760 1469 Boeotis
800 1432 911 1481 copia
948 1431 1109 1467 adeundi
1149 1430 1450 1480 adloquendique

335 1498 555 1535 Romanum
588 1498 691 1534 facta
721 1504 791 1540 est,
821 1496 1015 1546 jussisque
1045 1496 1192 1531 tradere
1225 1495 1379 1538 noxios,
1411 1500 1449 1530 et

336 1562 464 1598 multae
496 1563 649 1598 nomine
675 1562 835 1610 triginta
864 1561 1008 1597 talenta
1034 1561 1220 1605 conferre,
1243 1573 1318 1611 pax
1345 1560 1448 1604 data,

337 1633 375 1662 et
395 1626 442 1662 ab
462 1627 749 1676 obpugnatione
770 1638 970 1662 recessum.

390 1689 528 1728 XXX.
558 1690 653 1726 Post
678 1701 818 1739 paucos
849 1690 927 1725 dies
957 1689 1086 1725 decem
1116 1687 1232 1737 legati
1256 1688 1302 1724 ab
1322 1686 1451 1727 Roma

335 1761 534 1798 venerunt,
555 1767 716 1803 quorum
736 1767 782 1790 ex
802 1753 962 1792 consilio
988 1766 1063 1803 pax
1091 1753 1178 1789 data
1204 1753 1382 1803 Philippo
1408 1754 1448 1789 in

335 1818 403 1854 has
437 1818 537 1867 leges
573 1824 641 1855 est.
700 1819 827 1854 Omnes
869 1819 1071 1854 Graecorum
1104 1818 1277 1860 civitates,
1308 1830 1385 1865 quae
1413 1819 1450 1854 in

337 1883 501 1930 Europa,
536 1893 680 1930 quaeque
712 1883 750 1917 in
783 1883 873 1918 Asia
911 1886 1036 1923 essent,
1069 1881 1266 1917 libertatem
1296 1893 1339 1917 ac
1368 1894 1451 1917 suus

336 1948 427 1994 leges
446 1946 633 1982 haberent:
663 1958 739 1994 quae
765 1957 888 1982 eurum
909 1946 970 1982 sub
1001 1947 1134 1981 ditione
1163 1945 1330 1992 Philippi
1346 1945 1448 1993 fuis-

332 2015 423 2053 sent,
440 2012 611 2058 proesiclia
629 2022 671 2045 ex
696 2010 748 2046 lzis
769 2010 962 2058 Philippus
989 2010 1199 2045 deduceret:
1231 2009 1295 2051 his,
1318 2022 1394 2057 quse
1415 2012 1450 2045 in

334 2077 421 2111 Asia
440 2079 565 2116 essent,
581 2075 754 2117 Euromo,
772 2075 1003 2122 Pedasisque,
1022 2078 1056 2108 et
1077 2074 1270 2120 Bargyliis,
1287 2078 1320 2109 et
1337 2074 1451 2116 Iasso,

333 2145 367 2175 et
387 2139 547 2186 Myrina,
570 2144 603 2174 et
624 2139 763 2186 Abydo,
785 2144 820 2174 et
851 2139 982 2181 Thaso,
1005 2144 1040 2174 et
1059 2138 1259 2174 Perintho:
1288 2150 1347 2173 eos
1365 2151 1452 2186 quo-

332 2215 399 2251 que
415 2204 506 2238 enim
524 2203 669 2250 placere
686 2203 813 2238 liberas
832 2215 914 2240 esse.
977 2203 1038 2239 De
1060 2202 1253 2238 Cianorum
1274 2201 1447 2245 libertate,

334 2268 519 2308 Quinctius
538 2267 678 2302 Prusice
695 2267 931 2314 Bithynorum
955 2268 1031 2314 regi
1049 2266 1226 2308 scriberet,
1248 2266 1334 2313 quid
1346 2277 1447 2302 sena-

333 2334 384 2368 tui
406 2336 440 2367 et
460 2332 579 2368 decem
606 2332 734 2380 legatis
755 2332 962 2381 placuisset.
1022 2331 1190 2380 Captivos
1221 2328 1445 2379 transfugas-
