1523 2666
130 249 176 281 U.
187 250 224 280 C.
239 258 311 283 543.

130 293 172 323 A.
186 292 221 324 C.
238 301 311 328 209.

127 508 283 541 Proelium

126 561 222 591 aequo

126 594 242 628 Marte.

123 1278 273 1309 Alterum

121 1323 290 1360 proelium,

122 1365 156 1395 in
170 1376 235 1404 quo
251 1378 304 1397 su-

121 1410 225 1446 perior
236 1411 303 1441 Poe—

124 1460 197 1483 nus.

115 2248 282 2280 Exercitus

115 2298 229 2321 acriter
244 2302 263 2321 a

114 2333 272 2365 Marcello

113 2376 297 2417 increpitus.

328 162 381 196 22
784 165 829 194 T.
855 167 988 197 mvn

326 267 462 304 pugnae
483 266 561 290 non
580 255 832 292 necessarium
852 257 1036 294 ducebat:
1071 265 1214 296 tractus
1241 267 1298 296 est
1317 266 1445 298 tamen

326 319 373 355 ad
399 319 448 362 id,
471 318 573 367 quod
591 318 750 362 vitabat,
778 326 981 359 certamen.
1040 323 1170 359 Nocte
1197 337 1447 374 praegressum

326 383 545 432 adsequitur
563 382 656 419 locis
676 382 798 432 planis
820 397 863 420 ac
883 386 1102 434 patentibus
1122 387 1328 424 Marcellus
1345 403 1353 424 :
1382 402 1444 425 ca-

325 453 403 482 stra
419 446 506 482 inde
526 452 747 496 ponentem,
764 449 971 497 pugnando
987 451 1152 500 undique
1166 452 1202 487 in
1221 453 1444 495 munitores,

322 511 502 562 operibus
522 509 712 560 prohibet.
768 511 830 548 Ita
849 514 958 561 signa
973 514 1140 559 conlata,
1157 521 1444 565 pugnatumque

322 577 413 612 totis
435 575 554 625 copiis
571 589 578 610 ι
612 581 663 618 et,
677 588 793 624 quum
805 575 887 626 jam
905 590 983 614 nox
1002 579 1176 623 instaret,
1192 579 1320 616 Marte
1337 593 1444 629 aequo

321 640 527 676 discessum
552 645 632 675 est:
667 646 803 683 castra,
832 641 972 690 exiguo
993 643 1174 679 distantia
1199 644 1338 694 spatio,
1358 655 1446 694 rap-

320 704 390 740 tim
411 710 499 740 ante
514 710 667 740 noctem
684 706 910 755 permunita.
966 706 1128 743 Postero
1144 708 1203 744 die
1222 708 1306 744 luce
1324 709 1447 759 prima

320 767 526 804 Marcellus
564 769 603 805 in
638 769 758 805 aciem
795 770 923 820 copias
962 771 1115 807 eduxit:
1147 785 1218 807 nec
1247 771 1446 808 Hannibal

320 833 546 869 detractavit
573 839 779 875 certamen,
800 833 928 869 multis
949 834 1072 870 verbis
1093 835 1316 872 adhortatus
1342 835 1443 872 mili-

321 905 391 940 tes,
425 903 477 941 ut,
503 910 674 934 memores
698 898 897 933 Trasimeni
928 898 1216 948 Cannarumque,
1246 902 1441 937 contunde-

319 968 399 999 rent
416 962 599 1012 ferociam
627 963 760 999 hostis:
788 975 916 1010 urgere
944 968 1051 1011 atque
1079 965 1214 1001 instare
1241 977 1345 1002 eum:
1373 978 1445 1003 non

318 1029 388 1064 iter
407 1029 542 1076 quietos
559 1027 701 1076 facere,
722 1039 793 1063 nou
821 1032 939 1063 castra
966 1041 1099 1076 ponere
1116 1031 1210 1077 pati,
1230 1042 1302 1066 non
1330 1033 1443 1079 respi-

318 1104 402 1128 rare
422 1097 486 1128 aut
515 1093 808 1140 circumspicere:
836 1094 995 1140 quotidie
1012 1095 1119 1130 simul
1145 1096 1316 1131 orientem
1332 1097 1443 1132 solem

318 1162 354 1193 et
374 1158 579 1193 Romanam
608 1159 720 1193 aciem
748 1159 785 1193 iu
806 1159 940 1205 campis
967 1159 1160 1196 videndam
1184 1171 1266 1196 esse.
1310 1160 1353 1196 Sz·
1371 1172 1442 1196 uno

318 1223 444 1269 proelio
464 1222 562 1257 haud
587 1223 791 1257 incruentus
809 1222 927 1264 abeat,
949 1224 1101 1270 quietius
1120 1224 1245 1259 deinde
1265 1225 1443 1272 tranquil—

321 1290 458 1338 liusque
491 1301 569 1325 eum,
593 1290 823 1325 bellaturum.
881 1289 954 1324 His
988 1289 1126 1325 irritati
1163 1289 1441 1326 adhortationi·

317 1353 402 1396 bus,
435 1353 620 1401 simulque
650 1353 764 1388 taedio
793 1352 944 1388 ferociae
977 1353 1145 1389 hostium
1175 1354 1345 1402 quotidie
1381 1354 1441 1390 in-

317 1418 500 1454 stantium
537 1417 893 1465 lacessentiumque,
925 1418 1061 1454 acriter
1089 1417 1265 1467 proelium
1294 1418 1440 1455 ineunt.

315 1482 533 1530 Pugnatum
555 1480 714 1530 amplius
735 1480 879 1516 duabus
900 1481 1003 1516 horis
1021 1487 1100 1516 est:
1134 1481 1264 1517 cedere
1283 1481 1371 1517 inde
1389 1481 1438 1518 ab

317 1545 504 1582 Romanis
521 1545 653 1580 dextra
672 1543 732 1579 ala
752 1550 789 1579 et
806 1544 1097 1580 extraordinarii
1114 1557 1275 1594 coepere.
1323 1544 1438 1583 Quod

317 1609 383 1646 ubi
398 1608 604 1645 Marcellus
618 1607 725 1649 vidit,
743 1607 1086 1644 duodevicesimam
1101 1608 1291 1657 legionem
1306 1608 1345 1644 in
1360 1609 1438 1658 pri-

316 1687 417 1710 mam
447 1674 567 1709 aciem
588 1673 744 1709 inducit.
800 1672 904 1708 Dum
931 1672 995 1708 alii
1025 1673 1162 1722 trepidi
1191 1673 1344 1716 cedunt,
1375 1671 1440 1709 alii

316 1739 483 1788 segniter
503 1738 680 1780 subeunt,
703 1736 858 1773 turbata
885 1743 969 1773 tota
994 1738 1093 1773 acies
1121 1744 1191 1780 est,
1213 1738 1300 1773 dein
1329 1750 1437 1788 pror-

313 1816 376 1839 sus
396 1802 506 1847 fusa3
539 1808 591 1844 et,
611 1802 786 1837 vincente
812 1802 996 1851 pudorem
1016 1808 1134 1844 metu,
1155 1808 1263 1851 terga
1282 1802 1437 1840 dabant.

315 1867 495 1904 Cecidere
514 1867 552 1902 in
572 1879 702 1916 pugna
719 1865 885 1915 fugaque
914 1867 961 1903 ad
980 1867 1055 1902 duo
1081 1866 1200 1902 millia
1229 1873 1267 1902 et
1292 1866 1436 1916 septin-

313 1934 419 1982 genti
440 1933 576 1969 civium
600 1933 887 1980 sociorumque:
921 1931 960 1966 in
988 1931 1047 1966 his
1077 1937 1242 1979 quatuor
1266 1929 1436 1967 Romani

312 1998 569 2039 centuriones,
599 1996 674 2031 duo
695 1995 838 2031 tribuni
858 1995 1034 2037 militum,
1055 1994 1112 2031 M.
1129 1994 1300 2031 Licinius
1322 2000 1359 2030 et
1375 1994 1434 2032 M.

312 2061 485 2098 Helvius.
540 2060 657 2108 Signa
676 2059 855 2095 militaria
873 2065 1037 2108 quatuor
1056 2059 1102 2094 de
1120 2058 1194 2102 ala,
1211 2058 1333 2109 prima
1352 2072 1434 2108 quae

309 2125 433 2174 fugit,
466 2124 540 2160 duo
560 2123 606 2159 de
625 2123 789 2171 legione,
811 2136 893 2172 quae
914 2122 1134 2158 cedentibus
1155 2122 1266 2158 sociis
1287 2134 1435 2158 succes·
1486 2173 1487 2176 Ἴ

311 2194 427 2232 serat,
449 2188 600 2224 amissa.

365 2253 484 2289 XIII.
513 2250 733 2294 Marcellus,
756 2257 957 2300 postquam
978 2250 1016 2285 in
1037 2257 1162 2287 castra
1180 2249 1344 2286 reditum
1361 2257 1431 2294 est,
1483 2250 1486 2291 J

311 2318 536 2355 concionem
556 2316 651 2353 adeo
672 2328 808 2352 scevam
835 2322 948 2365 atque
967 2315 1144 2352 acerbam
1164 2314 1263 2366 apud
1289 2314 1428 2352 milites
