1523 2666
316 149 370 189 66
775 162 820 190 T.
844 164 978 193 L1v11

123 256 214 287 U.C.
232 262 400 287 uarum
419 250 697 288 decurrentium
724 265 790 303 per
809 253 923 290 colles
945 254 1100 298 clamor,
1121 254 1169 291 ab
1189 262 1298 305 tergo
1318 257 1422 293 audi-

122 299 162 329 A.
177 299 213 330 C.

122 382 269 412 Vincunt

123 425 275 456 Romani.

231 306 285 333 ‘²⁰‘
298 320 305 328 ‘
318 323 392 357 tus,
413 322 569 359 metum,
590 329 637 353 ne
658 317 996 355 intercluderentur
1016 332 1037 355 a
1058 319 1203 362 castris,
1221 319 1429 369 injecisset..

319 379 413 415 Inde
445 392 563 429 pavor
598 381 785 424 incussus,
817 388 855 418 et
891 382 982 431 fuga
1014 383 1155 433 passim
1187 382 1267 418 fieri
1300 389 1427 432 coepta

319 449 398 480 est:
430 444 628 492 minorque
649 445 767 481 caedes
787 445 874 488 fnit,
895 447 984 495 quia
1001 446 1264 496 propinquitas
1284 453 1428 483 castro-

318 521 402 545 rum
420 508 632 545 breviorem
652 509 781 558 fugam
801 509 980 559 perculsis
999 509 1102 546 fecit.
1149 510 1308 559 Equites
1329 510 1430 546 enim

319 580 427 622 tergo
460 573 718 619 inhaerebant5
752 575 791 610 in
821 581 1034 611 transversa
1065 575 1186 611 latera
1214 575 1430 611 invaserant

318 638 509 681 cohortes,
531 638 704 674 secundis
731 638 890 674 collibus
910 639 971 675 via
988 639 1090 675 nuda
1115 652 1158 675 ac
1177 638 1281 675 facili
1299 639 1430 675 decur-

316 708 466 739 rentes:
499 708 628 738 tamen
654 714 767 754 supra
792 709 881 739 octo
910 702 1030 739 millia
1054 703 1253 740 hominum
1281 703 1432 746 occisa,-

313 776 431 817 supra
467 768 730 818 septingentos
767 768 894 818 capti:
935 768 1045 816 signa
1079 767 1260 803 militaria
1295 779 1434 804 novem

317 831 490 869 ademta:
532 831 724 882 elephanti
761 832 890 875 etiam,
921 843 1082 881 quorum
1109 830 1234 867 nullus
1271 843 1358 867 usus
1391 831 1432 868 in

316 895 517 949 repentina
536 908 579 931 ac
600 895 847 931 tumultuaria
872 907 1002 946 pugna
1019 894 1159 938 fuerat,
1180 900 1345 943 quatuor
1364 906 1430 930 oc-

317 959 400 1004 cisi,
421 959 497 996 duo
524 960 637 1010 capti.
695 960 807 996 Circa
825 961 1054 1010 quingentos
1074 958 1342 996 Romanorum
1367 971 1431 995 so-

315 1025 719 1074 ciorumquervictores
744 1025 973 1062 ceciderunt.
1028 1024 1190 1061 Postero
1211 1024 1271 1060 die
1289 1023 1432 1061 Poenus

315 1089 483 1139 quievit:
515 1089 729 1134 Romanus,
760 1090 800 1126 in
830 1090 951 1126 aciem
982 1090 1101 1140 copiis
1135 1089 1296 1132 eductis,
1325 1095 1434 1139 post-

315 1165 432 1202 quam
451 1154 642 1190 neminem
661 1155 770 1203 signa
789 1160 924 1190 contra
944 1153 1074 1190 efferre
1086 1153 1194 1196 vidit,
1216 1152 1338 1203 spolia
1355 1152 1433 1203 legi

316 1229 500 1254 caesorum
538 1218 721 1261 hostium,
752 1225 791 1254 et
827 1230 981 1254 suorum
1010 1230 1171 1268 corpora
1208 1216 1360 1254 conlata
1392 1218 1434 1254 in

315 1292 436 1316 unum
465 1281 612 1331 sepeliri
635 1280 774 1331 jussit:
807 1281 896 1318 inde
923 1280 1210 1332 insequentibus
1240 1281 1432 1318 continuis

317 1344 449 1380 diebus
479 1345 626 1394 aliquot
654 1346 708 1382 ita
736 1347 876 1382 institit
907 1346 1044 1397 portis,
1075 1352 1117 1382 ut
1145 1357 1264 1396 prope
1295 1345 1436 1382 inferre

318 1409 429 1457 signa
447 1410 658 1446 videretur:
691 1411 812 1448 donec
834 1410 1033 1447 Hannibal
1057 1410 1171 1446 tertia
1189 1409 1334 1459 vigilia,
1354 1422 1436 1447 cre-

316 1472 396 1510 bris
433 1475 584 1523 ignibus
614 1475 957 1524 tabernaculisque,
985 1488 1067 1524 quae
1103 1487 1189 1524 pars
1223 1480 1435 1512 castrorum
1490 1494 1494 1499 ·

320 1539 368 1575 ad
386 1539 516 1575 hostes
542 1539 736 1587 vergebat,
759 1546 796 1575 et
815 1539 992 1575 Numidis
1018 1539 1162 1588 pauciS‚
1184 1538 1247 1587 qui
1267 1539 1307 1574 in
1333 1537 1433 1574 vallo

320 1605 515 1653 portisque
535 1616 574 1640 se
594 1604 851 1646 ostenderent,
868 1603 1023 1646 relictis,
1045 1602 1236 1652 profectus
1254 1602 1434 1652 Apuliam

319 1676 449 1718 petere
469 1668 644 1704 intendit.
702 1668 781 1704 Ubi
801 1667 951 1710 inluxit,
973 1667 1155 1702 successit
1169 1666 1268 1703 vallo
1287 1666 1433 1704 Roma-

320 1745 371 1769 na
399 1734 521 1769 acies:
555 1739 593 1769 et
620 1732 799 1769 Numidae
834 1745 880 1768 ex
908 1731 1123 1781 composito
1151 1729 1357 1782 paullisper
1392 1731 1433 1767 in

320 1798 441 1848 portis
459 1810 498 1834 se
513 1797 686 1847 valloque
702 1802 940 1832 ostentavere
955 1810 963 1830 t
986 1794 1233 1843 frustratique
1249 1794 1434 1844 aliquam-

319 1863 386 1899 diu
404 1863 548 1905 hostes,
565 1862 689 1897 citatis
711 1862 814 1910 equis
836 1873 971 1909 agmen
989 1872 1144 1895 suorum
1164 1859 1434 1908 adsequuntur.

318 1925 479 1969 Consul,
510 1926 575 1961 ubi
605 1925 796 1961 silentium
826 1926 865 1960 in
885 1925 1031 1965 castris,
1057 1930 1094 1958 et
1116 1935 1162 1958 ue
1189 1935 1329 1972 paucos
1351 1924 1434 1972 qui-

318 1990 418 2032 dem,
439 1991 502 2039 qui
522 1991 644 2039 prima
663 1989 745 2026 luce
761 1988 1114 2030 obambulaverant,
1132 1996 1239 2036 parte
1259 1986 1334 2022 ulla
1354 2000 1434 2023 cer-

318 2053 448 2096 nebat,
471 2053 618 2090 duobus
645 2053 832 2102 equitibus
860 2051 1095 2102 speculatum
1122 2052 1160 2087 in
1188 2057 1309 2087 castra
1336 2064 1432 2101 prae-

318 2117 456 2160 missis,
480 2122 684 2167 postquam
711 2117 800 2152 satis
827 2122 910 2152 tuta
933 2116 1060 2151 omnia
1087 2127 1168 2150 esse
1195 2114 1433 2164 exploratum

320 2186 390 2223 est,
426 2180 556 2216 inferri
594 2181 702 2228 signa
731 2179 870 2230 jussit:
903 2186 1127 2229 tantumque
1158 2180 1212 2216 ibi
1247 2186 1432 2223 moratus,

320 2244 409 2280 dum
433 2244 570 2281 milites
599 2245 642 2281 ad
672 2245 836 2295 praedam
856 2244 1086 2286 discurrunt,
1114 2245 1281 2292 receptui
1302 2244 1435 2280 deinde

320 2309 471 2353 cecinit,
493 2308 688 2359 multoque
708 2316 795 2347 ante
815 2316 968 2346 noctem
988 2309 1114 2360 copias
1135 2308 1297 2346 reduxit.
1336 2308 1431 2345 Pos-
