1507 2656
338 215 493 243 LIBER
518 211 709 242 XXXIII.
743 212 850 242 CAP.
874 214 1032 243 XXXV·
1163 215 1244 257 417

133 300 312 339 Pleurato
344 303 470 352 Lycus
498 308 535 338 et
561 302 734 339 Parthini
766 302 868 338 dati:
901 301 1119 351 Illyriorum
1142 310 1245 340 utra-
1259 308 1300 339 U.
1313 307 1348 337 C.
1368 313 1440 338 55⁶3.

131 379 205 416 que
230 380 321 417 gens
341 367 409 403 sub
431 368 576 404 dition‘e
592 366 759 416 Philippi
779 365 918 402 fuerat.
957 367 1246 416 Amynandrum
1259 353 1298 382 A*
1314 351 1349 382 C*
1369 355 1439 383 Μ’

130 437 260 468 tenere
271 430 470 482 jusserunt
495 430 662 475 castella,
684 444 766 481 quae
790 443 856 481 per
874 430 964 467 belli
984 437 1131 481 tempus
1151 431 1243 468 Phi-

132 495 238 546 lippo
258 502 369 546 capta
388 496 602 533 ademisset.
862 543 868 546 -

183 559 358 596 XXXV.
389 560 558 596 Dimisso
583 565 790 602 conventu,
812 559 940 596 decem
963 558 1094 609 legati,
1114 560 1246 610 partiti

130 624 261 660 munia
288 625 388 661 inter
413 638 467 668 se,
489 625 536 661 ad
561 624 776 661 liberandas
806 637 882 660 suae
902 625 1058 674 quisque
1078 625 1244 673 regionis

132 688 303 724 civitates
337 689 607 725 discesserunt:
648 689 691 724 P.
726 688 913 724 Lentulus
946 688 1160 738 BargyliaS,
1198 689 1246 726 L.

133 752 335 788 Stertinius
366 752 631 802 Hephaestiam
660 759 699 788 et
724 753 894 789 Thasum
924 759 961 788 et
986 752 1160 789 Thraciae
1183 766 1247 789 ur-

131 815 212 859 bes,
233 816 276 853 P.
297 816 432 853 Villius
453 824 491 853 et
510 817 557 854 L.
573 817 773 853 Terentius
791 817 838 853 ad
857 830 984 866 regem
995 817 1246 861 Antiochum,

133 880 203 916 Cn.
236 880 435 916 Cornelius
465 881 513 917 ad
546 880 777 931 Philippum.
834 881 925 924 Qui,
955 881 1000 917 de
1034 881 1244 918 minoribus
1257 890 1452 922 Cn.C0rne-

131 943 242 979 rebus
281 945 389 980 editis
428 945 630 988 mandatis,
669 951 951 995 percunctatuS,
987 946 1017 980 si
1045 945 1244 983 consilium
1258 935 1319 964 ὡς
1333 934 1452 972 Philip-

131 1020 209 1044 non
230 1008 322 1044 utile
342 1008 479 1051 solum,
501 1009 565 1044 sed
588 1010 703 1045 etiam
723 1009 902 1052 salutare,
924 1009 1124 1046 admittere
1144 1011 1244 1047 auri·
1257 986 1433 1051 epra-con—

129 1071 200 1109 bus
221 1080 364 1122 posset,
386 1087 501 1123 quum
521 1086 585 1109 rex
607 1074 748 1122 gratias
768 1086 918 1122 quoque
939 1086 978 1110 se
998 1080 1170 1110 acturum
1190 1075 1245 1111 di-

131 1143 245 1180 ceret,
267 1137 299 1172 si
318 1138 421 1186 quid,
442 1138 544 1187 quod
566 1138 604 1173 in
632 1149 711 1173 rem
731 1149 836 1173 suam
857 1143 968 1180 esset,
990 1146 1244 1188 expromeret,

130 1213 360 1251 magnopere
381 1203 413 1238 ei
434 1203 565 1245 suasit,
584 1203 764 1251 quoniam
783 1214 914 1252 pacem
936 1203 1175 1252 inpetrasset,
1198 1204 1246 1239 ad

131 1267 354 1303 societatem
373 1267 654 1316 amicitiamque
675 1267 875 1317 petendam
897 1267 1064 1302 mitteret
1079 1266 1246 1304 Romam

131 1329 277 1379 legatos
292 1346 302 1375 3
334 1343 396 1373 ne,
413 1331 545 1379 siquid
560 1331 774 1366 Antiochus
791 1336 973 1373 moveret,
991 1337 1244 1380 exspectasse,

132 1400 169 1430 et
190 1401 403 1446 temporum
423 1396 728 1445 opportunitates
757 1402 928 1445 captasse
947 1395 995 1430 ad
1014 1394 1245 1438 bellandum,

130 1459 249 1495 videri
277 1465 418 1509 posset.
475 1459 537 1495 Ad
557 1459 700 1508 Tempe
721 1458 941 1494 Thessalica
966 1458 1166 1508 Philippus
1189 1466 1246 1495 est

131 1529 359 1559 conventus:
392 1524 455 1572 qui
475 1536 589 1572 quum
611 1535 649 1558 se
669 1523 869 1558 missurum
890 1522 1081 1572 extemplo
1097 1522 1244 1570 legatos

132 1587 410 1637 respondisset3
445 1587 644 1623 Cornelius
674 1586 964 1636 ThermopylaS,
986 1586 1050 1622 ubi
1070 1586 1245 1636 frequens
1261 1595 1340 1624 Mox
1357 1594 1421 1624 adit

1259 1637 1435 1667 concilium

133 1651 290 1689 Graeciae
320 1653 428 1688 statis
457 1652 586 1688 diebus
617 1664 698 1688 esse
727 1651 825 1687 solet
854 1658 1077 1694 conventus,
1102 1651 1245 1700 (Pylai—
1259 1681 1456 1711 AEtolorum.

133 1728 218 1751 cum
239 1715 446 1765 adpellant)
470 1717 591 1751 venit:
624 1714 778 1751 AEtolos
807 1715 994 1764 praecipue
1020 1716 1184 1758 monuit,
1205 1722 1247 1752 ut

134 1785 355 1815 constanter
387 1788 425 1815 et
454 1779 611 1815 fideliter
648 1780 687 1814 in
725 1779 892 1814 amicitia
920 1777 1052 1827 populi
1080 1777 1247 1815 Romani

133 1850 411 1894 permanerent.
467 1843 687 1880 [Etolorum
714 1844 900 1892 principes
932 1841 995 1877 alii
1024 1843 1249 1892 interquesti

132 1914 235 1952 sunt,
256 1909 357 1957 quod
388 1921 465 1944 non
494 1908 592 1944 idem
620 1920 710 1956 erga
739 1920 844 1943 suam
874 1916 1025 1955 gentem
1047 1906 1247 1944 Romano-

134 1985 217 2008 rum
237 1973 383 2008 animus
415 1978 513 2008 esset
538 1979 625 2022 post
648 1971 860 2013 victoriam,
882 1972 945 2019 qui
968 1971 1005 2006 in
1027 1970 1127 2006 bello
1153 1971 1246 2007 fuis-

135 2042 214 2071 set:
248 2036 311 2072 alii
337 2036 499 2073 ferocius
527 2037 762 2077 incusarunt,
792 2034 1154 2085 exprobraruntque,
1176 2048 1248 2072 non

134 2101 239 2135 modo
271 2102 366 2136 vinci,
395 2102 470 2136 sine
499 2101 638 2136 sEtolis
671 2100 900 2147 Philippum,
926 2100 987 2134 sed
1020 2111 1064 2134 ne
1095 2103 1249 2136 transire

135 2165 277 2211 quidem
297 2166 333 2200 in
363 2165 540 2200 Graeciam
566 2164 746 2200 Romanos
770 2166 937 2211 potuisse.
994 2162 1183 2198 Adversus
1205 2177 1249 2200 ea

135 2229 361 2278 respondere
381 2230 446 2276 (ne
466 2229 504 2264 in
521 2227 807 2264 altercationem
829 2228 1024 2263 excederet
1041 2228 1115 2273 res)
1135 2241 1250 2276 quum

136 2292 405 2341 supersedisset
430 2291 656 2337 Ronianus5
689 2294 808 2327 omnia
837 2304 893 2328 eos
918 2304 1019 2339 (equa
1048 2293 1249 2339 inpetratu—

140 2368 208 2401 νος,
228 2357 259 2393 εἰ
280 2356 436 2394 Romam
454 2358 639 2400 misissent,
660 2356 776 2391 dixit:
810 2356 938 2405 itaque
959 2368 1004 2392 ex
1024 2355 1251 2390 auctoritate.

654 2420 688 2456 T
708 2420 728 2455 5
