1523 2666
41 291 132 322 U.C.
151 298 226 323 548.

40 337 78 368 Α,
93 335 130 366 C.
147 342 222 368 ⁴209.

41 2029 194 2074 Adgredi-

42 2084 92 2107 tur
106 2080 179 2109 hos·-

41 2127 120 2152 tem.

236 198 291 242 32
694 198 739 228 T.
766 198 899 227 L1v11

235 296 307 334 ret,
329 289 418 339 quid
445 289 594 337 utrique
623 289 720 338 parti
748 290 960 325 animorum
991 295 1100 325 esset.
1157 289 1204 325 In
1232 296 1354 326 castra

235 355 383 405 trepida
410 354 502 403 fuga
531 354 715 403 compulsi
745 354 890 402 equites
916 359 1029 389 sunt:
1063 354 1245 402 signaque
1270 354 1353 389 Ro·

235 429 348 455 mana
368 419 487 468 portis
519 429 639 467 prope
666 417 757 466 ipsis
785 416 916 453 inlata.
973 419 1100 466 Atque
1120 417 1187 452 illo
1206 418 1357 466 quidem

234 483 309 525 die,
328 483 483 518 irritatis
504 488 655 517 tantum
675 480 721 516 ad
740 487 930 516 certamen
958 481 1107 523 animis=
1130 488 1253 517 castra
1274 480 1356 516 Ro-

234 547 338 584 mani
358 552 580 597 posuerunt.
637 544 764 581 Nocte
784 544 1001 581 Hasdrubal
1021 546 1058 581 in
1078 545 1266 581 tumulum
1291 559 1356 582 co—

234 612 317 662 pias
338 611 486 661 recipit,
508 610 623 661 plano
653 621 787 660 campo
808 610 846 645 in
867 621 1013 644 summo
1033 615 1227 659 patentem
1247 623 1254 645 ε
1286 610 1357 646 fiu—

237 676 318 711 vius
353 675 400 711 ab
435 681 544 723 tergo
562 690 572 720 ;
616 680 704 710 ante
737 674 910 722 circaque
940 672 1044 708 velut
1075 673 1158 724 ripa
1190 686 1356 724 praeceps

235 753 343 776 oram
360 739 439 789 ejus
461 752 614 776 omnem
641 738 830 788 cingebat.
889 737 1049 774 Suberat
1066 744 1102 773 et
1123 737 1242 773 altera
1260 739 1357 774 infe-

236 806 315 840 rior
334 805 522 840 submissa
539 804 694 852 fastigio
721 803 895 854 planities
916 817 923 839 :
957 815 1040 838 eam
1069 814 1221 851 quoque
1240 802 1361 839 altera

237 870 391 920 crepido
426 870 528 906 haud
560 869 709 906 facilior
743 869 782 904 in
815 868 1037 904 adscensum
1071 867 1254 904 ambibat.
1311 867 1358 904 In

236 934 340 970 hunc
372 933 591 971 inferiorem
624 946 799 985 campum
834 939 990 983 postero
1028 932 1088 968 die
1123 931 1357 975 Hasdrubal,

236 1004 439 1048 postquam
461 1004 626 1034 stantem
653 1010 722 1048 pro
752 997 884 1033 castris
910 996 1082 1032 hostium
1110 996 1235 1033 aciem
1249 996 1357 1041 vidit,

236 1063 384 1111 equites
417 1063 618 1107 Numidas,
638 1062 851 1111 leviumque
883 1073 1074 1098 armorum
1102 1060 1289 1105 Baliares,
1320 1066 1361 1097 et

237 1126 354 1163 Afros
375 1127 530 1164 dimisit.
589 1127 732 1177 Scipio,
754 1126 1027 1163 circumvectus
1049 1124 1200 1161 ordines
1231 1126 1359 1175 signa·

237 1204 326 1240 que,
358 1191 597 1236 ostendebat,
630 1192 778 1235 hostem,
802 1192 1058 1240 praedamnata
1085 1203 1147 1239 spe
1174 1202 1273 1239 aequo
1303 1192 1360 1227 di-

236 1257 396 1292 micamli
425 1268 566 1305 campo,
588 1261 794 1305 captantem
824 1257 992 1298 tumulos,
1024 1257 1092 1292 loci
1108 1256 1265 1305 fidncia,
1290 1268 1363 1292 non

237 1322 383 1356 virtutis
415 1333 678 1368 armorumque,
709 1326 804 1356 stare
830 1322 868 1357 in
896 1324 1108 1368 conspectu:
1137 1321 1199 1355 sed
1226 1320 1362 1356 altiora

237 1386 367 1421 moenz'a
386 1385 547 1422 habuisse
567 1385 846 1434 Karthaginem,
866 1397 943 1434 quae
972 1386 1242 1422 transcendisset
1260 1386 1362 1422 miles

239 1449 438 1486 Romanus.
496 1451 573 1486 Nec
602 1451 769 1493 tumulos,
790 1462 853 1486 nec
881 1462 1012 1493 arcem,
1031 1461 1077 1485 ne
1095 1461 1195 1485 mare
1216 1450 1361 1497 quidem

237 1515 348 1550 armis
367 1513 538 1550 obstitisse
565 1516 637 1551 suis
655 1531 666 1550 .·
696 1515 750 1550 ad⁴
775 1515 812 1550 id
829 1513 920 1562 fore
947 1514 1170 1556 altitudines,
1192 1522 1280 1562 quas
1302 1526 1359 1550 ce-

232 1580 370 1626 pissent
391 1578 517 1622 hostes,
538 1584 578 1615 ut
594 1592 659 1628 per
683 1581 890 1628 praecipltia
918 1584 953 1615 et
978 1584 1166 1627 praerupta
1194 1579 1361 1616 salientes

227 1642 405 1691 fugerent
425 1660 436 1680 .·
464 1656 543 1680 eam
562 1656 700 1693 quoque
717 1657 753 1680 se
770 1644 842 1680 illis
848 1643 987 1693 fugam
1006 1644 1225 1681 clausurum.
1282 1644 1360 1680 Co-

237 1708 444 1757 hortesque
476 1709 583 1753 duas,
614 1708 773 1746 alteram
807 1716 937 1745 tenere
975 1708 1101 1745 fauces
1134 1708 1256 1752 vallis,
1291 1721 1360 1759 per

238 1784 353 1821 quam
373 1772 582 1809 deferretur
610 1774 745 1817 amnis,
769 1772 883 1823 jubet
899 1789 909 1818 3
943 1772 1116 1816 alteram,
1136 1773 1236 1810 viam
1264 1773 1357 1810 insi-

239 1836 342 1880 dere,
363 1850 446 1886 quae
474 1837 521 1874 ab
543 1837 634 1874 urbe
654 1851 722 1888 per
747 1837 882 1873 tumuli
906 1837 1060 1886 obliqua
1091 1838 1129 1873 in
1150 1850 1262 1886 agros
1281 1837 1357 1874 fer-

236 1908 316 1937 ret:
354 1902 434 1952 ipse
468 1902 680 1952 expeditos,
712 1903 775 1951 qui
809 1902 929 1952 pridie
966 1903 1150 1938 stationes
1187 1902 1359 1939 hostium

236 1965 475 2016 pepulerant,
513 1966 559 2002 ad
591 1966 709 2002 levem
745 1972 989 2009 armaturam,
1028 1966 1158 2002 infimo
1192 1973 1357 2003 stantem

238 2029 455 2080 supercilio,
491 2030 607 2066 ducit.
664 2029 738 2065 Per
770 2037 919 2079 aspreta
953 2031 1090 2080 primo,
1125 2030 1220 2065 nihil
1255 2030 1355 2067 aliud

236 2106 350 2144 quam
369 2094 429 2130 via
447 2094 619 2144 inpediti,
641 2094 739 2130 iere:
772 2094 918 2137 deinde,
940 2100 982 2129 ut
1011 2093 1079 2129 sub
1106 2095 1222 2130 ictum
1243 2107 1356 2130 vene-

235 2165 339 2203 runt,
360 2158 524 2195 telorum
544 2159 667 2209 primo
697 2159 819 2195 omnis
843 2159 989 2207 generis
1011 2159 1063 2194 vis
1086 2159 1217 2207 ingens
1239 2159 1356 2195 effusa

234 2231 294 2260 est
312 2223 351 2259 in
371 2236 434 2259 eos
452 2239 459 2259 :
493 2224 563 2274 ipsi
585 2230 732 2266 contra,
753 2236 858 2266 saxa,
880 2236 962 2272 quae
991 2223 1096 2259 locus
1128 2230 1247 2259 strata
1265 2236 1353 2273 pas-
1379 2246 1383 2247 ν

235 2289 319 2331 sim,
354 2289 484 2325 omnia
513 2288 630 2324 ferme
663 2287 833 2330 missilia,
868 2288 1024 2337 praebet,
1055 2288 1239 2333 ingerere,
1273 2301 1352 2324 non

234 2352 370 2389 milites
409 2352 545 2395 solum,
581 2353 645 2390 sed
679 2353 794 2389 etiam
829 2352 940 2389 turba
971 2352 1148 2390 calonum
1188 2353 1348 2389 inmixta
