1507 2656
317 167 471 198 unan
494 167 648 196 xxxv.
683 167 789 196 cAP.
809 168 937 197 xml.
1095 166 1180 212 547

81 252 209 300 grinos
228 252 444 304 jurisdictio
469 263 589 292 esset:
629 256 806 299 secunda,
843 256 1008 292 Bruttii:
1053 257 1283 300 tertia,U.C.
1302 270 1376 297 560.

81 315 224 361 classis,
239 324 280 354 ut
294 321 500 368 navigaret,
518 332 593 368 quo
613 325 763 356 senatus
785 321 1008 356 censuisset:
1032 327 1179 369 quarta,
1192 310 1232 339 At.
1247 308 1283 340 C·
1302 314 1377 342 ¹9⁴²·

80 379 232 418 Sicilia:
264 383 408 431 quinta,
430 383 622 420 Sardinia:
655 390 775 426 sexta,
799 383 987 433 Hispania
1013 383 1182 421 ulterior.

79 443 310 495 Imperatum
340 452 522 496 praeterea
561 446 608 483 L.
639 447 821 486 Quinctio
854 446 1000 484 consuli
1031 453 1101 490 est,
1139 453 1182 484 ut

80 507 170 544 duas
190 507 358 556 legiones
379 510 515 546 civium
542 509 804 547 Romanorum
830 523 946 547 novas
967 510 1183 547 conscribe·-

75 576 156 617 ret3
179 579 217 608 et
235 573 379 610 socium
397 586 440 610 ac
460 573 587 611 Latini
608 574 771 610 nominis
792 574 925 623 viginti
941 573 1058 610 millia
1077 574 1182 624 pedi-

74 640 170 679 tum,
184 642 222 671 et
241 637 481 686 octingentos
497 638 640 687 equites
657 652 665 673 z
688 650 773 674 eum
789 638 994 674 exercituin
1014 638 1182 687 praetori,

78 699 138 735 cui
159 699 302 736 Bruttii
329 702 524 750 provincia
543 702 741 744 evenisset,
762 702 1018 738 decreverunt.
1061 701 1180 738 AEdes

76 762 158 800 duae
177 763 265 800 Jovi
285 777 330 801 eo
349 777 451 801 anno
476 766 515 801 in
542 765 733 815 Capitolio
754 766 932 802 dedicatae
953 772 1052 801 sunt.
1101 765 1181 802 Vo-

75 833 181 864 verat
195 827 242 864 L.
256 828 391 865 Furius
406 829 601 880 Purpureo
616 836 756 880 praetor
769 830 917 866 Gallico
932 829 1032 866 bello
1051 842 1178 872 unam,

74 891 230 928 alteram
251 893 405 929 consul:
437 893 623 930 dedicavit
648 894 696 933 Q.
714 893 882 930 Marcius
908 893 1022 930 Ralla
1046 893 1182 929 duum—

72 956 141 993 vir.
196 956 347 993 Judicia
368 958 408 993 in
432 958 680 995 foeneratores
711 971 755 994 eo
775 971 876 995 anno
906 958 1025 994 multa
1054 969 1181 994 severe

75 1026 163 1056 sunt
181 1021 296 1064 facta,
318 1022 582 1058 accusantibus
603 1024 768 1072 privatos
786 1023 954 1059 aedilibus
972 1021 1179 1066 curulibus,

72 1083 130 1122 M.
149 1083 294 1120 Tuccio
312 1091 351 1120 et
379 1085 422 1121 P.
441 1085 466 1121 J
471 1086 560 1121 unio
589 1086 734 1122 Bruto:
767 1087 813 1122 de
841 1087 960 1122 multa
979 1086 1182 1122 damnato·

71 1159 156 1184 rum
175 1148 366 1197 quadrigae
383 1149 566 1185 inauratae
586 1150 624 1184 in
645 1149 838 1199 Capitolio
864 1150 998 1198 positae
1026 1149 1065 1184 in
1086 1147 1181 1184 cella

72 1211 179 1248 Jovis
209 1224 322 1262 supra
346 1212 540 1261 fastigium
571 1212 749 1255 aediculae,
771 1219 809 1248 et
837 1212 1034 1248 duodecim
1059 1211 1182 1261 clipea

24 1265 25 1269 Ἰ
71 1276 269 1313 inaurata:
301 1282 340 1312 et
358 1277 470 1313 iidem
488 1278 676 1326 porticum
699 1283 804 1314 extra
823 1283 972 1328 portam
991 1276 1181 1326 Trigemi-

70 1353 160 1379 nam
179 1340 278 1376 inter
295 1339 475 1388 lignarios
495 1339 678 1377 fecerunt.
1019 1333 1021 1335 ¹

126 1403 258 1441 XLII.
289 1403 452 1439 Intentis
471 1405 511 1440 in
528 1404 749 1454 adparatum
764 1404 854 1440 novi
868 1402 957 1440 belli
977 1402 1179 1447 Romanis,

71 1480 119 1505 ne
139 1467 186 1505 ab
205 1467 400 1504 Antiocho
420 1467 568 1516 quidem
590 1467 818 1518 cessabatur.
874 1467 967 1503 Tres
984 1479 1068 1502 eum
1089 1466 1180 1502 civi-

71 1538 168 1568 tates
198 1530 394 1575 tenebant,
429 1531 602 1580 Smyrna,
637 1539 676 1568 et
707 1531 938 1568 Alexandria
970 1530 1106 1572 Troas,
1142 1535 1181 1566 et

70 1598 328 1648 Lampsacus3
361 1610 452 1647 quas
472 1611 594 1647 neque
613 1599 649 1634 vi
669 1611 886 1650 expugnare
909 1597 955 1633 ad
979 1609 1060 1632 eam
1081 1597 1180 1633 diem

72 1667 237 1712 poterat,
257 1674 379 1710 neque
397 1661 680 1698 conditionibus
701 1663 738 1697 in
759 1662 963 1698 amicitiam
983 1659 1178 1709 perlicere,

71 1737 194 1774 neque
210 1738 232 1760 a
246 1731 354 1773 tergo
374 1725 596 1774 relinquere,
613 1725 804 1775 trajiciens
822 1726 899 1775 ipse
915 1726 954 1760 in
970 1724 1178 1773 Europam,

71 1787 234 1825 volebat.
289 1788 432 1823 Tenuit
450 1801 534 1824 eum
565 1794 602 1825 et
630 1789 675 1824 de
704 1787 923 1825 Hannibale
944 1787 1178 1823 deliberatio.

71 1852 124 1889 Et
155 1854 278 1902 primo
309 1865 422 1890 naves
452 1861 605 1904 apertae,
635 1867 726 1903 quas
756 1867 841 1890 cum
874 1866 919 1889 eo
940 1854 1119 1888 missurus
1140 1853 1177 1888 in
1192 1853 1394 1901 Antiochide

72 1916 242 1953 Africam
269 1917 404 1960 fuerat,
436 1924 591 1954 morata²
620 1924 726 1953 sunt:
765 1918 912 1959 deinde,
943 1929 990 1953 an
1020 1917 1177 1952 omnino
1189 1896 1384 1970 Ξὶῗ-ιῖἓῖῗξὲ

73 1980 275 2017 mittendus
305 1988 417 2024 esset,
452 1981 683 2017 consultatio
719 1988 824 2017 mota
856 1987 926 2024 est,
962 1981 1124 2016 maxime
1157 1994 1179 2017 a

74 2044 252 2080 Thoante
281 2044 430 2087 AEtolo,
461 2046 538 2093 qui,
566 2046 740 2081 omuibus
770 2046 808 2080 in
839 2045 985 2081 Graecia
1015 2044 1180 2082 tumultu

74 2107 286 2157 completis,
303 2108 583 2147 Demetriadem
602 2108 794 2145 adferebat
810 2110 848 2145 in
869 2115 1057 2159 potestate
1073 2122 1152 2145 esse
1168 2124 1177 2145 ι

76 2179 127 2213 et,
148 2170 283 2220 quibus
314 2172 515 2207 mendaciis
545 2172 590 2208 de
620 2185 721 2220 rege,
744 2173 1028 2222 multiplicando
1058 2173 1179 2209 verbis·

75 2236 201 2285 copias
225 2235 320 2285 ejus,
343 2243 514 2272 erexerat
542 2236 747 2273 multorum
780 2238 819 2273 in
841 2238 987 2273 Graecia
1019 2238 1179 2279 animos,

78 2299 208 2341 iisdem
229 2305 265 2337 et
283 2303 380 2348 regis
402 2313 505 2351 spem
524 2301 679 2340 inflabat
692 2317 703 2348 3
736 2303 891 2342 omnium
914 2304 1003 2340 votis
1021 2314 1100 2338 eum
1119 2315 1180 2339 ar-
