1507 2656
364 128 518 157 LIBER
541 124 734 154 xxxin.
769 123 876 152 CAP.
899 123 971 151 xl.
1149 122 1231 165 391

118 222 217 253 runt.
263 216 302 252 Si
331 215 484 253 Valerio
507 214 590 263 quis
611 212 753 255 credat,
775 212 944 247 omnium
965 223 1088 247 rerum
1110 211 1232 247 inmo-
1247 214 1287 244 U.
1302 214 1339 244 C.
1355 221 1429 245 555.

119 281 199 317 dice
226 293 421 317 numerum
449 278 618 328 augenti,
639 277 890 326 quadraginta
920 275 1037 311 millia
1064 257 1335 313 hostiumA'C'
1352 263 1425 293 ¹⁹7‘

117 358 162 380 eo
183 345 241 381 die
261 351 348 381 sunt
367 356 462 380 caesa
480 359 490 388 3
523 348 648 392 capta,
674 340 738 377 ubi
763 340 968 376 modestius
996 340 1235 377 mendacium

118 415 189 451 est,
213 409 377 458 quinque
403 407 521 443 millia
551 406 798 456 septingenti,
819 405 929 453 signa
957 403 1136 440 militaria
1165 404 1233 441 du-

119 478 228 508 centa
259 485 372 508 unum
397 479 435 507 et
457 471 721 519 quadraginta.
779 468 959 505 Claudius
986 480 1138 516 quoque
1161 468 1236 504 duo

119 543 156 572 et
170 537 328 586 triginta
343 529 461 573 millia
479 537 649 572 hostium
668 548 765 572 caesa
782 534 926 576 scribit,
945 540 1057 584 capta
1072 539 1237 583 quatuor

117 600 236 638 millia
263 608 300 637 et
329 608 533 638 trecentos,
590 600 675 637 Nos
702 613 781 636 non
807 599 966 636 minimo
997 599 1238 648 potissimum

117 677 275 701 numero
295 666 535 708 credidimus,
554 665 618 701 sed
637 664 839 713 Polybium
860 664 980 699 secuti
999 675 1141 707 sumuS,
1159 675 1238 699 non

118 730 303 765 incertum
323 736 517 766 auctorem
546 741 662 778 quum
687 728 859 764 omnium
887 727 1152 764 Romanarum
1179 739 1239 764 re-

116 806 214 835 rum,
232 799 312 829 tum
333 794 520 843 praecipue
540 793 578 828 in
599 792 748 828 Graecia
766 798 969 840 gestarum.

172 856 246 893 XI.
277 857 491 906 Philippus,
513 856 696 892 conlectis
719 869 765 892 ex
784 855 889 904 fuga,
911 855 989 904 qui,
1010 855 1121 891 variis
1143 855 1239 891 casi-

117 920 185 956 bus
217 933 354 970 pugnae
387 921 574 970 dissipati,
605 921 767 969 vestigia
803 919 883 970 ejus
922 920 1042 956 secuti
1072 920 1238 963 fuerant,

117 984 316 1033 missisque
337 985 529 1021 Larissam
549 985 596 1021 ad
616 984 910 1021 commentarios
935 985 1059 1033 regios
1081 984 1239 1020 combu-

115 1048 267 1092 rendos,
287 1062 336 1085 ne
365 1050 404 1085 in
427 1050 597 1085 hostium
616 1050 790 1085 venirent
815 1054 1060 1099 potestatem,
1081 1049 1121 1084 in
1149 1048 1238 1086 Ma-

114 1113 314 1150 cedoniam
344 1114 545 1151 concessit.
601 1113 821 1156 Quinctius,
849 1112 1007 1163 captivis
1035 1113 1239 1163 praedaque

112 1178 365 1221 venumdatis,
396 1180 535 1229 partim
573 1178 685 1214 militi
717 1178 921 1220 concessis,
954 1177 1149 1213 Larissam
1180 1184 1238 1213 est

112 1241 321 1292 profectus,
352 1243 546 1279 hauddum
582 1244 673 1279 satis
705 1255 859 1292 gnarus,
890 1255 1003 1291 quam
1041 1242 1237 1291 regionem

112 1306 270 1356 petisset
289 1318 369 1348 rex,
390 1306 526 1355 quidve
549 1313 711 1356 pararet.
769 1307 1009 1343 Caduceator
1035 1319 1081 1342 eo
1108 1306 1233 1355 regius
1247 1311 1446 1360 Caduceator

112 1371 230 1413 venit,
251 1371 375 1420 specie
395 1377 438 1406 ut
456 1371 616 1407 induciae
638 1377 777 1415 essent,
799 1372 919 1408 donec
939 1371 1164 1408 tollerentur
1188 1371 1234 1408 ad
1246 1355 1421 1438 3:5³5ssng

112 1435 357 1486 sepulturam,
380 1437 443 1485 qui
464 1437 502 1472 in
523 1438 603 1473 acie
623 1437 846 1473 cecidissent
865 1453 873 1480 ;
907 1449 947 1472 re
972 1449 1062 1472 vera
1090 1436 1137 1472 ad
1167 1448 1232 1486 pe-

111 1501 265 1536 tendam
302 1502 450 1537 veniam
486 1501 621 1550 legatis
659 1502 865 1538 mittendis.
930 1501 1146 1550 Utrumque
1183 1500 1231 1537 ab

110 1563 290 1601 Romano
310 1565 554 1615 inpetratum.
609 1565 773 1616 Adjecta
792 1574 829 1601 et
849 1565 913 1601 illa
932 1579 1020 1608 vox,
1041 1566 1130 1602 bono
1149 1568 1232 1602 ani-

109 1641 168 1664 mo
186 1641 256 1664 esse
280 1641 398 1677 regem
425 1635 464 1665 ut
481 1628 649 1675 juberet:
679 1643 761 1679 quae
790 1630 954 1665 maxime
973 1629 1129 1665 AEtolos
1160 1629 1231 1666 ob-

109 1692 244 1735 fendit,
259 1692 341 1742 jam
361 1700 549 1730 tumentes
571 1702 859 1744 querentesque,
883 1700 1060 1730 mutatum
1080 1696 1231 1731 victoria
1243 1703 1431 1737 AEtolomm

112 1758 374 1805 imperatorem.
431 1759 529 1793 Ante
550 1770 712 1805 pugnam
741 1760 861 1794 omnia
892 1771 1024 1806 magna
1047 1770 1232 1807 parvaque
1243 1749 1428 1822 ἓὲξὲεὲῗῑξὲ

109 1823 372 1857 communicare
390 1834 469 1857 cum
484 1824 588 1857 sociis
605 1823 751 1858 solitum
766 1839 777 1858 .·
806 1835 900 1858 nunc
919 1825 1078 1858 omnium.
1106 1835 1231 1871 exper-
1321 1802 1339 1832 g
1430 1816 1439 1824 ’

109 1891 159 1922 tes
177 1888 404 1923 consiliorum
423 1899 517 1924 esse:
545 1900 608 1923 suo
626 1890 741 1935 ipsam
767 1889 916 1924 arbitrio
944 1893 1071 1924 cuncta
1097 1901 1202 1936 agere
1219 1905 1232 1926 .·

108 1962 187 1986 cum
207 1950 380 1998 Philippo
399 1950 481 1997 jam
500 1954 631 1999 gratiae
654 1954 808 2000 privatae
835 1954 948 1988 locum
980 1964 1161 2001 quoerere5
1190 1958 1232 1989 ut

107 2015 199 2050 dura
225 2019 332 2063 atquc
357 2027 484 2063 aspera
511 2017 595 2052 belli
613 2017 736 2052 AEtoli
755 2017 994 2059 exhauserim,
1012 2019 1116 2065 pacis
1141 2030 1230 2064 gra-

108 2080 196 2114 tiam
215 2079 429 2127 etfructam
447 2080 630 2116 Romanus
649 2084 686 2117 in
705 2095 741 2118 se
758 2088 886 2118 vertat.
924 2082 976 2117 Et
995 2082 1095 2117 haud
1117 2080 1230 2118 dubie

107 2143 319 2179 decesserat
340 2145 384 2179 iis
405 2144 638 2193 aliquantum
660 2147 816 2182 honoris
836 2163 842 2183 :
877 2147 954 2188 sed,
977 2159 1042 2182 cur
1061 2146 1230 2195 neglige-

106 2213 249 2251 rentur,
282 2209 523 2256 ignorabant.
580 2210 704 2246 Donis
736 2212 848 2260 regiis
883 2212 1066 2247 inminere
1101 2211 1228 2247 crede-

105 2269 198 2307 bant
226 2272 357 2308 invic·ti
384 2272 431 2309 ab
458 2286 502 2310 ea
532 2274 738 2325 cupiditate
769 2276 887 2312 animi
915 2275 1062 2312 virum:
1096 2275 1161 2312 sed
1191 2281 1229 2311 et

632 2338 655 2374 S
678 2340 702 2374 4
