1523 2666
133 345 312 376 U.C.561.

134 389 314 421 A.C.191.

110 1192 222 1222 Victus
238 1188 306 1220 An-

112 1237 251 1269 Scehus.

110 2406 299 2437 ‘Chalcidem

110 2461 142 2481 sc
160 2451 276 2489 recipit.

314 236 399 292 582
780 250 827 279 Τ.
850 250 987 279 mvn

327 347 441 376 sunt:
474 348 510 377 et
541 347 606 378 aut
635 341 787 393 incepto
815 343 922 380 irrito
944 345 1199 389 recessissent,
1224 351 1290 383 aut
1314 345 1440 396 plures

326 405 565 450 cecidissent,
586 407 624 442 ni
653 406 710 443 M.
732 406 888 444 Porcius
919 408 965 444 ab
990 408 1089 459 jugo
1120 410 1355 454 Callidromi,
1375 411 1441 446 de·

320 469 434 520 jectis
454 470 542 506 inde
561 470 719 514 AEtolis‚
741 478 777 507 et
798 484 936 520 magna
955 485 1000 509 ex
1019 480 1126 524 parte
1148 475 1268 518 caesis,
1292 475 1441 522 (incau-

325 546 386 574 tos
407 539 507 575 enim
528 544 565 574 et
585 537 784 587 plerosque
804 537 948 587 sopitos
969 536 1225 588 obpresserat)
1248 551 1360 590 super
1384 539 1444 575 in-

327 605 536 640 minentem
556 602 688 637 castris
709 600 845 637 collem
865 601 1114 651 adparuisset.

381 666 499 703 XIX.
528 665 667 702 Flacco
686 678 765 701 non
786 665 915 702 eadem
935 665 1091 702 fortuna
1110 667 1157 702 ad
1179 665 1386 703 Tichiunta
1405 674 1444 704 et

326 731 608 772 Rhoduntiam,
627 729 881 778 nequidquam
900 729 1026 766 subire
1049 730 1095 766 ad
1124 743 1168 766 ea
1198 729 1353 766 castella
1380 743 1444 767 co-

329 802 435 839 nato,
455 796 592 832 fuerat.
648 794 899 837 Macedones,
918 795 1057 843 quique
1086 794 1151 830 alii
1172 795 1211 830 in
1232 795 1363 831 castris
1384 807 1446 832 re-

326 862 399 911 giis
420 867 541 904 erant,
555 860 693 911 primo,
712 859 799 895 dum
815 859 948 909 procul
960 858 1057 895 nihil
1072 859 1187 904 aliud,
1204 872 1317 910 quam
1331 859 1445 897 turba

328 933 366 963 et
395 939 546 976 agmen,
578 923 796 975 adparebat,
826 923 982 960 IEtolos
1013 924 1178 968 credere,
1203 926 1284 961 visa
1311 923 1447 976 procul

325 1004 469 1043 pugna,
492 990 660 1027 subsidio
680 990 819 1026 venire.
861 990 1054 1032 Ceterum,
1074 996 1116 1026 ut
1134 990 1297 1041 primum
1317 990 1448 1039 signa·-

326 1070 399 1107 que
420 1063 457 1093 et
477 1069 580 1093 arma
600 1069 645 1092 ex
665 1055 881 1105 propinquo
907 1055 1064 1102 cognita
1093 1067 1257 1091 errorem
1287 1067 1446 1106 aperue-

326 1130 430 1166 runt,
450 1128 579 1158 tantus
600 1128 755 1171 repente
775 1132 893 1170 pavor
912 1132 1044 1155 omnes
1071 1120 1186 1170 cepit,
1206 1125 1262 1163 ut,
1284 1118 1445 1170 abjectis

329 1189 456 1231 armis,
477 1186 679 1236 fugerent:
712 1192 750 1220 et
783 1184 1018 1220 munimenta
1047 1190 1246 1234 sequentes
1276 1184 1446 1234 inpedie-

327 1260 432 1296 runt,
453 1258 490 1288 et
511 1251 696 1300 angustiae
716 1248 838 1292 vallis,
859 1261 926 1298 per
955 1261 1066 1297 quam
1097 1247 1278 1297 sequendi
1307 1254 1441 1295 erant3

326 1325 364 1356 et
389 1318 553 1355 maxime
583 1316 769 1358 omnium,
799 1313 901 1364 quod
930 1312 1122 1364 elephanti
1150 1313 1346 1350 novissimi
1376 1326 1444 1364 ag·

325 1385 438 1422 minis
459 1388 581 1425 erant,
602 1393 696 1431 quos
717 1380 829 1430 pedes
851 1392 949 1428 aegre
969 1378 1174 1430 praeterire,
1196 1391 1308 1428 eques
1337 1378 1449 1415 nullo

325 1454 479 1499 poterat
498 1446 627 1490 modo,
649 1444 870 1480 timentibus
897 1443 1016 1492 equiS,
1037 1441 1317 1492 tumultumque
1345 1442 1449 1479 inter

327 1526 367 1549 se
387 1512 585 1563 majorem,
603 1524 715 1560 quam
730 1511 769 1546 in
785 1508 936 1560 proelio,
955 1507 1165 1544 edentibus.
1194 1507 1445 1557 Aliquantum

327 1578 510 1627 temporis
541 1583 578 1612 et
608 1574 769 1624 direptio
800 1578 1010 1609 castrorum
1030 1572 1165 1608 tenuit.
1222 1571 1445 1622 Scarphiam

326 1650 456 1680 tamen
476 1655 521 1678 eo
538 1642 596 1678 die
616 1638 804 1691 persecuti
824 1644 912 1674 sunt
930 1637 1094 1674 hostem.
1148 1636 1284 1673 'Multis
1303 1637 1341 1672 in
1358 1637 1445 1687 ipso'

325 1709 463 1744 itincre
483 1707 586 1743 caesis
609 1706 817 1756 captisque,
842 1716 921 1739 non
950 1703 1054 1751 cquis
1083 1702 1248 1751 virisque
1275 1707 1442 1746 tantum,

327 1775 390 1811 sed
411 1775 524 1810 etiam
546 1772 770 1822 elephantis,
789 1783 883 1820 quos
900 1781 1033 1820 capere
1050 1781 1127 1805 non
1148 1774 1367 1819 potuerant,
1385 1769 1443 1804 in-

325 1839 509 1881 tei-fectis,
531 1839 570 1873 in
600 1843 723 1872 castra
751 1840 1013 1879 reverterunt3
1047 1846 1129 1882 quae
1152 1839 1301 1870 tentata
1320 1847 1365 1870 eo
1385 1834 1449 1870 die

325 1904 426 1939 iuter
457 1903 578 1952 ipsum
609 1913 745 1950 pugnae
775 1906 922 1948 tempus
954 1898 1000 1934 ab
1027 1897 1185 1940 AEtolis,
1217 1897 1446 1934 Heracleam

328 1966 589 2003 obtinentibus
614 1963 802 2014 praesidis),
824 1963 904 1998 sine
926 1961 1001 1998 ullo
1022 1962 1121 1997 haud
1140 1974 1272 2011 parum
1293 1961 1443 1998 audacis

324 2032 468 2081 incepti
490 2030 638 2071 effectu,
660 2029 823 2064 fuerant.
881 2026 1039 2069 Consul,
1060 2027 1184 2062 noctis
1212 2026 1448 2075 insequentis

326 2097 440 2132 tertia
468 2094 599 2144 vigilia
635 2093 830 2144 praemisso
869 2092 1039 2141 equitatu
1069 2091 1117 2127 ad
1144 2090 1446 2141 persequendum

325 2162 491 2203 hostem,
515 2160 622 2209 sigua
642 2158 836 2208 legionum
857 2157 977 2207 prima
996 2156 1079 2192 luce
1099 2156 1229 2192 movit.
1260 2154 1446 2204 Aliquan-

326 2233 409 2263 tum
438 2227 506 2261 viee
541 2230 775 2275 praeceperat
808 2236 900 2267 rcx5
935 2228 975 2257 nt
1006 2222 1068 2270 qui
1097 2233 1176 2257 non
1209 2226 1312 2263 ante,
1333 2232 1448 2268 quam

325 2290 478 2333 Elatiae,
502 2289 548 2326 ab
570 2289 687 2325 effuso
709 2287 924 2324 constiterit
946 2298 1078 2321 cursu:
1111 2284 1175 2321 ubi
1204 2284 1366 2334 primum
1387 2297 1445 2320 re-

326 2355 452 2405 liquiis
474 2366 685 2405 pugnaeque
710 2358 748 2388 et
777 2351 876 2400 fugae
907 2350 1103 2391 conlectis,
1126 2361 1210 2385 cum
1240 2348 1445 2398 perexigua

327 2432 442 2457 manu
473 2417 727 2455 semiermium
757 2415 919 2452 militum
953 2413 1173 2453 Chalcidem
1209 2425 1248 2449 se
1285 2411 1440 2463 recepit,

1516 1419 1521 1496 ,ι

1513 1537 1523 1644 l
