1523 2666
139 305 180 336 U.
193 306 231 337 C.
247 311 319 337 556.

138 350 177 378 Δ.
191 350 228 380 C.
248 355 319 383 196.

124 1259 299 1290 Triumviri

126 1303 292 1342 epulones.

118 1968 293 1999 Tributum

119 2021 137 2040 a
158 2013 302 2043 sacerdo-

119 2055 205 2085 tibus
220 2065 270 2085 so·

119 2096 240 2129 lutum.

330 215 415 258 424
792 216 837 245 τ.
862 215 995 245 mvn

333 312 401 343 est.
460 305 626 355 Cyprum
655 303 901 341 nihilominus
931 304 1104 346 tendens,
1125 316 1239 353 quum
1262 304 1440 343 Chelido«

332 370 437 406 nium
460 369 764 419 promontorium
784 374 1011 419 superasset,
1032 367 1236 419 paullisper
1255 369 1441 406 seditione

329 434 513 483 remigum
535 440 592 469 est
610 439 780 469 retentus
808 434 847 469 in
873 432 1098 482 Pamphylia
1127 433 1227 469 circa
1254 433 1441 484 Euryme-

330 499 485 535 dontem
519 511 679 535 amnem.
737 498 831 535 Inde
863 499 1078 549 profectum
1113 513 1197 536 eum
1236 501 1284 537 ad
1316 501 1442 551 capita

333 566 434 612 (quae
454 564 610 609 vocant)
634 563 715 599 Sari
744 563 910 600 fluminis
939 564 1041 601 foeda
1069 571 1274 614 tempestas
1305 565 1442 601 oborta

328 639 447 678 prope
484 640 568 664 cum
606 628 710 664 omni
748 627 866 664 classe
910 629 1110 665 demersit:
1160 629 1287 666 multae
1324 641 1439 666 naves

327 690 458 740 ejectae
475 706 482 727 :
515 691 643 728 multae
672 693 728 727 ita
753 692 899 728 haustae
919 693 1027 735 mari,
1049 699 1090 728 ut
1109 706 1222 730 nemo
1241 695 1281 730 in
1300 700 1440 730 terram

326 756 507 792 euaverit.
562 755 710 804 BIagna
728 757 782 791 vis
811 757 1009 792 hominum
1029 756 1079 792 ibi
1101 757 1260 801 interiit,
1281 769 1361 793 non
1379 770 1440 793 re-

325 820 470 868 migum
503 826 653 856 tantum
686 820 925 869 militumque
962 822 1196 869 ignotorum,
1230 821 1292 857 sed
1323 822 1440 858 etiam

323 882 531 931 insignium
552 885 772 920 amicorum.
831 884 1024 920 Conlectis
1046 884 1212 934 reliquiis
1233 884 1436 935 naufragii,

323 958 441 994 quum
471 959 527 982 res
548 960 627 983 non
646 948 685 983 in
705 960 750 983 eo
771 954 882 990 esset,
904 953 946 984 ut
968 948 1136 998 Cyprum
1165 955 1344 992 tentaret,
1364 949 1437 985 mi·

323 1022 394 1045 nus
424 1010 607 1060 opulento
636 1012 802 1059 agmine,
824 1025 935 1060 quam
966 1011 1157 1061 profectus
1188 1018 1282 1055 erat,
1304 1012 1435 1049 Seleu-

324 1074 421 1110 ciam
440 1075 560 1111 redit:
593 1075 645 1112 ibi
666 1075 823 1112 subduci
843 1076 1001 1112 navibus
1015 1075 1133 1126 jussis
1158 1076 1259 1126 (jam
1279 1078 1380 1113 enim
1395 1083 1437 1113 et

321 1138 443 1175 hiems
461 1139 647 1184 instabat)
670 1140 750 1190 ipse
770 1142 808 1175 in
828 1141 985 1177 hiberna
1006 1142 1254 1178 Antiochiam
1283 1154 1436 1192 proces·

322 1202 382 1238 sit.
440 1203 485 1238 In
506 1204 579 1240 hoc
601 1210 702 1239 statu
721 1217 853 1252 regum
874 1212 981 1240 erant
1001 1217 1072 1242 res,

373 1265 507 1303 XLII.
536 1267 673 1303 Romae
701 1280 746 1303 eo
766 1268 929 1317 primum
958 1281 1059 1304 anno
1087 1269 1273 1305 triumviri
1304 1269 1437 1320 epulo-

319 1341 385 1365 nes
404 1330 511 1373 facti,
535 1331 577 1366 C.
593 1330 765 1366 Licinius
795 1330 977 1367 Lucullus
1008 1333 1197 1376 tribunus,
1219 1335 1282 1382 qui
1311 1333 1434 1383 legem

319 1395 364 1430 de
394 1396 564 1431 creandis
594 1395 652 1430 his
682 1394 835 1437 tulerat,
865 1395 908 1432 P.
928 1396 1114 1439 Manlius,
1144 1404 1182 1433 et
1204 1398 1254 1444 Ρ.
1274 1398 1432 1435 Porcius

315 1458 455 1495 Laeca:
488 1460 546 1496 his
566 1461 786 1503 triumviris,
807 1461 898 1496 item
919 1467 960 1497 ut
980 1461 1239 1511 pontificibuS,
1260 1462 1344 1513 lege
1363 1463 1430 1500 da-

315 1530 397 1558 tum
417 1530 517 1572 togae
539 1531 732 1573 praetextae
751 1525 932 1561 habendae
946 1525 1024 1575 jus.
1060 1526 1132 1562 Sed
1149 1540 1328 1576 magnum
1348 1540 1430 1564 cer-

316 1593 445 1623 tamen
465 1600 550 1623 cum
572 1588 746 1624 omnibus
768 1590 1028 1626 sacerdotibus
1051 1602 1096 1626 eo
1115 1603 1216 1627 anno
1236 1591 1310 1627 fuit
1329 1604 1431 1641 quae-

318 1652 483 1687 storibus
514 1652 682 1696 urbanis,
713 1654 762 1692 Q.
778 1654 899 1690 Fabio
927 1654 1102 1691 Labeoni
1130 1663 1167 1691 et
1193 1656 1239 1692 L.
1258 1655 1430 1694 Aurelio.

316 1713 486 1751 Pecunia
501 1728 595 1766 opus
614 1723 706 1760 erat,
722 1718 821 1766 quod
839 1718 1010 1755 ultimam
1024 1720 1246 1769 pensionem
1261 1721 1431 1770 pecuniae

316 1779 356 1815 in
393 1780 535 1816 bellum
573 1781 733 1818 conlatae
770 1783 985 1832 persolvere
1026 1783 1220 1834 placuerat
1262 1787 1432 1836 privatis.

318 1843 536 1882 Quaestores
565 1846 611 1882 ab
639 1848 846 1895 auguribus
877 1848 1211 1898 pontificibusque,
1233 1851 1333 1899 quod
1363 1852 1431 1888 sti-

314 1909 495 1958 pendium
514 1924 581 1960 pei·
599 1911 740 1947 bellum
760 1925 837 1948 non
860 1913 1123 1957 contulissent,
1144 1915 1325 1964 petebant
1341 1932 1353 1953 5
1383 1917 1430 1953 ab

317 1974 576 2010 sacerdotibus
597 1975 738 2011 tribuni
759 1977 1013 2026 nequidquam
1029 1977 1221 2027 adpellati,
1239 1981 1429 2017 omnium-

317 2049 388 2085 que
410 2050 610 2081 annorum,
631 2052 698 2090 per
718 2053 811 2088 quos
833 2053 910 2076 non
937 2041 1131 2085 dederant,
1153 2051 1328 2079 exactum
1358 2053 1428 2082 est.

314 2102 461 2138 Eodem
483 2115 582 2138 anno
604 2104 679 2139 duo
699 2105 840 2140 mortui
867 2105 1080 2155 pontifices,
1101 2108 1266 2157 novique
1295 2109 1333 2144 in
1363 2122 1430 2146 eo-

289 2185 296 2190 ·
313 2179 397 2203 rum
416 2166 541 2202 locum
563 2167 739 2211 subfecti,
759 2168 815 2204 M.
833 2168 1038 2207 Marcellus
1069 2171 1202 2208 consul
1232 2173 1270 2208 in
1299 2173 1426 2210 locum

314 2231 356 2267 C.
380 2231 592 2281 Sempronii
614 2232 809 2277 Tuditani,
832 2235 896 2283 qui
925 2243 1065 2285 praetor
1091 2237 1129 2272 in
1153 2236 1343 2287 Hispania
1361 2239 1424 2275 de-

313 2302 497 2331 cesserat:
532 2303 568 2332 et
587 2296 633 2332 L.
653 2296 824 2334 Valerius
852 2299 891 2334 in
920 2299 1046 2336 locum
1074 2300 1131 2337 M.
1153 2301 1321 2337 Cornelii
1352 2302 1425 2339 Ce-

310 2358 428 2407 thegi.
484 2359 536 2396 Et
557 2360 605 2400 Q.
625 2359 765 2397 Fabius
793 2362 987 2400 Maximus
1018 2376 1138 2412 augur
1166 2370 1336 2402 mox-tuus
1367 2373 1427 2403 est
