1523 2666
316 170 398 210 106
766 182 812 212 τ.
835 182 969 214 mvn

118 275 161 306 U.
174 275 210 306 C.
225 281 296 307 546.
311 276 410 313 tura,
431 282 532 307 nunc
561 269 608 306 ab
627 275 752 319 tergo,
778 283 879 309 nunc
899 271 946 307 ab
973 270 1152 307 lateribus
1173 270 1423 316 obcurrendo0

118 319 156 349 ἐκ
171 319 207 349 C'
225 325 298 351 ⁹⁰⁶¹
311 334 499 383 fatigabat
525 334 844 384 morabaturque:
877 336 941 372 sed
966 349 1081 385 quum
1112 335 1160 372 ad
1189 335 1340 372 crebros
1366 342 1427 372 tu-

314 400 454 437 multus
481 401 590 450 signa
609 401 874 445 consisterent,
901 409 938 437 et
962 414 1064 438 nunc
1094 401 1296 449 equestria,
1326 414 1428 438 nunc

311 477 397 501 cum
429 464 606 500 velitibus
637 463 859 512 auxiliisque
887 465 1054 515 peditum
1083 465 1219 515 proelia
1256 477 1431 501 consere-

313 535 412 571 rent,
434 534 732 577 supervenerunt
750 527 931 576 legiones.
989 528 1083 565 Inde
1103 541 1181 564 non
1190 528 1274 578 jam
1289 541 1430 579 pugna,

313 593 377 629 sed
403 592 606 629 trucidatio
633 591 735 629 velut
761 604 940 642 pecorum
968 592 1072 638 fieri3
1104 593 1224 629 donec
1250 593 1331 643 ipse
1357 593 1433 630 dux

312 655 414 705 fugae
444 662 578 693 auctor
610 657 649 693 in
681 657 875 707 proximos
906 656 1020 694 colles
1051 670 1136 693 cum
1167 669 1232 694 sex
1265 656 1430 693 millibus

313 720 432 757 ferme
478 721 731 759 semiermium
768 722 909 758 evasit:
960 722 1074 758 ceteri
1112 721 1198 758 caesi
1244 721 1431 771 captique.

315 785 453 822 Castra
471 785 720 822 tumultuaria
742 787 881 836 raptim
909 786 1021 822 Poeni
1049 784 1197 821 tumulo
1222 784 1431 821 editissimo

304 851 642 888 communierunt:
676 857 789 900 atque
809 851 909 894 inde,
932 862 1016 887 cum
1034 851 1155 887 hostis
1178 849 1432 899 nequidquam

313 914 441 951 subire
467 916 600 964 iniquo
620 915 806 952 adscensu
824 922 983 951 conatus
1014 921 1125 957 esset,
1152 914 1253 950 haud
1273 913 1431 950 difficul-

121 975 302 1052 ἓὲἓῑέζῡὶἲῗῐ
314 984 371 1016 ter
400 991 481 1016 sese
509 980 623 1016 tutati
654 986 753 1016 sunt.
811 980 884 1015 Sed
904 979 1052 1016 obsidio
1075 978 1109 1014 in
1138 978 1223 1014 loco
1249 979 1352 1014 nudo
1373 984 1430 1014 at-

120 1064 175 1103 κὴ.
315 1056 387 1093 que
413 1044 519 1093 inopi
539 1044 601 1080 vix
621 1044 658 1080 in
680 1056 820 1094 paucos
840 1044 918 1080 dies
939 1042 1146 1080 tolerabilis
1168 1049 1270 1078 erat:
1304 1043 1432 1091 itaque

314 1109 559 1145 transitiones
580 1108 626 1144 ad
644 1109 794 1144 hostem
814 1108 967 1145 fiebant.
1024 1108 1223 1143 Postremo
1240 1107 1315 1143 dux
1335 1107 1429 1156 ipse,

314 1172 474 1209 navibus
512 1173 691 1222 acceptiS,
732 1173 819 1220 (nec
849 1171 979 1221 procul
1015 1171 1103 1208 inde
1140 1171 1269 1206 aberat
1307 1170 1428 1214 mare)

316 1243 430 1273 nocte
450 1236 583 1273 relicto
603 1237 784 1280 exercitu,
806 1237 931 1273 Gades
952 1236 1129 1286 perfugit,
1179 1236 1319 1284 Scipio,
1340 1235 1432 1284 fuga

317 1300 421 1337 ducis
447 1301 615 1337 hostium
642 1301 783 1344 audita,
814 1300 942 1336 decem
968 1299 1087 1335 millia
1114 1299 1297 1348 peditum,
1328 1298 1430 1335 mille

317 1364 461 1413 equites
488 1364 666 1414 relinquit
697 1363 827 1400 Silano
853 1365 900 1400 ad
927 1369 1136 1400 castrorum
1166 1362 1426 1399 obsidionem:

315 1428 397 1478 ipse
419 1441 501 1464 cum
531 1428 664 1464 ceteris
692 1429 825 1478 copiis,
856 1427 1141 1478 septuagesimis
1167 1426 1313 1469 castris,
1341 1438 1430 1476 pro-

314 1492 416 1528 tinus
438 1493 578 1528 caussis
598 1492 813 1540 regulorum
835 1492 1118 1539 civitatiumque
1138 1490 1427 1538 cognoscendis,

315 1561 358 1591 ut
376 1544 530 1605 praemia
550 1555 596 1591 ad
615 1568 740 1591 veram
761 1556 981 1591 meritorum
1005 1554 1293 1590 aestimationem
1312 1552 1429 1588 tribui

122 1617 294 1690 'Mals—lnisssa
317 1626 486 1669 possent,
506 1619 760 1655 Tarraconem
782 1619 904 1654 rediit.
941 1618 1035 1653 Post
1053 1617 1328 1667 profectionem
1348 1615 1428 1665 ejus

123 1670 175 1690 mc
192 1671 243 1691 lna

122 1703 161 1733 ad
178 1703 295 1735 Roma-

124 1755 193 1778 nos.
316 1748 474 1785 consilia
504 1741 654 1796 gentem
681 1759 831 1795 quoque
860 1759 965 1782 suam
991 1746 1231 1782 obedientem
1256 1744 1428 1788 haberet,

315 1683 534 1727 Masinissa,
556 1697 639 1720 cum
662 1683 791 1719 Silano
811 1682 906 1719 clam
928 1694 1166 1731 congressus,
1188 1688 1229 1717 ut
1258 1681 1302 1717 ad
1328 1694 1428 1717 nova

317 1826 401 1849 cum
430 1813 558 1862 paucis
592 1811 836 1862 popularibus
870 1812 908 1847 in
939 1809 1108 1847 Africam
1141 1809 1317 1860 trajecit5
1349 1822 1428 1846 non

315 1884 394 1914 tam
414 1878 577 1914 evidenti
601 1889 646 1912 eo
666 1883 836 1926 tempore
866 1876 999 1912 subitae
1029 1876 1249 1912 mutationis
1280 1887 1426 1918 caussa,

315 1954 428 1991 quam
447 1942 675 1977 documento
695 1946 780 1990 post
810 1940 845 1976 id
867 1947 1014 1990 tempus
1035 1939 1351 1976 constantissimae
1381 1939 1429 1975 ad

315 2005 486 2042 ultimam
517 2012 706 2041 senectam
738 2005 835 2047 fidei,
867 2017 914 2040 ne
943 2011 1024 2040 tum
1053 2004 1203 2053 quidem
1235 2016 1320 2039 eum
1347 2003 1428 2039 sine

314 2068 503 2119 probabili
534 2080 665 2104 caussa
695 2068 841 2105 fecisse.
897 2067 1017 2116 Mago
1051 2067 1150 2110 inde,
1182 2067 1345 2102 remissis
1380 2066 1428 2103 ab

315 2131 556 2169 Hasdrubale
586 2131 758 2175 navibus,
793 2132 916 2168 Gades
950 2132 1057 2181 petit.
1114 2131 1255 2174 Ceteri,
1290 2130 1427 2169 deserti

315 2197 362 2233 ab
383 2196 553 2239 ducibus,
575 2208 660 2246 pars
679 2196 918 2239 transitione,
940 2207 1024 2245 pars
1043 2195 1148 2244 fuga,
1170 2195 1340 2244 dissipati
1358 2206 1426 2244 per

313 2260 504 2310 proximas
532 2260 702 2296 civitates
733 2265 844 2295 sunt:
877 2258 980 2296 nulla
1009 2271 1141 2295 manus
1171 2271 1330 2295 numero
1359 2264 1425 2294 aut

312 2323 452 2360 viribus
481 2323 653 2373 insignis
710 2322 798 2360 Hoc
825 2323 988 2360 maxime
1013 2322 1141 2366 modo,
1171 2322 1286 2360 ductu
1314 2328 1427 2372 atque
