1507 2656
377 205 533 235 LIBER
556 203 701 233 xxm.
734 202 840 232 cAP.
864 202 972 232 xxx.
1149 194 1226 249 183

115 305 267 342 praesens
293 296 448 331 maxime
465 292 560 342 fuit.
623 292 739 340 Vir-gis
767 293 846 328 coesi
873 292 1005 328 tribuni
1037 292 1081 328 ab
1110 294 1228 341 legato
1239 296 1423 373 3854&

1272 364 1278 372 .
1323 366 1331 374 .
1349 350 1424 375 204.

114 362 208 395 sunt.
266 359 424 406 Legatus
442 357 569 394 deinde
594 357 728 392 insidiis
747 355 971 391 tribunorum
995 357 1226 405 interceptus,

114 427 354 470 praeterquam
379 423 473 470 quod
500 426 574 457 toto
602 432 747 468 corpore
774 421 964 462 laceratus,
985 433 1072 457 naso
1091 433 1229 469 quoque

115 486 325 535 auribusque
343 487 476 528 decisis,
497 487 684 533 exsanguis
702 491 753 521 est
766 486 911 521 relictus
924 501 936 521 .·
965 490 1147 522 recreatus
1166 487 1228 522 de·

116 550 198 585 inde
217 550 353 597 legatus
373 561 415 585 ex
438 550 650 592 vulneribus,
673 549 831 585 tribunos
854 550 1011 585 militum
1031 551 1067 585 in
1084 552 1230 587 vincula

115 611 298 658 conjectos,
320 614 403 649 dein
421 613 631 655 verberatos,
648 613 900 661 servilibusque
916 614 1075 649 omnibus
1088 615 1229 663 suppli-

114 677 178 712 ciis
202 679 378 713 cruciatos
404 679 617 713 trucidando
643 679 795 721 occidit‚·
824 683 984 714 mortuos
1001 679 1131 715 deinde
1139 691 1228 727 pro-

114 740 228 777 hibuit
244 743 397 789 sepeliri.
454 742 534 778 Has
551 742 637 778 Dea
652 755 776 790 poenas
796 755 818 777 a
839 744 964 790 templi
981 745 1036 779 sui
1053 745 1229 791 spoliato-

113 805 208 841 ribus
224 805 350 842 habet:
368 819 431 842 nec
449 811 532 843 ante
551 808 686 843 desinet
704 807 864 842 omnibus
878 819 935 842 eos
949 809 1090 854 agitare
1097 807 1226 856 furiis,

115 881 220 916 quam
239 872 395 918 reposita
413 883 516 906 sacra
539 872 690 919 pecunia
709 873 746 906 in
766 871 940 907 thesauris
947 870 1083 919 fuerit.
1138 871 1227 907 Ma-

103 930 204 977 jores
228 934 407 980 quondam
432 936 557 976 nostri,
581 936 685 981 gravi
714 935 996 971 Crotoniensium
1015 935 1120 978 bello,
1142 937 1227 983 quia

113 1001 213 1032 extra
231 997 353 1033 ¹urbem
372 999 542 1046 templum
565 1004 629 1040 est,
652 998 848 1047 transferre
868 1000 903 1034 in
924 1000 1041 1035 urbem
1059 1012 1136 1035 eam
1161 1011 1225 1048 pe-

113 1061 256 1096 cuniam
287 1062 500 1097 voluerunt:
527 1067 634 1098 noctu
663 1064 792 1098 audita
820 1075 862 1098 ex
891 1063 1038 1099 delubro
1064 1075 1132 1100 voa:
1159 1068 1224 1107 est,

113 1123 349 1160 abstinerent
367 1138 520 1161 manus:
552 1124 677 1161 Deam
703 1139 770 1162 sua
800 1126 941 1176 templa
970 1125 1224 1166 defensuram.

113 1188 207 1228 Quia
225 1190 389 1224 movendi
409 1190 491 1225 inde
510 1189 692 1226 thesauros
711 1192 847 1226 incussa
866 1197 945 1227 erat
961 1192 1102 1239 religio,
1122 1206 1225 1230 muro

111 1252 334 1288 circumdare
365 1255 536 1301 templum
565 1255 774 1291 voluerunt:
816 1257 866 1291 acl
891 1257 1119 1304 aliquantum
1141 1257 1226 1303 jam

110 1316 314 1352 altitudinis
331 1319 486 1353 excitata
505 1323 608 1353 erant
632 1320 773 1370 moenia,
795 1331 903 1367 quum
921 1320 1035 1356 subito
1055 1321 1226 1369 conlapsa

111 1381 218 1416 ruina
236 1385 329 1416 sunt.
386 1381 460 1416 Sed
479 1386 514 1417 et
531 1393 637 1424 nunc,
659 1387 693 1417 et
714 1394 804 1430 soepe
830 1383 920 1418 alias
945 1383 1031 1419 Dea
1049 1396 1152 1420 suam
1169 1397 1226 1421 se·

112 1445 204 1487 dem,
223 1457 397 1493 suumque
416 1447 588 1493 templum
609 1451 673 1482 aut
692 1452 812 1482 tutata
831 1452 896 1490 est,
914 1453 980 1484 aut
998 1460 1021 1484 α
1036 1450 1225 1485 violatori-

111 1507 171 1543 bus
186 1510 317 1555 gravia
335 1510 487 1557 piacula
505 1511 641 1556 exegit:
670 1515 809 1546 nostras
829 1510 981 1556 injurias
1004 1523 1068 1548 nec
1089 1517 1221 1559 potest,

108 1584 172 1608 uec
197 1574 308 1620 possit
332 1574 425 1609 alius
453 1574 589 1617 ulcisci,
625 1587 730 1622 quam
757 1586 829 1618 vos,
858 1575 990 1611 Patres
1019 1578 1221 1624 conscripti.

108 1638 168 1672 Ad
186 1649 245 1672 vos
269 1642 492 1686 vestramque
507 1639 624 1687 fidem
648 1639 826 1687 supplices
852 1638 1104 1688 confugimus:
1132 1640 1225 1676 nihil

107 1709 231 1740 nostra
256 1705 412 1746 interest,
433 1709 555 1740 utrum
579 1704 640 1740 sub
658 1704 723 1740 illo
743 1704 873 1751 legato,
893 1704 956 1740 sub
975 1705 1040 1739 illo
1054 1705 1224 1751 praesidio

110 1768 243 1804 Locros
270 1780 340 1804 esse
367 1770 506 1811 sinatis,
534 1781 581 1804 an
610 1770 706 1804 irato
732 1769 936 1804 Hannibali
964 1772 999 1803 et
1028 1769 1146 1803 Poenis
1174 1768 1225 1804 ad

108 1835 317 1881 supplicium
339 1834 489 1870 dedatis.
545 1834 630 1869 Non
648 1833 884 1881 postulamus,
905 1837 945 1868 ut
962 1833 1138 1880 extemplo
1156 1844 1222 1868 no-

108 1899 171 1939 bis,
192 1903 233 1934 ut
251 1899 295 1934 de
312 1897 467 1940 absente,
486 1902 528 1934 ‘ut
546 1898 687 1934 indicta
712 1908 836 1933 caussa
863 1897 1025 1932 credatis,
1081 1896 1222 1939 Veniat,

109 1975 229 1999 coram
255 1964 328 2011 ipse
353 1964 494 2004 audiat,
515 1965 589 2010 ipse
608 1963 738 1998 diluat.
796 1961 838 1996 Si
857 1961 1052 2009 quidquam
1068 1961 1221 2003 sceleris,

109 2029 204 2076 quod
223 2027 326 2062 homo
346 2028 383 2061 in
402 2026 559 2062 homines
577 2027 679 2062 edere
694 2029 826 2073 potest,
844 2026 882 2060 in
895 2035 959 2060 nos
971 2025 1222 2072 praetermisit,-

108 2104 178 2128 non
205 2103 417 2133 recusamus,
446 2092 531 2138 quin
561 2095 595 2126 et
626 2102 689 2126 nos
720 2090 841 2126 onmia
872 2089 999 2125 eadem
1027 2089 1169 2131 iterum,
1192 2089 1224 2123 si

104 2158 187 2205 pati
202 2168 398 2204 possumus,
416 2157 604 2203 patiamur
614 2171 628 2200 ,-
658 2159 693 2191 et
713 2154 774 2191 ille
791 2155 888 2190 omni
908 2153 1029 2189 divino
1048 2152 1223 2188 humano-

110 2233 175 2270 que
195 2221 361 2256 liberetur
378 2222 517 2256 scelere.

161 2284 278 2321 XIX.
308 2283 403 2320 Haec
423 2297 538 2333 quum
559 2283 606 2320 ab
626 2282 762 2332 legatis
785 2281 887 2319 dicta
903 2286 1043 2324 essent,
1063 2279 1224 2328 quaesis-

109 2354 240 2399 setque
263 2348 311 2386 ab
336 2349 380 2385 iis
408 2350 456 2389 Q.
477 2348 632 2392 Fabius,
662 2346 936 2385 detulissentne
965 2356 1027 2382 eas
1051 2343 1230 2393 querelas
