<?xml version="1.0" encoding="UTF-8"?>
<!DOCTYPE html PUBLIC "-//W3C//DTD XHTML 1.0 Transitional//EN"
    "http://www.w3.org/TR/xhtml1/DTD/xhtml1-transitional.dtd">
<html xmlns="http://www.w3.org/1999/xhtml" xml:lang="en" lang="en">
 <head>
  <title>
</title>
<meta http-equiv="Content-Type" content="text/html;charset=utf-8" />
  <meta name='ocr-system' content='tesseract 3.04.00' />
  <meta name='ocr-capabilities' content='ocr_page ocr_carea ocr_par ocr_line ocrx_word'/>
</head>
<body>
  <div class='ocr_page' id='page_1' title='image "./historiarumquaes03livyuoft_0516.png"; bbox 0 0 1523 2666; ppageno 0'>
   <div class='ocr_carea' id='block_1_1' title="bbox 308 130 1018 183">
    <p class='ocr_par' dir='ltr' id='par_1_1' title="bbox 308 130 1018 183">
     <span class='ocr_line' id='line_1_1' title="bbox 308 130 1018 183; baseline 0.001 -13"><span class='ocrx_word' id='word_1_1' title='bbox 308 130 393 183; x_wconf 80' lang='lat'><em>506</em></span> <span class='ocrx_word' id='word_1_2' title='bbox 755 141 801 171; x_wconf 79' lang='grc' dir='ltr'><em>Τ.</em></span> <span class='ocrx_word' id='word_1_3' title='bbox 824 142 957 172; x_wconf 79' lang='lat' dir='ltr'><em>mvn</em></span> <span class='ocrx_word' id='word_1_4' title='bbox 1012 131 1018 137; x_wconf 83' lang='grc'><em>“</em></span> 
     </span>
    </p>
   </div>
   <div class='ocr_carea' id='block_1_2' title="bbox 116 227 1423 306">
    <p class='ocr_par' dir='ltr' id='par_1_2' title="bbox 116 227 1423 306">
     <span class='ocr_line' id='line_1_2' title="bbox 116 227 1423 306; baseline 0.007 -41"><span class='ocrx_word' id='word_1_5' title='bbox 116 227 207 303; x_wconf 49' lang='lat' dir='ltr'>ng</span> <span class='ocrx_word' id='word_1_6' title='bbox 226 235 298 306; x_wconf 52' lang='lat'><em>{353³-</em></span> <span class='ocrx_word' id='word_1_7' title='bbox 309 232 481 268; x_wconf 81' lang='lat' dir='ltr'><em>sustinere</em></span> <span class='ocrx_word' id='word_1_8' title='bbox 508 230 810 268; x_wconf 77' lang='lat' dir='ltr'><em>extraordinarios</em></span> <span class='ocrx_word' id='word_1_9' title='bbox 838 233 998 281; x_wconf 80' lang='lat' dir='ltr'><em>inpetum</em></span> <span class='ocrx_word' id='word_1_10' title='bbox 1033 234 1236 278; x_wconf 83' lang='lat' dir='ltr'><em>Gallorum,</em></span> <span class='ocrx_word' id='word_1_11' title='bbox 1256 241 1292 272; x_wconf 88' lang='lat' dir='ltr'><em>et</em></span> <span class='ocrx_word' id='word_1_12' title='bbox 1318 248 1423 275; x_wconf 73' lang='lat' dir='ltr'><em>caews</em></span> 
     </span>
    </p>
   </div>
   <div class='ocr_carea' id='block_1_3' title="bbox 305 296 1429 2341">
    <p class='ocr_par' dir='ltr' id='par_1_3' title="bbox 305 296 1429 2341">
     <span class='ocr_line' id='line_1_3' title="bbox 305 296 1420 349; baseline 0.005 -18"><span class='ocrx_word' id='word_1_13' title='bbox 305 296 504 345; x_wconf 80' lang='lat' dir='ltr'><em>permultos</em></span> <span class='ocrx_word' id='word_1_14' title='bbox 522 307 618 339; x_wconf 87' lang='lat' dir='ltr'><em>esse,·</em></span> <span class='ocrx_word' id='word_1_15' title='bbox 647 301 695 338; x_wconf 88' lang='lat' dir='ltr'><em>et,</em></span> <span class='ocrx_word' id='word_1_16' title='bbox 717 298 778 344; x_wconf 78' lang='lat' dir='ltr'><em>qui</em></span> <span class='ocrx_word' id='word_1_17' title='bbox 805 298 997 345; x_wconf 80' lang='lat' dir='ltr'><em>supersint,</em></span> <span class='ocrx_word' id='word_1_18' title='bbox 1014 300 1154 347; x_wconf 81' lang='lat' dir='ltr'><em>partim</em></span> <span class='ocrx_word' id='word_1_19' title='bbox 1183 299 1314 344; x_wconf 88' lang='lat' dir='ltr'><em>labore,</em></span> <span class='ocrx_word' id='word_1_20' title='bbox 1330 313 1420 349; x_wconf 85' lang='lat' dir='ltr'><em>par-</em></span> 
     </span>
     <span class='ocr_line' id='line_1_4' title="bbox 312 361 1422 411; baseline 0.003 -14"><span class='ocrx_word' id='word_1_21' title='bbox 312 363 378 397; x_wconf 78' lang='lat' dir='ltr'><em>tim</em></span> <span class='ocrx_word' id='word_1_22' title='bbox 395 365 490 396; x_wconf 86' lang='lat' dir='ltr'><em>metu</em></span> <span class='ocrx_word' id='word_1_23' title='bbox 508 361 679 396; x_wconf 72' lang='lat' dir='ltr'><em>remisisse</em></span> <span class='ocrx_word' id='word_1_24' title='bbox 697 361 863 396; x_wconf 86' lang='lat' dir='ltr'><em>ardorem</em></span> <span class='ocrx_word' id='word_1_25' title='bbox 878 374 1010 409; x_wconf 83' lang='lat' dir='ltr'><em>pugnoe</em></span> <span class='ocrx_word' id='word_1_26' title='bbox 1026 378 1037 399; x_wconf 93' lang='lat'><em>:</em></span> <span class='ocrx_word' id='word_1_27' title='bbox 1068 364 1241 411; x_wconf 82' lang='lat' dir='ltr'><em>legionem</em></span> <span class='ocrx_word' id='word_1_28' title='bbox 1265 365 1422 400; x_wconf 87' lang='lat' dir='ltr'><em>alteram</em></span> 
     </span>
     <span class='ocr_line' id='line_1_5' title="bbox 310 426 1419 477; baseline 0.002 -14"><span class='ocrx_word' id='word_1_29' title='bbox 310 438 353 463; x_wconf 68' lang='lat' dir='ltr'><em>esc</em></span> <span class='ocrx_word' id='word_1_30' title='bbox 381 426 528 468; x_wconf 82' lang='lat' dir='ltr'><em>duabus,</em></span> <span class='ocrx_word' id='word_1_31' title='bbox 548 427 578 461; x_wconf 80' lang='lat' dir='ltr'><em>si</em></span> <span class='ocrx_word' id='word_1_32' title='bbox 605 426 797 467; x_wconf 76' lang='lat' dir='ltr'><em>videretur,</em></span> <span class='ocrx_word' id='word_1_33' title='bbox 823 426 1055 470; x_wconf 78' lang='lat' dir='ltr'><em>submitteret,</em></span> <span class='ocrx_word' id='word_1_34' title='bbox 1079 429 1291 477; x_wconf 80' lang='lat' dir='ltr'><em>priusquam</em></span> <span class='ocrx_word' id='word_1_35' title='bbox 1317 430 1419 477; x_wconf 79' lang='lat' dir='ltr'><em>igno-</em></span> 
     </span>
     <span class='ocr_line' id='line_1_6' title="bbox 309 488 1419 538; baseline 0.002 -11"><span class='ocrx_word' id='word_1_36' title='bbox 309 491 424 527; x_wconf 81' lang='lat' dir='ltr'><em>minia</em></span> <span class='ocrx_word' id='word_1_37' title='bbox 447 491 679 537; x_wconf 76' lang='lat' dir='ltr'><em>acciperetur.</em></span> <span class='ocrx_word' id='word_1_38' title='bbox 736 488 909 525; x_wconf 89' lang='lat' dir='ltr'><em>Secunda</em></span> <span class='ocrx_word' id='word_1_39' title='bbox 937 489 1037 538; x_wconf 89' lang='lat' dir='ltr'><em>legio</em></span> <span class='ocrx_word' id='word_1_40' title='bbox 1066 492 1182 528; x_wconf 88' lang='lat' dir='ltr'><em>missa</em></span> <span class='ocrx_word' id='word_1_41' title='bbox 1204 497 1275 535; x_wconf 88' lang='lat' dir='ltr'><em>est,</em></span> <span class='ocrx_word' id='word_1_42' title='bbox 1296 498 1335 528; x_wconf 92' lang='lat' dir='ltr'><em>et</em></span> <span class='ocrx_word' id='word_1_43' title='bbox 1353 504 1419 530; x_wconf 86' lang='lat' dir='ltr'><em>ex-</em></span> 
     </span>
     <span class='ocr_line' id='line_1_7' title="bbox 310 551 1419 606; baseline 0.003 -16"><span class='ocrx_word' id='word_1_44' title='bbox 310 552 551 590; x_wconf 86' lang='lat' dir='ltr'><em>traordinarii</em></span> <span class='ocrx_word' id='word_1_45' title='bbox 570 551 724 601; x_wconf 85' lang='lat' dir='ltr'><em>recepti.</em></span> <span class='ocrx_word' id='word_1_46' title='bbox 780 551 880 588; x_wconf 93' lang='lat' dir='ltr'><em>Tum</em></span> <span class='ocrx_word' id='word_1_47' title='bbox 906 553 1164 602; x_wconf 86' lang='lat' dir='ltr'><em>redintegrata</em></span> <span class='ocrx_word' id='word_1_48' title='bbox 1193 560 1250 591; x_wconf 91' lang='lat' dir='ltr'><em>est</em></span> <span class='ocrx_word' id='word_1_49' title='bbox 1278 568 1419 606; x_wconf 86' lang='lat' dir='ltr'><em>pugna.</em></span> 
     </span>
     <span class='ocr_line' id='line_1_8' title="bbox 309 614 1419 668; baseline 0.002 -15"><span class='ocrx_word' id='word_1_50' title='bbox 309 618 438 657; x_wconf 86' lang='lat' dir='ltr'><em>Quum</em></span> <span class='ocrx_word' id='word_1_51' title='bbox 459 622 496 651; x_wconf 87' lang='lat' dir='ltr'><em>et</em></span> <span class='ocrx_word' id='word_1_52' title='bbox 521 627 649 651; x_wconf 81' lang='lat' dir='ltr'><em>recens</em></span> <span class='ocrx_word' id='word_1_53' title='bbox 679 614 800 658; x_wconf 82' lang='lat' dir='ltr'><em>miles,</em></span> <span class='ocrx_word' id='word_1_54' title='bbox 821 621 859 651; x_wconf 88' lang='lat' dir='ltr'><em>et</em></span> <span class='ocrx_word' id='word_1_55' title='bbox 887 615 1063 666; x_wconf 85' lang='lat' dir='ltr'><em>frequens</em></span> <span class='ocrx_word' id='word_1_56' title='bbox 1093 617 1288 654; x_wconf 83' lang='lat' dir='ltr'><em>ordinibus</em></span> <span class='ocrx_word' id='word_1_57' title='bbox 1316 618 1419 668; x_wconf 86' lang='lat' dir='ltr'><em>legio</em></span> 
     </span>
     <span class='ocr_line' id='line_1_9' title="bbox 308 679 1415 732; baseline 0 -13"><span class='ocrx_word' id='word_1_58' title='bbox 308 681 565 723; x_wconf 84' lang='lat' dir='ltr'><em>successisset,</em></span> <span class='ocrx_word' id='word_1_59' title='bbox 586 685 624 716; x_wconf 90' lang='lat' dir='ltr'><em>et</em></span> <span class='ocrx_word' id='word_1_60' title='bbox 643 680 794 716; x_wconf 81' lang='lat' dir='ltr'><em>sinistra</em></span> <span class='ocrx_word' id='word_1_61' title='bbox 813 679 873 716; x_wconf 86' lang='lat' dir='ltr'><em>ala</em></span> <span class='ocrx_word' id='word_1_62' title='bbox 891 693 937 716; x_wconf 81' lang='lat' dir='ltr'><em>ex</em></span> <span class='ocrx_word' id='word_1_63' title='bbox 962 680 1099 732; x_wconf 86' lang='lat' dir='ltr'><em>proelio</em></span> <span class='ocrx_word' id='word_1_64' title='bbox 1125 681 1315 719; x_wconf 84' lang='lat' dir='ltr'><em>subducta·</em></span> <span class='ocrx_word' id='word_1_65' title='bbox 1330 689 1387 720; x_wconf 91' lang='lat' dir='ltr'><em>est</em></span> <span class='ocrx_word' id='word_1_66' title='bbox 1403 699 1415 729; x_wconf 85' lang='lat'>;</span> 
     </span>
     <span class='ocr_line' id='line_1_10' title="bbox 310 745 1421 795; baseline 0.001 -12"><span class='ocrx_word' id='word_1_67' title='bbox 310 748 442 783; x_wconf 86' lang='lat' dir='ltr'><em>dextra</em></span> <span class='ocrx_word' id='word_1_68' title='bbox 462 746 500 781; x_wconf 87' lang='lat' dir='ltr'><em>in</em></span> <span class='ocrx_word' id='word_1_69' title='bbox 520 745 679 795; x_wconf 84' lang='lat' dir='ltr'>primam</span> <span class='ocrx_word' id='word_1_70' title='bbox 699 745 818 780; x_wconf 85' lang='lat' dir='ltr'><em>aciem</em></span> <span class='ocrx_word' id='word_1_71' title='bbox 838 745 966 782; x_wconf 86' lang='lat' dir='ltr'><em>subiit.</em></span> <span class='ocrx_word' id='word_1_72' title='bbox 1023 745 1090 782; x_wconf 89' lang='lat' dir='ltr'><em>Sol</em></span> <span class='ocrx_word' id='word_1_73' title='bbox 1119 746 1267 795; x_wconf 84' lang='lat' dir='ltr'><em>ingenti</em></span> <span class='ocrx_word' id='word_1_74' title='bbox 1286 746 1421 784; x_wconf 74' lang='lat' dir='ltr'><em>ardore</em></span> 
     </span>
     <span class='ocr_line' id='line_1_11' title="bbox 309 800 1416 861; baseline 0.001 -14"><span class='ocrx_word' id='word_1_75' title='bbox 309 809 480 847; x_wconf 84' lang='lat' dir='ltr'><em>torrebat</em></span> <span class='ocrx_word' id='word_1_76' title='bbox 499 809 653 845; x_wconf 87' lang='lat' dir='ltr'><em>minime</em></span> <span class='ocrx_word' id='word_1_77' title='bbox 672 809 856 858; x_wconf 84' lang='lat' dir='ltr'><em>patientia</em></span> <span class='ocrx_word' id='word_1_78' title='bbox 876 816 986 845; x_wconf 85' lang='lat' dir='ltr'><em>aestus</em></span> <span class='ocrx_word' id='word_1_79' title='bbox 1013 822 1175 861; x_wconf 86' lang='lat' dir='ltr'><em>corpora</em></span> <span class='ocrx_word' id='word_1_80' title='bbox 1195 800 1416 848; x_wconf 85' lang='lat' dir='ltr'><em>Gallorum:</em></span> 
     </span>
     <span class='ocr_line' id='line_1_12' title="bbox 311 871 1423 916; baseline 0.001 -6"><span class='ocrx_word' id='word_1_81' title='bbox 311 874 436 911; x_wconf 87' lang='lat' dir='ltr'><em>densis</em></span> <span class='ocrx_word' id='word_1_82' title='bbox 456 880 583 909; x_wconf 84' lang='lat' dir='ltr'><em>tamen</em></span> <span class='ocrx_word' id='word_1_83' title='bbox 608 871 803 909; x_wconf 87' lang='lat' dir='ltr'><em>ordinibus</em></span> <span class='ocrx_word' id='word_1_84' title='bbox 832 885 933 909; x_wconf 90' lang='lat' dir='ltr'><em>nunc</em></span> <span class='ocrx_word' id='word_1_85' title='bbox 963 872 1026 909; x_wconf 85' lang='lat' dir='ltr'><em>alii</em></span> <span class='ocrx_word' id='word_1_86' title='bbox 1056 874 1095 909; x_wconf 91' lang='lat' dir='ltr'><em>in</em></span> <span class='ocrx_word' id='word_1_87' title='bbox 1124 873 1233 916; x_wconf 81' lang='lat' dir='ltr'><em>alios,</em></span> <span class='ocrx_word' id='word_1_88' title='bbox 1253 886 1354 911; x_wconf 89' lang='lat' dir='ltr'><em>nunc</em></span> <span class='ocrx_word' id='word_1_89' title='bbox 1382 874 1423 912; x_wconf 85' lang='lat' dir='ltr'><em>in</em></span> 
     </span>
     <span class='ocr_line' id='line_1_13' title="bbox 312 936 1428 988; baseline 0 -12"><span class='ocrx_word' id='word_1_90' title='bbox 312 944 419 976; x_wconf 84' lang='lat' dir='ltr'><em>scuta</em></span> <span class='ocrx_word' id='word_1_91' title='bbox 455 937 731 980; x_wconf 82' lang='lat' dir='ltr'><em>incumbentes,</em></span> <span class='ocrx_word' id='word_1_92' title='bbox 768 936 1007 974; x_wconf 86' lang='lat' dir='ltr'><em>sustinebant</em></span> <span class='ocrx_word' id='word_1_93' title='bbox 1039 938 1188 988; x_wconf 86' lang='lat' dir='ltr'><em>inpetus</em></span> <span class='ocrx_word' id='word_1_94' title='bbox 1224 937 1428 976; x_wconf 81' lang='lat' dir='ltr'><em>Romano-.</em></span> 
     </span>
     <span class='ocr_line' id='line_1_14' title="bbox 310 1001 1422 1053; baseline -0.001 -13"><span class='ocrx_word' id='word_1_95' title='bbox 310 1016 408 1040; x_wconf 89' lang='lat' dir='ltr'><em>rum.</em></span> <span class='ocrx_word' id='word_1_96' title='bbox 460 1002 574 1042; x_wconf 85' lang='lat' dir='ltr'><em>Quod</em></span> <span class='ocrx_word' id='word_1_97' title='bbox 595 1001 659 1038; x_wconf 92' lang='lat' dir='ltr'><em>ubi</em></span> <span class='ocrx_word' id='word_1_98' title='bbox 676 1001 942 1038; x_wconf 82' lang='lat' dir='ltr'><em>animadvertit</em></span> <span class='ocrx_word' id='word_1_99' title='bbox 962 1002 1109 1046; x_wconf 87' lang='lat' dir='ltr'><em>consul,</em></span> <span class='ocrx_word' id='word_1_100' title='bbox 1130 1002 1176 1040; x_wconf 89' lang='lat' dir='ltr'><em>ad</em></span> <span class='ocrx_word' id='word_1_101' title='bbox 1195 1001 1422 1053; x_wconf 88' lang='lat' dir='ltr'><em>perturban-</em></span> 
     </span>
     <span class='ocr_line' id='line_1_15' title="bbox 312 1065 1428 1117; baseline -0.001 -12"><span class='ocrx_word' id='word_1_102' title='bbox 312 1068 380 1105; x_wconf 87' lang='lat' dir='ltr'><em>dos</em></span> <span class='ocrx_word' id='word_1_103' title='bbox 397 1067 547 1104; x_wconf 84' lang='lat' dir='ltr'><em>ordines</em></span> <span class='ocrx_word' id='word_1_104' title='bbox 568 1078 699 1103; x_wconf 87' lang='lat' dir='ltr'><em>eorum</em></span> <span class='ocrx_word' id='word_1_105' title='bbox 719 1066 761 1102; x_wconf 94' lang='lat' dir='ltr'><em>C.</em></span> <span class='ocrx_word' id='word_1_106' title='bbox 778 1065 929 1102; x_wconf 89' lang='lat' dir='ltr'><em>Livium</em></span> <span class='ocrx_word' id='word_1_107' title='bbox 951 1066 1217 1110; x_wconf 83' lang='lat' dir='ltr'><em>Salinatorem,</em></span> <span class='ocrx_word' id='word_1_108' title='bbox 1238 1067 1302 1117; x_wconf 90' lang='lat' dir='ltr'><em>qui</em></span> <span class='ocrx_word' id='word_1_109' title='bbox 1324 1079 1428 1117; x_wconf 66' lang='lat' dir='ltr'><em>pree--</em></span> 
     </span>
     <span class='ocr_line' id='line_1_16' title="bbox 311 1129 1419 1180; baseline -0.003 -10"><span class='ocrx_word' id='word_1_110' title='bbox 311 1139 394 1171; x_wconf 84' lang='lat' dir='ltr'><em>erat</em></span> <span class='ocrx_word' id='word_1_111' title='bbox 422 1131 546 1169; x_wconf 87' lang='lat' dir='ltr'><em>alariis</em></span> <span class='ocrx_word' id='word_1_112' title='bbox 577 1129 781 1180; x_wconf 84' lang='lat' dir='ltr'><em>equitibuS,</em></span> <span class='ocrx_word' id='word_1_113' title='bbox 811 1142 924 1179; x_wconf 87' lang='lat' dir='ltr'><em>quam</em></span> <span class='ocrx_word' id='word_1_114' title='bbox 954 1130 1272 1167; x_wconf 84' lang='lat' dir='ltr'><em>concitatissimos</em></span> <span class='ocrx_word' id='word_1_115' title='bbox 1303 1143 1419 1180; x_wconf 77' lang='lat' dir='ltr'><em>equos</em></span> 
     </span>
     <span class='ocr_line' id='line_1_17' title="bbox 312 1194 1422 1247; baseline -0.003 -12"><span class='ocrx_word' id='word_1_116' title='bbox 312 1198 504 1235; x_wconf 87' lang='lat' dir='ltr'><em>inmittere</em></span> <span class='ocrx_word' id='word_1_117' title='bbox 526 1195 640 1247; x_wconf 88' lang='lat' dir='ltr'><em>jubet</em></span> <span class='ocrx_word' id='word_1_118' title='bbox 659 1209 665 1230; x_wconf 91' lang='lat'>:</span> <span class='ocrx_word' id='word_1_119' title='bbox 699 1201 737 1230; x_wconf 90' lang='lat' dir='ltr'><em>et</em></span> <span class='ocrx_word' id='word_1_120' title='bbox 765 1194 995 1243; x_wconf 88' lang='lat' dir='ltr'><em>legionarios</em></span> <span class='ocrx_word' id='word_1_121' title='bbox 1023 1195 1167 1244; x_wconf 81' lang='lat' dir='ltr'><em>equites</em></span> <span class='ocrx_word' id='word_1_122' title='bbox 1187 1195 1227 1230; x_wconf 93' lang='lat' dir='ltr'><em>in</em></span> <span class='ocrx_word' id='word_1_123' title='bbox 1247 1194 1422 1232; x_wconf 87' lang='lat' dir='ltr'><em>subsidiis</em></span> 
     </span>
     <span class='ocr_line' id='line_1_18' title="bbox 312 1258 1424 1310; baseline -0.004 -9"><span class='ocrx_word' id='word_1_124' title='bbox 312 1275 406 1300; x_wconf 83' lang='lat' dir='ltr'><em>esse.</em></span> <span class='ocrx_word' id='word_1_125' title='bbox 449 1262 545 1298; x_wconf 88' lang='lat' dir='ltr'><em>Haec</em></span> <span class='ocrx_word' id='word_1_126' title='bbox 564 1258 731 1310; x_wconf 87' lang='lat' dir='ltr'><em>procella</em></span> <span class='ocrx_word' id='word_1_127' title='bbox 750 1260 932 1308; x_wconf 85' lang='lat' dir='ltr'><em>equestris</em></span> <span class='ocrx_word' id='word_1_128' title='bbox 953 1259 1076 1310; x_wconf 87' lang='lat' dir='ltr'><em>primo</em></span> <span class='ocrx_word' id='word_1_129' title='bbox 1096 1258 1269 1296; x_wconf 83' lang='lat' dir='ltr'><em>confudit</em></span> <span class='ocrx_word' id='word_1_130' title='bbox 1288 1266 1326 1296; x_wconf 91' lang='lat' dir='ltr'><em>et</em></span> <span class='ocrx_word' id='word_1_131' title='bbox 1344 1266 1424 1297; x_wconf 88' lang='lat' dir='ltr'><em>tur-</em></span> 
     </span>
     <span class='ocr_line' id='line_1_19' title="bbox 310 1320 1423 1376; baseline -0.001 -12"><span class='ocrx_word' id='word_1_132' title='bbox 310 1327 432 1370; x_wconf 83' lang='lat' dir='ltr'><em>bavit,</em></span> <span class='ocrx_word' id='word_1_133' title='bbox 463 1326 598 1363; x_wconf 88' lang='lat' dir='ltr'><em>deinde</em></span> <span class='ocrx_word' id='word_1_134' title='bbox 626 1325 822 1376; x_wconf 83' lang='lat' dir='ltr'><em>dissipavit</em></span> <span class='ocrx_word' id='word_1_135' title='bbox 850 1326 970 1362; x_wconf 88' lang='lat' dir='ltr'><em>aciem</em></span> <span class='ocrx_word' id='word_1_136' title='bbox 999 1325 1225 1371; x_wconf 81' lang='lat' dir='ltr'><em>Gallorum3</em></span> <span class='ocrx_word' id='word_1_137' title='bbox 1257 1338 1334 1362; x_wconf 90' lang='lat' dir='ltr'><em>non</em></span> <span class='ocrx_word' id='word_1_138' title='bbox 1366 1320 1423 1364; x_wconf 76' lang='lat' dir='ltr'><em>ta-</em></span> 
     </span>
     <span class='ocr_line' id='line_1_20' title="bbox 313 1390 1422 1440; baseline -0.001 -11"><span class='ocrx_word' id='word_1_139' title='bbox 313 1405 417 1436; x_wconf 90' lang='lat' dir='ltr'><em>men,</em></span> <span class='ocrx_word' id='word_1_140' title='bbox 436 1397 478 1428; x_wconf 92' lang='lat' dir='ltr'><em>ut</em></span> <span class='ocrx_word' id='word_1_141' title='bbox 496 1398 602 1440; x_wconf 87' lang='lat' dir='ltr'><em>terga</em></span> <span class='ocrx_word' id='word_1_142' title='bbox 627 1390 772 1427; x_wconf 87' lang='lat' dir='ltr'><em>darent.</em></span> <span class='ocrx_word' id='word_1_143' title='bbox 829 1390 1048 1427; x_wconf 87' lang='lat' dir='ltr'><em>Obstabant</em></span> <span class='ocrx_word' id='word_1_144' title='bbox 1076 1391 1203 1433; x_wconf 83' lang='lat' dir='ltr'><em>duces,</em></span> <span class='ocrx_word' id='word_1_145' title='bbox 1223 1390 1422 1428; x_wconf 84' lang='lat' dir='ltr'><em>hastilibus</em></span> 
     </span>
     <span class='ocr_line' id='line_1_21' title="bbox 314 1455 1422 1505; baseline -0.002 -11"><span class='ocrx_word' id='word_1_146' title='bbox 314 1457 501 1494; x_wconf 85' lang='lat' dir='ltr'><em>caedentes</em></span> <span class='ocrx_word' id='word_1_147' title='bbox 531 1461 640 1505; x_wconf 81' lang='lat' dir='ltr'><em>terga</em></span> <span class='ocrx_word' id='word_1_148' title='bbox 666 1455 952 1505; x_wconf 86' lang='lat' dir='ltr'><em>trepidantium,</em></span> <span class='ocrx_word' id='word_1_149' title='bbox 984 1461 1022 1491; x_wconf 90' lang='lat' dir='ltr'><em>et</em></span> <span class='ocrx_word' id='word_1_150' title='bbox 1051 1456 1172 1492; x_wconf 89' lang='lat' dir='ltr'><em>redire</em></span> <span class='ocrx_word' id='word_1_151' title='bbox 1201 1456 1241 1491; x_wconf 91' lang='lat' dir='ltr'><em>in</em></span> <span class='ocrx_word' id='word_1_152' title='bbox 1271 1456 1422 1492; x_wconf 86' lang='lat' dir='ltr'><em>ordines</em></span> 
     </span>
     <span class='ocr_line' id='line_1_22' title="bbox 316 1519 1424 1572; baseline -0.002 -13"><span class='ocrx_word' id='word_1_153' title='bbox 316 1528 525 1572; x_wconf 81' lang='lat' dir='ltr'><em>cogentes:</em></span> <span class='ocrx_word' id='word_1_154' title='bbox 558 1520 622 1557; x_wconf 90' lang='lat' dir='ltr'><em>sed</em></span> <span class='ocrx_word' id='word_1_155' title='bbox 650 1520 962 1569; x_wconf 86' lang='lat' dir='ltr'><em>interequitantes</em></span> <span class='ocrx_word' id='word_1_156' title='bbox 992 1519 1098 1556; x_wconf 87' lang='lat' dir='ltr'><em>alarii</em></span> <span class='ocrx_word' id='word_1_157' title='bbox 1124 1532 1200 1556; x_wconf 89' lang='lat' dir='ltr'><em>non</em></span> <span class='ocrx_word' id='word_1_158' title='bbox 1226 1520 1424 1571; x_wconf 88' lang='lat' dir='ltr'><em>patieban-</em></span> 
     </span>
     <span class='ocr_line' id='line_1_23' title="bbox 317 1583 1425 1633; baseline -0.002 -9"><span class='ocrx_word' id='word_1_159' title='bbox 317 1594 390 1624; x_wconf 89' lang='lat' dir='ltr'><em>tur.</em></span> <span class='ocrx_word' id='word_1_160' title='bbox 448 1584 593 1622; x_wconf 91' lang='lat' dir='ltr'><em>Consul</em></span> <span class='ocrx_word' id='word_1_161' title='bbox 611 1584 875 1621; x_wconf 83' lang='lat' dir='ltr'><em>obtestabatur</em></span> <span class='ocrx_word' id='word_1_162' title='bbox 893 1583 1045 1626; x_wconf 83' lang='lat' dir='ltr'><em>milites,</em></span> <span class='ocrx_word' id='word_1_163' title='bbox 1069 1585 1117 1621; x_wconf 87' lang='lat' dir='ltr'><em>Ut</em></span> <span class='ocrx_word' id='word_1_164' title='bbox 1131 1585 1339 1633; x_wconf 81' lang='lat' dir='ltr'><em>paullulum</em></span> <span class='ocrx_word' id='word_1_165' title='bbox 1358 1586 1425 1622; x_wconf 84' lang='lat' dir='ltr'><em>ad-</em></span> 
     </span>
     <span class='ocr_line' id='line_1_24' title="bbox 314 1649 1426 1698; baseline -0.003 -9"><span class='ocrx_word' id='word_1_166' title='bbox 314 1655 514 1689; x_wconf 75' lang='lat' dir='ltr'><em>niterentur</em></span> <span class='ocrx_word' id='word_1_167' title='bbox 529 1667 541 1695; x_wconf 93' lang='lat'><em>,·</em></span> <span class='ocrx_word' id='word_1_168' title='bbox 570 1652 756 1687; x_wconf 77' lang='lat' dir='ltr'><em>victoriam</em></span> <span class='ocrx_word' id='word_1_169' title='bbox 788 1651 826 1685; x_wconf 78' lang='lat' dir='ltr'><em>in</em></span> <span class='ocrx_word' id='word_1_170' title='bbox 857 1649 1017 1685; x_wconf 80' lang='lat' dir='ltr'><em>manibus</em></span> <span class='ocrx_word' id='word_1_171' title='bbox 1044 1661 1141 1686; x_wconf 86' lang='lat' dir='ltr'><em>esse:</em></span> <span class='ocrx_word' id='word_1_172' title='bbox 1171 1651 1256 1686; x_wconf 84' lang='lat' dir='ltr'><em>dum</em></span> <span class='ocrx_word' id='word_1_173' title='bbox 1280 1654 1426 1698; x_wconf 87' lang='lat' dir='ltr'><em>pertur-</em></span> 
     </span>
     <span class='ocr_line' id='line_1_25' title="bbox 317 1714 1426 1764; baseline -0.003 -11"><span class='ocrx_word' id='word_1_174' title='bbox 317 1717 418 1753; x_wconf 82' lang='lat' dir='ltr'><em>batos</em></span> <span class='ocrx_word' id='word_1_175' title='bbox 436 1721 470 1752; x_wconf 90' lang='lat' dir='ltr'><em>et</em></span> <span class='ocrx_word' id='word_1_176' title='bbox 489 1715 706 1764; x_wconf 80' lang='lat' dir='ltr'><em>trepidantes</em></span> <span class='ocrx_word' id='word_1_177' title='bbox 724 1714 898 1755; x_wconf 83' lang='lat' dir='ltr'><em>viderent,</em></span> <span class='ocrx_word' id='word_1_178' title='bbox 918 1714 1094 1749; x_wconf 75' lang='lat' dir='ltr'><em>instarent</em></span> <span class='ocrx_word' id='word_1_179' title='bbox 1111 1729 1123 1750; x_wconf 91' lang='lat'><em>:</em></span> <span class='ocrx_word' id='word_1_180' title='bbox 1149 1715 1180 1749; x_wconf 77' lang='lat' dir='ltr'><em>sz·</em></span> <span class='ocrx_word' id='word_1_181' title='bbox 1203 1715 1345 1750; x_wconf 80' lang='lat' dir='ltr'><em>restitui</em></span> <span class='ocrx_word' id='word_1_182' title='bbox 1369 1726 1426 1750; x_wconf 86' lang='lat' dir='ltr'><em>or-</em></span> 
     </span>
     <span class='ocr_line' id='line_1_26' title="bbox 318 1779 1428 1827; baseline -0.005 -8"><span class='ocrx_word' id='word_1_183' title='bbox 318 1783 417 1819; x_wconf 84' lang='lat' dir='ltr'><em>dines</em></span> <span class='ocrx_word' id='word_1_184' title='bbox 433 1784 569 1823; x_wconf 75' lang='lat' dir='ltr'><em>sissent,</em></span> <span class='ocrx_word' id='word_1_185' title='bbox 589 1781 728 1827; x_wconf 82' lang='lat' dir='ltr'><em>integro</em></span> <span class='ocrx_word' id='word_1_186' title='bbox 746 1791 868 1814; x_wconf 85' lang='lat' dir='ltr'><em>rursus</em></span> <span class='ocrx_word' id='word_1_187' title='bbox 885 1790 942 1814; x_wconf 91' lang='lat' dir='ltr'><em>eos</em></span> <span class='ocrx_word' id='word_1_188' title='bbox 955 1779 1082 1826; x_wconf 79' lang='lat' dir='ltr'><em>proelio</em></span> <span class='ocrx_word' id='word_1_189' title='bbox 1101 1783 1136 1814; x_wconf 90' lang='lat' dir='ltr'><em>et</em></span> <span class='ocrx_word' id='word_1_190' title='bbox 1155 1779 1260 1814; x_wconf 80' lang='lat' dir='ltr'><em>dubio</em></span> <span class='ocrx_word' id='word_1_191' title='bbox 1277 1779 1428 1814; x_wconf 76' lang='lat' dir='ltr'><em>dimica-</em></span> 
     </span>
     <span class='ocr_line' id='line_1_27' title="bbox 319 1841 1427 1891; baseline -0.005 -9"><span class='ocrx_word' id='word_1_192' title='bbox 319 1852 428 1882; x_wconf 75' lang='lat' dir='ltr'><em>turos.</em></span> <span class='ocrx_word' id='word_1_193' title='bbox 485 1843 631 1880; x_wconf 84' lang='lat' dir='ltr'><em>Inferre</em></span> <span class='ocrx_word' id='word_1_194' title='bbox 649 1841 862 1878; x_wconf 81' lang='lat' dir='ltr'><em>vexillarios</em></span> <span class='ocrx_word' id='word_1_195' title='bbox 883 1841 1001 1891; x_wconf 89' lang='lat' dir='ltr'><em>jussit</em></span> <span class='ocrx_word' id='word_1_196' title='bbox 1019 1842 1150 1890; x_wconf 68' lang='lat' dir='ltr'><em>signa:</em></span> <span class='ocrx_word' id='word_1_197' title='bbox 1183 1853 1427 1878; x_wconf 86' lang='lat' dir='ltr'><em>omnes-con-</em></span> 
     </span>
     <span class='ocr_line' id='line_1_28' title="bbox 318 1904 1428 1954; baseline -0.005 -9"><span class='ocrx_word' id='word_1_198' title='bbox 318 1909 393 1945; x_wconf 87' lang='lat' dir='ltr'><em>nisi</em></span> <span class='ocrx_word' id='word_1_199' title='bbox 427 1907 579 1944; x_wconf 86' lang='lat' dir='ltr'><em>tandem</em></span> <span class='ocrx_word' id='word_1_200' title='bbox 611 1911 827 1942; x_wconf 86' lang='lat' dir='ltr'><em>averterunt</em></span> <span class='ocrx_word' id='word_1_201' title='bbox 860 1906 1021 1941; x_wconf 83' lang='lat' dir='ltr'><em>hostem.</em></span> <span class='ocrx_word' id='word_1_202' title='bbox 1078 1904 1287 1954; x_wconf 90' lang='lat' dir='ltr'><em>Postquam</em></span> <span class='ocrx_word' id='word_1_203' title='bbox 1318 1911 1428 1954; x_wconf 86' lang='lat' dir='ltr'><em>terga</em></span> 
     </span>
     <span class='ocr_line' id='line_1_29' title="bbox 318 1968 1429 2019; baseline -0.005 -9"><span class='ocrx_word' id='word_1_204' title='bbox 318 1972 475 2015; x_wconf 86' lang='lat' dir='ltr'><em>dabant,</em></span> <span class='ocrx_word' id='word_1_205' title='bbox 497 1977 535 2007; x_wconf 89' lang='lat' dir='ltr'><em>et</em></span> <span class='ocrx_word' id='word_1_206' title='bbox 554 1971 592 2006; x_wconf 89' lang='lat' dir='ltr'><em>in</em></span> <span class='ocrx_word' id='word_1_207' title='bbox 621 1970 750 2019; x_wconf 86' lang='lat' dir='ltr'><em>fugam</em></span> <span class='ocrx_word' id='word_1_208' title='bbox 778 1969 917 2019; x_wconf 85' lang='lat' dir='ltr'><em>passim</em></span> <span class='ocrx_word' id='word_1_209' title='bbox 947 1968 1249 2012; x_wconf 87' lang='lat' dir='ltr'><em>effundebantur,</em></span> <span class='ocrx_word' id='word_1_210' title='bbox 1270 1974 1352 2004; x_wconf 89' lang='lat' dir='ltr'><em>tum</em></span> <span class='ocrx_word' id='word_1_211' title='bbox 1380 1968 1429 2005; x_wconf 82' lang='lat' dir='ltr'><em>ad</em></span> 
     </span>
     <span class='ocr_line' id='line_1_30' title="bbox 316 2032 1428 2088; baseline -0.004 -16"><span class='ocrx_word' id='word_1_212' title='bbox 316 2035 596 2088; x_wconf 83' lang='lat' dir='ltr'><em>persequendos</em></span> <span class='ocrx_word' id='word_1_213' title='bbox 616 2047 680 2070; x_wconf 88' lang='lat' dir='ltr'><em>eos</em></span> <span class='ocrx_word' id='word_1_214' title='bbox 703 2033 903 2082; x_wconf 86' lang='lat' dir='ltr'><em>legionarii</em></span> <span class='ocrx_word' id='word_1_215' title='bbox 932 2033 1076 2081; x_wconf 87' lang='lat' dir='ltr'><em>equites</em></span> <span class='ocrx_word' id='word_1_216' title='bbox 1105 2032 1265 2070; x_wconf 85' lang='lat' dir='ltr'><em>inmissi.</em></span> <span class='ocrx_word' id='word_1_217' title='bbox 1321 2032 1428 2072; x_wconf 87' lang='lat' dir='ltr'><em>Qua-</em></span> 
     </span>
     <span class='ocr_line' id='line_1_31' title="bbox 316 2097 1428 2141; baseline -0.004 -4"><span class='ocrx_word' id='word_1_218' title='bbox 316 2101 529 2138; x_wconf 85' lang='lat' dir='ltr'><em>tuordecim</em></span> <span class='ocrx_word' id='word_1_219' title='bbox 557 2099 676 2135; x_wconf 88' lang='lat' dir='ltr'><em>millia</em></span> <span class='ocrx_word' id='word_1_220' title='bbox 703 2098 888 2135; x_wconf 85' lang='lat' dir='ltr'><em>Boiorum</em></span> <span class='ocrx_word' id='word_1_221' title='bbox 917 2110 962 2134; x_wconf 90' lang='lat' dir='ltr'><em>eo</em></span> <span class='ocrx_word' id='word_1_222' title='bbox 992 2097 1050 2133; x_wconf 92' lang='lat' dir='ltr'><em>die</em></span> <span class='ocrx_word' id='word_1_223' title='bbox 1079 2108 1176 2133; x_wconf 87' lang='lat' dir='ltr'><em>caesa</em></span> <span class='ocrx_word' id='word_1_224' title='bbox 1204 2102 1320 2141; x_wconf 84' lang='lat' dir='ltr'><em>sunt;</em></span> <span class='ocrx_word' id='word_1_225' title='bbox 1352 2097 1428 2133; x_wconf 83' lang='lat' dir='ltr'><em>vivi</em></span> 
     </span>
     <span class='ocr_line' id='line_1_32' title="bbox 317 2160 1427 2215; baseline -0.006 -13"><span class='ocrx_word' id='word_1_226' title='bbox 317 2166 418 2215; x_wconf 83' lang='lat' dir='ltr'><em>capti</em></span> <span class='ocrx_word' id='word_1_227' title='bbox 446 2163 548 2203; x_wconf 86' lang='lat' dir='ltr'><em>mille</em></span> <span class='ocrx_word' id='word_1_228' title='bbox 573 2163 784 2212; x_wconf 85' lang='lat' dir='ltr'><em>nonaginta</em></span> <span class='ocrx_word' id='word_1_229' title='bbox 812 2161 913 2198; x_wconf 90' lang='lat' dir='ltr'><em>duo:</em></span> <span class='ocrx_word' id='word_1_230' title='bbox 945 2161 1089 2210; x_wconf 87' lang='lat' dir='ltr'><em>equites</em></span> <span class='ocrx_word' id='word_1_231' title='bbox 1120 2161 1353 2210; x_wconf 87' lang='lat' dir='ltr'><em>septingenti</em></span> <span class='ocrx_word' id='word_1_232' title='bbox 1371 2160 1427 2196; x_wconf 82' lang='lat' dir='ltr'><em>vi·</em></span> 
     </span>
     <span class='ocr_line' id='line_1_33' title="bbox 317 2223 1424 2278; baseline -0.005 -13"><span class='ocrx_word' id='word_1_233' title='bbox 317 2229 415 2278; x_wconf 88' lang='lat' dir='ltr'><em>ginti</em></span> <span class='ocrx_word' id='word_1_234' title='bbox 448 2240 557 2271; x_wconf 83' lang='lat' dir='ltr'><em>unuS,</em></span> <span class='ocrx_word' id='word_1_235' title='bbox 588 2234 662 2263; x_wconf 91' lang='lat' dir='ltr'><em>tres</em></span> <span class='ocrx_word' id='word_1_236' title='bbox 692 2227 804 2263; x_wconf 90' lang='lat' dir='ltr'><em>duces</em></span> <span class='ocrx_word' id='word_1_237' title='bbox 836 2237 980 2267; x_wconf 88' lang='lat' dir='ltr'><em>eorum,</em></span> <span class='ocrx_word' id='word_1_238' title='bbox 1011 2226 1121 2273; x_wconf 86' lang='lat' dir='ltr'><em>signa</em></span> <span class='ocrx_word' id='word_1_239' title='bbox 1149 2223 1328 2260; x_wconf 80' lang='lat' dir='ltr'><em>militaria</em></span> <span class='ocrx_word' id='word_1_240' title='bbox 1356 2223 1424 2260; x_wconf 92' lang='lat' dir='ltr'><em>du-</em></span> 
     </span>
     <span class='ocr_line' id='line_1_34' title="bbox 318 2286 1426 2341; baseline -0.005 -12"><span class='ocrx_word' id='word_1_241' title='bbox 318 2299 429 2331; x_wconf 84' lang='lat' dir='ltr'><em>centa</em></span> <span class='ocrx_word' id='word_1_242' title='bbox 446 2291 660 2336; x_wconf 87' lang='lat' dir='ltr'><em>duodecim,</em></span> <span class='ocrx_word' id='word_1_243' title='bbox 680 2296 861 2341; x_wconf 77' lang='lat' dir='ltr'><em>carpenta</em></span> <span class='ocrx_word' id='word_1_244' title='bbox 879 2288 1079 2338; x_wconf 83' lang='lat' dir='ltr'><em>sexaginta</em></span> <span class='ocrx_word' id='word_1_245' title='bbox 1097 2288 1182 2325; x_wconf 85' lang='lat' dir='ltr'><em>tria.</em></span> <span class='ocrx_word' id='word_1_246' title='bbox 1238 2286 1322 2324; x_wconf 86' lang='lat' dir='ltr'><em>Nec</em></span> <span class='ocrx_word' id='word_1_247' title='bbox 1343 2286 1426 2323; x_wconf 71' lang='lat' dir='ltr'><em>Ro-</em></span> 
     </span>
    </p>
   </div>
   <div class='ocr_carea' id='block_1_4' title="bbox 1509 1820 1523 2345">
    <p class='ocr_par' dir='ltr' id='par_1_4' title="bbox 1509 1820 1523 2345">
     <span class='ocr_line' id='line_1_35' title="bbox 1509 1820 1523 2345; textangle 90"><span class='ocrx_word' id='word_1_248' title='bbox 1509 1820 1523 2345; x_wconf 38' lang='lat' dir='ltr'><em>ae-*Q—Qss—m-u-—e</em></span> 
     </span>
    </p>
   </div>
  </div>
 </body>
</html>
