1523 2666
136 292 232 323 ΠΟ.
249 296 322 324 556.

136 336 178 368 Α.
194 336 230 367 C.
251 340 322 369 196.

136 483 269 523 Legato-

137 537 214 557 rum
225 528 320 558 Rom.

137 579 215 600 cum
230 572 298 601 An-

137 613 246 643 tiocho

138 656 252 687 conlo-

136 700 266 739 quium.

332 198 422 239 422
796 196 842 225 T.
867 196 1001 227 mvn

332 285 490 324 landum
524 283 700 336 proxima
734 283 908 322 Thraciae
947 290 1005 322 est
1040 284 1260 336 profectus:
1300 293 1448 338 partem

334 350 561 400 navalesque
591 350 715 387 socios
747 362 877 386 omnes
907 350 1061 401 reliquit
1089 351 1129 386 in
1159 351 1336 402 operibus
1362 353 1449 390 refi-

335 416 477 453 ciendae
498 415 614 452 urbis.

388 479 591 517 XXXIX.
621 478 700 515 Sub
719 479 794 515 hoc
817 485 966 530 tempus
996 486 1034 517 et
1063 479 1109 518 L.
1131 480 1331 517 Cornelius
1361 480 1453 517 mis-

335 558 396 583 sus
417 546 464 582 ab
485 552 619 581 senatu
639 544 685 580 ad
706 544 915 581 dirimenda
934 546 1034 581 inter
1054 546 1289 583 Antiochum
1318 544 1451 582 Ptole-

334 623 545 659 maeumque
565 620 672 657 reges
694 609 916 653 certamina,
939 609 1158 659 Selymbriae
1186 610 1379 646 substitit:
1413 615 1453 646 et

334 676 463 712 decem
492 674 706 723 legatorum
736 673 779 709 P.
800 672 987 710 Lentulus
1017 687 1039 710 a
1071 673 1273 723 Bargyliis,
1304 674 1346 711 P.
1367 673 1450 710 Vil-

331 739 404 776 lius
434 746 473 775 et
500 739 547 776 L.
567 739 770 775 Terentius
801 752 824 775 a
851 738 1015 782 Thasso,
1039 738 1324 788 Lysimachiam
1352 738 1451 788 peti-

331 810 470 840 erunt:
504 804 637 840 eodem
667 810 705 840 et
734 816 756 840 a
786 803 998 853 Selymbria
1025 803 1072 840 L.
1094 803 1308 845 Cornelius,
1336 808 1375 839 et
1403 815 1452 840 ex

331 867 497 904 Thracia
526 874 614 918 post
646 880 787 918 paucos
818 868 896 904 dies
927 868 1142 904 Antiochus
1172 872 1449 905 convenerunt.

331 931 482 968 Primus
503 945 728 981 congressus
749 946 834 969 curn
864 931 1015 981 legatis,
1036 938 1075 969 et
1104 931 1279 982 deinceps
1309 932 1449 968 invita-

330 996 388 1032 tio
407 996 575 1045 benigna
595 1003 632 1032 et
653 996 851 1047 hospitalis
878 997 975 1033 fuit:
1009 1003 1051 1033 ut
1079 997 1125 1033 de
1154 997 1339 1033 mandatis
1370 1002 1448 1033 sta-

331 1066 449 1110 tuque
469 1062 647 1110 praesenti
666 1062 767 1097 Asiae
791 1062 853 1109 agi
873 1069 1042 1112 coeptum
1062 1068 1132 1105 est,
1154 1061 1271 1098 animi
1291 1073 1450 1111 exaspe—

331 1125 406 1161 rati
434 1131 535 1161 sunt.
592 1125 776 1168 Romani,
799 1126 928 1162 omnia
957 1133 1042 1162 acta
1072 1125 1167 1176 ejus,
1190 1139 1237 1162 ex
1256 1137 1331 1175 quo
1353 1130 1452 1161 tem-

332 1201 424 1238 pore
445 1202 465 1224 e
485 1189 594 1238 Syria
613 1189 731 1225 classe
751 1189 938 1232 solvisset,
961 1189 1159 1239 displicere
1186 1189 1349 1232 senatui,
1369 1201 1449 1225 non

332 1254 637 1297 dissimulabant,
667 1255 893 1303 restituique
922 1254 1133 1290 Ptolemaeo
1163 1255 1334 1290 civitates
1365 1267 1448 1290 om·

330 1330 412 1361 nes,
434 1331 517 1367 quae
548 1319 703 1354 ditionis
735 1317 814 1368 ejus
844 1318 1019 1362 fuissent,
1051 1332 1199 1368 aequurn
1229 1318 1450 1356 censebant.

331 1383 429 1418 Nam
450 1385 545 1431 qued
563 1385 612 1419 ad
633 1396 692 1419 eas
721 1384 882 1420 civitates
910 1385 1103 1426 adtineret,
1126 1396 1213 1432 quas
1231 1396 1254 1419 a
1274 1384 1449 1432 Philippo

325 1459 503 1495 possessas
521 1449 720 1484 Antiochus
740 1460 808 1497 per
827 1450 1056 1491 occasionem,
1079 1460 1200 1484 averso
1219 1448 1394 1497 Philippo
1413 1449 1451 1484 in

332 1512 536 1548 Romanurn
556 1513 700 1555 bellum,
724 1515 975 1562 intercepisset,
998 1515 1036 1549 id
1060 1526 1143 1550 vero
1161 1512 1360 1562 ferendum
1379 1525 1451 1550 non

329 1588 412 1618 esse,
434 1576 617 1612 Romanos
632 1590 697 1625 per
718 1582 769 1612 tot
789 1590 898 1613 annos
919 1582 1017 1614 terra
1036 1579 1198 1626 marique
1218 1582 1322 1613 tanta
1344 1579 1446 1625 peri-

330 1643 413 1678 cula
445 1655 488 1679 ac
519 1644 654 1679 labores
685 1644 898 1686 exhausisse,
929 1645 1146 1680 Antiochum
1179 1644 1263 1680 bella
1296 1646 1450 1692 proemia

330 1706 469 1743 habere.
528 1708 602 1744 Sed
619 1714 660 1744 ut
678 1710 715 1744 in
734 1711 861 1745 Asisxm
880 1710 1054 1745 adventus
1073 1708 1146 1756 ejus
1165 1711 1384 1746 dissimulari
1404 1709 1447 1746 ab

330 1771 519 1814 Romanis,
544 1777 730 1821 tamquam
758 1774 851 1810 nihil
880 1776 929 1810 ad
956 1786 1013 1810 eos
1037 1776 1234 1823 pertinens,
1260 1776 1449 1822 potuerit,-

330 1837 425 1882 quod
443 1835 527 1882 jam
554 1839 661 1874 etiam
694 1840 730 1873 in
759 1839 947 1887 Europam
976 1839 1134 1875 omnibus
1161 1839 1345 1875 navalibus
1374 1843 1446 1875 ter-

327 1901 564 1949 restribusque
590 1903 701 1950 copiis
727 1904 923 1945 transierit,
946 1909 1118 1951 quantum
1147 1916 1170 1939 a
1199 1904 1290 1939 hello
1319 1909 1446 1952 aperto

329 1965 505 2002 Romanis
532 1967 686 2003 abesse?
733 1968 843 2004 Illum
873 1970 1029 2017 quidem,
1060 1970 1199 2005 etiamsi
1229 1970 1264 2004 z'n
1295 1969 1446 2005 Italiam

327 2029 504 2075 trajiciat,
525 2037 752 2079 negaturum.

380 2093 469 2131 XL.
499 2095 560 2131 Ad
580 2109 624 2131 ea
643 2109 722 2140 rex,
745 2097 845 2134 Satis
854 2096 936 2144 jam
956 2102 1041 2133 ante
1058 2098 1178 2133 videre
1195 2109 1244 2139 se,
1263 2096 1446 2134 Romanos

325 2159 516 2205 inquirere,
538 2161 624 2207 quid
643 2162 719 2208 regi
738 2162 916 2197 Antiocho
925 2161 1141 2210 faciendmn
1152 2178 1166 2205 ,-
1193 2166 1245 2203 αἱ,
1267 2171 1445 2209 quousque

325 2225 421 2257 terra
453 2224 617 2272 mariqzce
644 2227 944 2274 progrediendum
962 2225 1086 2274 fuerit
1116 2226 1214 2273 ipsis,
1244 2236 1315 2261 non
1345 2226 1443 2273 cogi-

322 2289 410 2323 tare.
468 2288 596 2325 Asiam
624 2289 718 2326 mint
742 2292 790 2328 ad
811 2291 990 2340 populum
1010 2289 1216 2328 Romanum
1234 2290 1441 2338 pertinere:
