1507 2656
359 169 514 197 LIBER
538 167 684 194 XXXI.
717 167 825 193 CM».
850 167 892 193 1..
1093 166 1175 208 329

19 244 20 247 Ἴ
66 262 164 298 haud
199 272 333 302 eorum,
371 260 430 307 qui
466 258 556 294 bello
593 256 848 305 interfuissent,
887 256 992 292 rerba
1022 257 1176 291 audiret.
1192 258 1232 287 U.
1245 257 1281 288 C.
1296 265 1372 291 552.

18 323 19 335 ³
66 324 225 371 Majores
260 326 339 361 ideo
374 324 577 364 instituisse,
612 327 653 358 ut
690 323 813 369 legati,
846 321 977 357 tribuni
1006 302 1369 363 militmn,A'C'²⁰⁰’

64 391 294 431 centuriones,
315 389 445 424 milites
470 387 619 434 (lenique
640 385 822 433 triumpho
842 386 1003 420 adessent
1015 401 1027 428 ,·
1057 390 1097 420 ut
1116 397 1176 420 ve-

64 455 154 489 ritas
177 465 295 488 rerum
311 456 494 499 gestarum
513 449 599 497 ejas,
621 451 678 486 cui
702 454 823 485 tantus
845 450 954 484 honos
974 449 1174 492 haberetur,

14 555 15 558 ,
60 518 199 566 publice
229 517 418 552 videretur.
475 515 633 562 Ecquem
659 527 702 551 esc
734 527 773 550 eo
807 516 975 556 evercitu,
1006 514 1067 561 qui
1096 525 1174 550 cum

13 589 15 629 j
67 581 181 617 Gallis
196 581 425 629 pugnaverit,
445 581 476 614 si
498 591 567 615 non
588 579 752 621 militem,
775 579 884 614 lixam
903 579 1031 614 saltem
1040 577 1172 626 faisse,

12 675 13 678 ,
61 655 162 693 quem
179 645 407 692 percunctari
430 649 548 692 posset
569 648 723 685 senatus,
745 644 832 691 quid
861 644 935 678 veri
957 646 1092 690 praetor
1110 654 1174 678 va-

61 709 141 744 nive
156 707 340 757 referret?
372 707 548 743 Comitiis
578 707 711 743 deinde
735 707 834 743 diem
863 706 1003 742 edixit:
1037 705 1173 753 quibus

62 772 179 808 creati
201 778 289 808 sunt
313 771 487 808 consules
513 771 560 808 L.
579 770 779 807 Cornelius
806 769 1008 812 Lentulus,
1029 769 1071 805 P.
1089 768 1172 805 Vil-

61 835 132 871 lius
166 835 373 885 Tappulus,
430 835 616 871 Praetores
655 835 742 870 inde
771 833 863 870 facti
900 833 946 870 L.
967 832 1170 872 Quinctius

58 899 309 943 Flamininus,
339 900 386 937 L.
406 900 578 936 Valerius
596 899 767 943 Flaccus,
797 898 843 935 L.
864 897 1000 934 Villius
1015 897 1171 948 Tappu-

58 965 130 1009 lus,
153 966 223 1002 Cn.
244 965 397 1002 Baebius
417 965 653 1016 Tamphilus.

109 1029 157 1067 L.
200 1031 368 1067 Annona
393 1043 544 1080 quoque
574 1043 619 1067 eo
650 1043 752 1068 anno
782 1030 932 1081 pervilis
962 1030 1058 1067 fuit:
1090 1029 1170 1066 fru-

57 1094 176 1132 menti
196 1095 269 1131 vim
290 1107 468 1145 magnam
488 1108 534 1131 ex
550 1094 681 1132 Africa
701 1095 896 1132 advectam
914 1094 1038 1131 aediles
1059 1106 1170 1130 curu-

57 1157 111 1196 les
133 1158 190 1196 M.
212 1158 391 1196 Claudius
410 1158 615 1196 Marcellus
641 1166 679 1195 et
705 1160 791 1196 Sex.
812 1158 937 1196 AElius
958 1158 1084 1194 Paetus
1110 1157 1170 1193 bi-

0 1245 3 1271 ¹,
56 1223 116 1260 uis
136 1224 218 1260 aeris
239 1224 278 1260 in
297 1223 444 1260 modios
475 1223 618 1273 populo
639 1223 868 1260 diviserunt:
900 1229 937 1259 et
956 1221 1066 1258 ludos
1086 1221 1169 1258 Ro-

0 1276 1 1279 *
56 1300 190 1325 manos
225 1300 365 1336 magno
393 1288 578 1338 adparatu
606 1288 802 1334 fecerunt3
835 1288 934 1325 diem
965 1300 1080 1324 unum
1110 1287 1170 1323 in·

57 1357 298 1388 ataui-arunt:
331 1352 441 1401 signa
469 1363 574 1388 aenea
603 1352 769 1401 quinque
797 1365 844 1388 ex
873 1351 1087 1388 multaticio
1107 1363 1168 1386 ar-

56 1424 175 1466 gento
195 1417 233 1452 in
260 1417 393 1452 aerario
422 1422 642 1466 posuerunt.
699 1416 845 1453 Plebeii
873 1416 949 1453 ludi
979 1416 1027 1452 ab
1052 1414 1170 1452 aedili-

55 1478 125 1516 bus
145 1479 192 1517 L.
208 1479 391 1516 Terentio
410 1479 628 1517 Massiliota
647 1486 685 1516 et
705 1480 775 1517 Cn.
797 1479 932 1516 Baebio
947 1479 1168 1530 Tamphilo,

54 1556 166 1594 quem
196 1551 397 1594 praetorem
426 1545 730 1594 designaverant,
760 1551 819 1581 tei·
847 1545 920 1581 toti
955 1544 1169 1581 instaurati.

53 1608 108 1646 Et
135 1607 212 1645 ludi
242 1609 418 1645 funebres
448 1621 494 1645 eo
524 1622 626 1646 anno
652 1622 718 1661 per
741 1610 984 1659 quatriduum
1004 1610 1042 1645 in
1062 1609 1165 1653 foro,

55 1673 188 1710 mortis
218 1672 275 1710 M.
297 1672 438 1709 Valerii
460 1672 606 1709 Laevini
637 1686 784 1716 caussa,
814 1687 836 1709 a
865 1673 908 1710 P.
939 1682 975 1709 et
1004 1673 1060 1710 M.
1082 1673 1167 1711 filiis

54 1737 135 1789 ejus
172 1737 286 1774 facti:
320 1743 357 1773 et
391 1749 526 1773 munus
563 1736 834 1786 gladiatorium
863 1737 992 1774 datum
1023 1738 1070 1773 ab
1099 1739 1164 1774 iis:

56 1803 162 1853 paria
189 1803 354 1852 quinque
387 1808 425 1838 et
464 1802 597 1850 viginti
628 1808 856 1852 pugnarunt.
913 1801 969 1838 M.
990 1802 1166 1839 Aurelius

57 1867 187 1909 Cotta,
208 1867 394 1904 decemvir
421 1878 629 1909 sacrorum,
651 1876 846 1903 mortuus:
879 1867 918 1902 in
939 1865 1019 1917 ejus
1040 1867 1166 1903 locum

54 1930 123 1968 M’.
143 1930 287 1968 Acilius
309 1930 468 1967 Glabrio
488 1930 697 1969 subfectus.
755 1931 931 1967 Comitiis
954 1931 1078 1967 aediles
1100 1944 1164 1968 cu-

55 1994 153 2032 rules
183 1996 297 2032 creati
328 2005 418 2033 sunt
446 1997 546 2035 forte
575 1998 703 2040 ambo,
737 1998 801 2046 qui
835 1998 964 2033 statim
994 1998 1167 2048 occipere

56 2060 319 2108 magistratum
355 2075 432 2098 non
463 2069 642 2112 possent:
675 2075 762 2098 nam
798 2062 841 2099 C.
863 2062 1062 2099 Cornelius
1094 2063 1166 2098 Ce-

55 2123 189 2172 thegus
210 2124 344 2161 absens
375 2135 522 2164 creatus
553 2135 648 2170 erat,
670 2140 785 2176 quum
816 2127 1042 2178 Hispaniam
1065 2127 1165 2163 obti-

56 2193 162 2223 neret
182 2189 438 2238 provinciam,
473 2193 515 2229 C.
536 2192 709 2229 Valerius
729 2192 901 2234 Flaccus,
926 2205 1038 2241 quein
1070 2206 1164 2242 prae-

57 2260 201 2289 sentem
230 2264 461 2299 creaverant,
483 2258 571 2306 quia
600 2257 735 2294 flamen
766 2257 888 2292 Dialis
918 2263 1012 2299 erat,
1035 2256 1166 2307 jurare

58 2318 96 2354 in
115 2317 216 2367 leges
236 2332 313 2357 non
329 2327 498 2371 poterat:
521 2323 786 2371 magistratum
806 2330 932 2359 auteui
951 2321 1034 2373 plus
1054 2321 1165 2371 quin-
