1507 2656
326 198 477 229 LIBER
504 198 693 226 XXVIII.
725 196 831 226 CAP.
854 197 995 225 XLIV.
1132 194 1210 237 149

103 300 209 334 ammi
240 290 274 324 in
301 289 431 338 Africa
460 286 817 335 Karthaginiensibus
836 286 990 335 firmum
1019 297 1062 321 ac
1088 284 1213 320 stabile
1226 291 1267 321 U.
1283 289 1320 320 C.
1339 293 1411 322 547.

103 354 163 392 sit,
194 354 307 401 infidis
333 354 446 394 sociis,
474 352 657 403 gravibus¹
677 363 719 386 ac
749 350 905 398 superbis
937 350 1123 385 dominis?
1155 349 1214 384 Ad
1227 336 1263 366 A·
1280 334 1316 365 C·
1332 338 1407 363 ²⁰³*

106 415 171 451 hoc
194 429 269 458 noS,
296 419 401 453 etiam
423 417 551 452 deserti
576 415 620 450 ab
638 416 753 456 sociis,
781 414 914 450 viribus
938 415 1079 455 nostris,
1100 414 1229 452 milite,

108 480 282 524 Romarm,
302 484 472 518 stetimus.
529 481 825 528 Karthaginiensi
843 480 934 515 nihil
954 480 1066 515 civilis
1084 479 1217 514 roboris

105 549 181 581 est:
208 548 366 582 mercede
389 551 537 594 paratos
563 547 693 581 milites
719 545 861 587 habent,
881 543 995 591 Afros
1018 544 1215 579 Numidas·

105 621 183 656 que,
204 611 376 646 levissima
383 612 478 660 fidei
498 612 677 647 mutandae
696 611 848 657 ingenia.
903 610 977 645 Hic
996 609 1098 644 modo
1125 608 1217 643 nihil

107 685 215 710 morae.
231 677 290 718 sit,
311 689 383 711 una
410 681 445 712 et
465 674 642 722 trajecisse
668 688 723 711 me
742 676 908 716 audietis,
929 679 963 709 et
982 675 1108 709 ardere
1127 673 1218 708 bello

107 737 288 786 Africam,
320 746 355 776 et
382 742 586 777 molientem
617 740 698 776 hinc
716 739 971 780 Hannibalem,
1001 743 1035 773 et
1068 738 1220 773 obsideri

109 802 397 851 Karthaginem:
427 807 575 841 laetiores
600 810 635 840 et
650 803 919 852 frequentiores
944 814 985 837 ex
1004 801 1135 850 Africa
1158 814 1218 837 ex-

106 871 265 913 spectate
283 870 441 911 nuncios,
463 881 570 917 quam
590 880 631 904 ex
648 868 829 915 Hispania
854 866 1093 914 accipiebatis.
1140 866 1220 901 Has

107 930 196 965 mihi
213 943 290 978 spes
313 932 452 978 subjicit
465 933 622 982 fortuna
643 933 773 980 populi
792 931 962 973 Romani,
983 931 1054 966 Dii
1068 929 1222 978 foecleris

108 993 153 1029 ab
172 994 269 1030 hoste
285 996 411 1031 violati
431 1001 544 1038 testes,
561 996 710 1043 Syphax
728 1001 762 1031 et
780 995 972 1031 Masinissa
990 1007 1114 1042 reges:
1132 1006 1220 1042 quo-

106 1071 189 1095 rum
206 1072 270 1108 ego
283 1061 376 1110 fidei
395 1063 449 1097 ita
467 1062 615 1104 innitar,
637 1066 677 1096 ut
697 1061 778 1096 bene
798 1065 894 1096 tutus
919 1073 942 1096 a
964 1061 1117 1109 perfidia
1141 1062 1221 1097 sim.

107 1123 247 1168 Multa,
275 1138 352 1174 quae
375 1139 468 1162 nunc
494 1139 535 1163 ex
560 1127 751 1163 intervallo
776 1138 847 1162 non
872 1127 1064 1173 adparent,
1090 1125 1222 1161 bellum

5 1176 7 1230 J
108 1190 273 1236 aperiet:
301 1195 336 1226 et
351 1192 389 1227 id
407 1196 458 1228 est
473 1193 543 1228 viri
562 1196 597 1227 et
612 1192 725 1235 ducis,
741 1203 809 1227 non
826 1191 938 1226 deesse
946 1189 1113 1239 fortuna>
1126 1202 1221 1238 prce-

107 1252 206 1289 benti
223 1266 272 1297 se,
293 1260 326 1291 et
345 1256 465 1292 oblata
484 1268 566 1293 casu
571 1256 723 1306 flectere
740 1257 788 1292 ad
804 1256 1002 1292 consilium.
1060 1254 1220 1298 Habebo,

112 1316 156 1357 Q.
173 1317 272 1360 Fabi,
305 1331 447 1366 parem,
482 1332 585 1368 quem
617 1321 694 1362 slas,
725 1319 963 1355 Hannibalem
979 1334 990 1363 5
1021 1319 1082 1354 secl
1118 1319 1224 1354 illum

109 1381 232 1427 potius
259 1394 324 1429 ego
353 1383 508 1426 traham,
539 1395 646 1431 quam
674 1383 736 1418 ille
763 1394 818 1418 me
844 1384 1008 1418 retineat.
1077 1383 1121 1417 In
1156 1394 1224 1418 sua

112 1447 210 1480 terra
229 1457 353 1492 cogam
374 1459 539 1495 pugnare
564 1459 656 1490 eum,
677 1452 711 1483 et
730 1446 919 1493 Karthago
940 1448 1129 1495 praemium
1148 1448 1222 1482 vic-

112 1506 213 1544 tori‘ae
240 1510 322 1551 erit,
353 1523 462 1558 quam
490 1512 662 1546 semiruta
688 1511 915 1546 Bruttiorum
952 1510 1112 1546 castella.
1166 1510 1225 1546 Ne

111 1571 197 1618 quid
223 1573 376 1616 interim,
399 1575 483 1610 dum
513 1572 667 1619 trajicio,
692 1575 778 1609 dum
802 1585 937 1621 expono
966 1575 1157 1610 exercitum
1185 1575 1225 1609 in

113 1633 259 1682 Africa,
291 1637 376 1672 cium
405 1642 525 1672 castra
554 1638 603 1672 ad
625 1637 890 1683 Karthaginem
919 1649 1121 1684 promoveo,
1150 1649 1225 1673 res-

108 1698 255 1745 publica
281 1700 337 1735 hic
356 1702 559 1737 detrimenti
585 1703 719 1748 capiat,
741 1702 836 1748 quod
863 1706 914 1743 tu,
940 1701 982 1742 Q.
997 1701 1096 1744 Fabi,
1117 1713 1226 1749 quum

110 1763 223 1797 victor
242 1768 318 1798 tota
338 1764 450 1799 Italia
469 1765 638 1800 volitaret
655 1765 853 1806 Hannibal,
874 1766 1024 1812 potuisti
1040 1770 1227 1813 proestare,

115 1826 180 1861 hoc
198 1827 278 1862 vide
303 1839 346 1862 ne
375 1829 661 1863 contumeliosum
692 1829 752 1870 sit,
780 1840 944 1863 concusso
965 1827 1046 1872 jam
1073 1834 1107 1864 et
1136 1841 1228 1877 pene

104 1889 232 1939 fracto
252 1892 470 1934 Hannibale,
495 1905 638 1939 negare,
666 1904 764 1939 posse
785 1893 828 1928 P.
844 1893 1025 1928 Licinium
1051 1895 1229 1929 consulem

114 1956 229 1990 *virum
238 1955 478 2003 fortissimum
492 1962 664 2004 praestare
677 1973 689 1992 .·
719 1958 792 2004 qui,
809 1969 852 1991 ne
871 1969 892 1991 a
906 1959 1017 1993 sacris
1032 1957 1123 1994 absit
1134 1971 1227 2006 pon-

116 2019 206 2064 tifea:
223 2022 410 2062 maximus,
433 2022 512 2057 ideo
532 2023 566 2057 in
583 2026 712 2056 sortem
730 2026 803 2057 tam
822 2023 1021 2069 longinqua²
1036 2024 1230 2069 provinciae

114 2096 182 2119 non
201 2086 307 2124 venit.
364 2085 419 2126 Si,
441 2086 610 2127 Hercule,
638 2086 749 2120 nihilo
778 2087 953 2120 maturius
978 2085 1054 2127 hoc,
1077 2098 1144 2133 quo
1165 2098 1228 2133 ego

116 2159 247 2189 censer),
270 2149 372 2183 modo
390 2150 616 2197 perficeretur
634 2149 764 2184 bellum
776 2166 787 2191 ,·
809 2154 927 2185 tamen
948 2150 996 2185 acl
1015 2151 1229 2196 dignitatem

113 2213 241 2259 populi
262 2211 430 2254 Romani,
441 2212 657 2261 famamque
676 2214 775 2260 apud
793 2225 889 2260 reges
906 2218 1092 2261 gentesque
1111 2218 1227 2249 exter-

38 2321 41 2330 ·
116 2286 182 2310 nas
197 2276 407 2322 pertinebat,
429 2289 497 2313 non
519 2278 567 2311 acl
586 2276 846 2324 difenrlenclam
867 2278 967 2312 modo
989 2278 1150 2318 Italiam,
1167 2280 1229 2314 sed

38 2334 44 2402 ’ἰ
118 2338 165 2374 ad
184 2337 366 2387 inferenda
385 2342 492 2377 etiam
514 2339 650 2389 Africae
677 2352 792 2384 arma,
814 2341 927 2377 videri
946 2340 1042 2377 nobis
1067 2342 1228 2379 animuin

40 2403 47 2481 ι
623 2401 663 2440 H
681 2403 705 2442 3
