1507 2656
333 160 484 188 LIBER
509 158 687 187 XXXIV·
719 157 825 185 CAP.
849 157 977 186 an.
1108 154 1191 200 497

89 249 265 294 emporiis,
282 250 318 284 in
334 261 411 296 quae
416 247 629 297 frequenter
643 250 847 286 commeent,
868 250 1083 282 eventurum.
1120 244 1191 281 Di·
1204 251 1246 280 U.
1256 249 1292 279 C.
1312 258 1385 284 559·

87 309 165 345 lata
184 323 229 346 eo
259 311 318 347 die
346 323 404 346 res
432 317 500 347 est.
556 310 702 351 Aristo,
736 309 881 344 Punico
912 309 1064 356 ingenio
1094 294 1241 344 inter-⁴·
1258 294 1295 323 C·
1314 300 1386 326 ¹⁹³·

88 372 227 410 Poenos
254 387 356 417 usus,
383 373 539 410 tabellas
568 373 800 422 conscriptas
831 371 1075 407 celeberrimo
1105 371 1191 408 loco

87 449 198 486 supra
217 439 341 474 sedem
363 436 622 488 quotidianam
650 437 939 485 magistratuum
964 435 1084 484 prima
1109 448 1190 471 ves-

84 513 174 550 pera
193 502 386 551 suspendit
402 517 409 537 :
431 502 511 552 ipse
527 502 571 538 de
586 502 699 537 tertia
718 500 846 549 vigilia
859 512 991 535 navem
1008 511 1191 535 conscen-

85 564 140 600 dit
159 571 197 600 et
221 565 401 615 profugit.
457 566 618 602 Postero
641 566 713 608 die,
736 578 850 614 quum
875 563 1024 600 suffetes
1056 563 1102 598 ad
1124 562 1189 612 jus

83 628 278 665 dicendum
305 631 578 673 consedissent,
605 638 817 680 conspectae
845 628 1006 670 tabellae,
1034 628 1188 664 demtae-

83 704 168 740 que,
188 700 226 729 et
245 693 363 731 lectae.
408 695 597 745 Scriptum
617 700 710 737 erat,
732 705 967 729 ARISTONEM
986 704 1186 728 anvA'nM

82 767 134 791 AD
169 768 381 801 ΝΕΜΙΝΕΜ,
417 769 590 794 ΡυΒωεΕ
617 769 669 793 An
695 768 889 793 SENxoREs
921 756 992 803 (ita
1014 762 1187 792 senatum

83 819 287 867 vocabant)
312 833 507 857 MANDATA
528 832 739 857 nanmssz.
795 819 995 856 Publicato
1015 819 1185 862 crimine,

81 883 204 920 minus
231 885 377 921 intenta
401 885 447 921 de
477 886 606 935 paucis
626 884 785 933 quaestio
805 890 907 919 erat:
939 882 1039 917 mitti
1060 889 1186 918 tamen

81 945 227 994 legatos
246 947 425 990 Romam,
446 948 509 996 qui
535 961 614 984 rem
633 948 679 983 ad
700 946 872 983 consules
890 952 926 981 et
946 945 993 981 ad
1013 952 1186 981 senatum

80 1008 281 1054 deferrent,
302 1012 467 1061 placuit3
500 1011 611 1047 simul
636 1012 700 1060 qui
726 1011 772 1046 de
797 1009 944 1060 injuriis
971 1009 1185 1046 Masinissae

79 1082 335 1122 quererentur.

134 1136 267 1174 LXII.
295 1138 500 1175 Masinissa
520 1144 720 1188 postquam
740 1143 777 1173 et
796 1136 954 1173 infames
974 1136 1366 1185 Karthagi-Masinissa

80 1200 243 1245 nienses,
264 1208 303 1238 et
321 1203 419 1238 inter
438 1214 478 1238 se
504 1203 605 1251 ipsos
625 1201 813 1237 discordes
839 1201 969 1242 sensit,
995 1200 1182 1249 principes
1194 1189 1374 1268 ῗέξῐῐῑῗὲἑῗ

80 1272 236 1315 propter
254 1266 456 1315 conloquia
474 1267 664 1302 Aristonis
687 1266 851 1308 senatui,
872 1273 1043 1300 senatum
1068 1277 1182 1314 prop·
1195 1274 1334 1304 nienses.

83 1334 142 1363 ter
169 1329 349 1365 indicium
376 1329 543 1380 ejusdem
563 1329 753 1365 Aristonis
781 1327 923 1379 populo
945 1335 1185 1377 suspectum;

82 1391 206 1429 locum
227 1392 373 1443 injuriae
397 1406 477 1430 esse
499 1400 617 1436 ratus,
638 1406 771 1442 agrum
798 1393 1029 1429 maritimum
1055 1405 1187 1428 eorum

81 1462 119 1491 et
138 1457 383 1508 depopulatus
400 1465 471 1501 est,
487 1464 526 1493 et
544 1458 723 1506 quasdam
742 1457 851 1505 urbes
870 1456 1068 1505 vectigales
1084 1456 1188 1492 Kar-

82 1520 379 1569 thaginiensium
398 1521 470 1557 sibi
491 1522 617 1569 coegit
635 1521 863 1572 stipendium
883 1520 1056 1570 pendere.
1092 1519 1186 1556 Em-

81 1584 190 1633 poria
207 1592 345 1621 vocant
357 1579 446 1621 'eam
466 1585 659 1633 regionem
675 1599 682 1619 z
715 1597 782 1621 ora
801 1590 857 1620 est
877 1584 1032 1619 minoris
1049 1584 1184 1632 Syrtis,

83 1654 122 1683 et
146 1648 228 1696 agri
259 1649 404 1694 uberis;
437 1662 512 1685 una
531 1649 662 1685 civitas
686 1649 766 1699 ejus
787 1648 941 1697 Leptis:
975 1661 1018 1683 ea
1038 1647 1188 1695 singula

81 1712 120 1747 in
157 1713 234 1748 dies
272 1713 416 1750 talenta
449 1713 610 1762 vectigal
647 1712 1032 1762 Karthaginiensibus
1072 1712 1187 1749 dedit.

81 1774 194 1812 Hanc
214 1782 294 1812 tum
320 1777 513 1825 regionem
543 1784 581 1814 et
609 1784 730 1813 totam
760 1777 936 1813 infestam
967 1776 1185 1818 Masinissa,

83 1845 122 1874 et
151 1851 196 1875 ex
225 1840 386 1888 quadam
414 1848 520 1890 parte
549 1840 671 1876 dubiae
705 1841 968 1890 possessionis,
987 1840 1044 1875 sui
1064 1840 1185 1887 regni,

82 1917 130 1940 an
150 1904 529 1954 Karthaginiensium
549 1913 660 1948 esset,
679 1906 855 1941 effecerat
872 1920 879 1941 z
912 1912 950 1940 et
969 1906 1057 1953 quia
1075 1903 1187 1940 simul

82 1969 127 2004 ad
156 1970 353 2018 purganda
371 1970 542 2013 crimina,
565 1976 601 2006 et
621 1977 795 2018 questum
815 1970 860 2005 de
879 1982 918 2005 se
938 1969 1101 2005 Romam
1121 1980 1186 2004 eos

82 2032 201 2068 ituros
221 2034 424 2083 comperit3
457 2035 521 2082 qui
540 2041 577 2069 et
596 2034 661 2070 illa
679 2041 879 2070 onerarent
895 2032 1186 2082 suspicionibus,

83 2103 122 2131 et
149 2097 193 2132 de
214 2095 302 2146 jure
322 2097 561 2146 vectigalium
591 2098 857 2147 disceptarent,
878 2096 1023 2145 legatos
1047 2104 1084 2132 et
1107 2097 1186 2146 ipse
1200 2102 1304 2141 Legati
1322 2102 1391 2133 1>oe-

84 2158 250 2195 Romam
282 2161 412 2198 mittit.
466 2161 598 2197 Auditi
632 2162 677 2197 de
703 2161 820 2210 Tyrio
855 2161 998 2197 advena
1026 2161 1185 2210 primum
1199 2152 1381 2217 32:23¹}ng

86 2223 424 2273 Karthaginienses
455 2238 582 2262 curam
615 2224 777 2275 injecere
806 2224 996 2267 Patribus,
1027 2237 1074 2260 ne
1104 2236 1188 2259 cum
1200 2230 1340 2276 Romam

87 2287 280 2325 Antiocho
300 2287 411 2326 simul
431 2295 468 2325 et
487 2288 616 2326 Poenis
636 2287 852 2325 bellandum
872 2295 993 2324 esset:
1029 2288 1189 2324 maxime
1200 2281 1345 2302 vemunt.
