1507 2656
395 170 550 199 mmm
572 169 716 198 xx1x.
750 169 855 198 cAP.
879 170 963 199 xx.
1152 161 1229 216 185

121 259 250 296 studiis
270 272 339 310 pro
359 259 536 309 Scipione
553 265 590 295 et
609 259 784 296 adversus
806 259 1039 309 Scipionem,
1059 272 1138 297 non
1156 275 1226 312 po-
1240 264 1282 294 U.
1296 263 1332 294 C.
1351 271 1423 296 548.

118 328 235 360 tuere.
291 323 433 359 Praeter
452 322 628 358 Pleminii
647 321 794 358 facinus
810 322 1134 373 Locrensiumque
1149 324 1226 362 cla·
1237 307 1328 390 gl?
1342 314 1420 338 ²⁰⁴⁰

118 386 216 430 dem,
238 388 353 437 ipsius
381 387 494 423 etiam
516 387 754 436 imperatoris
775 399 853 423 non
875 386 1074 424 Romanus
1094 389 1223 432 modo,
1237 366 1393 442 Scssejgffis

117 453 180 488 sed
195 464 242 486 ne
258 451 429 488 militaris
450 451 599 499 quidem
620 450 741 487 cultus
754 450 995 501 jactabatur:
1018 445 1344 501 cumpalliocum,18
1362 446 1400 476 ¹³·

115 518 333 565 crepidisque
353 515 576 550 inambulare
592 516 629 550 in
645 516 844 562 gymnasio,
863 516 990 551 libellis
1003 528 1084 552 eum
1094 518 1227 564 paloes-
1237 495 1369 519 cenum·

115 585 245 629 troeque
270 591 415 627 operam
439 579 547 614 dare:
575 590 673 626 (eque
690 580 842 626 segniter
856 580 1084 628 molliterque
1103 581 1228 617 cohor-

114 650 182 680 tem
204 649 315 680 totam
335 644 597 691 Syracusarum
616 645 820 679 amoenitate
827 643 915 692 frui
925 660 937 680 :
964 644 1229 692 Karthaginem

113 714 220 757 atque
249 708 491 744 Hannibalem
521 708 690 743 excidisse
725 709 769 743 de
795 710 993 744 memoria:
1034 711 1230 745 exercitum

113 784 250 808 omnem
270 772 414 807 licentia
434 776 658 819 conruptum,
681 771 796 819 qualis
815 772 976 808 Sucrone
992 774 1029 808 in
1044 774 1228 821 Hispania

102 836 236 885 fuerit,
260 837 376 883 qualis
402 848 494 871 nunc
519 835 658 879 Locris,
694 837 797 871 sociis
829 838 956 884 magis,
986 849 1093 884 quam
1120 837 1226 880 hosti,

108 903 346 937 metuendum.

162 964 257 1000 XX.
288 963 383 999 Haec
404 976 631 1012 quamquam
652 963 790 1012 partim
811 976 912 1007 vera,
933 963 1071 1013 partim
1090 964 1225 1007 mixta,

109 1041 229 1076 eoque
249 1027 385 1063 similia
405 1030 500 1064 veris
514 1028 775 1078 jactabantur,
797 1033 887 1068 vicit
914 1040 1041 1068 tamen
1070 1033 1117 1071 Q.
1138 1032 1224 1068 Me·
1237 1035 1359 1068 Metelli
1370 1047 1444 1070 sen·

108 1091 186 1127 telli
207 1092 416 1127 sententia:
450 1093 527 1140 qui,
549 1093 594 1128 de
615 1094 748 1129 ceteris
769 1094 943 1131 Maximo
964 1096 1157 1138 adsensus,
1180 1082 1387 1154 de.tsec¹}‘ii²{){¹¹{

109 1157 295 1206 Scipionis
317 1168 448 1192 caussa
467 1157 656 1193 dissensit.
699 1160 770 1200 Qui
790 1163 882 1196 enim
902 1162 1101 1202 convenire,
1124 1173 1232 1208 quem
1293 1134 1311 1164 p
1390 1144 1399 1153 ·

105 1223 211 1257 modo
230 1223 356 1257 civitas
365 1220 534 1266 juvenem
552 1223 747 1259 admodum
773 1226 1024 1272 recuperandae
1044 1225 1230 1271 Hispaniae

107 1287 276 1333 delegerit
306 1288 443 1328 ducem,
472 1299 586 1334 quem,
617 1294 762 1335 recepta
789 1290 832 1324 ab
859 1289 1013 1324 hostibus
1030 1289 1227 1336 Hispania,

106 1351 153 1385 ad
173 1352 412 1396 inponendum
432 1351 571 1385 Punico
592 1351 680 1386 bello
697 1353 813 1400 finem
834 1354 1006 1387 creaverit
1036 1354 1227 1394 consulem,

104 1426 165 1462 spe
194 1415 424 1450 destinaverit
458 1415 699 1450 Hannibalem
735 1427 778 1450 ex
816 1417 928 1451 Italia
967 1418 1229 1458 detracturum,

104 1477 271 1525 Africam
298 1479 541 1520 subacturum,
563 1491 643 1514 eum
671 1485 828 1527 repente,
860 1485 1041 1527 tamquam
1076 1481 1118 1520 Q.
1142 1481 1229 1515 Ple-

103 1544 266 1584 minium,
288 1544 424 1578 indicta
443 1555 568 1578 caussa
585 1556 699 1591 prope
726 1545 953 1586 damnatum,
974 1557 1016 1580 ex
1042 1546 1230 1591 provincia

103 1608 297 1642 revocari?
325 1620 432 1655 quum
452 1619 507 1649 ea,
530 1620 606 1655 qua>
625 1610 661 1643 in
683 1620 718 1643 se
748 1608 886 1656 nefarie
903 1608 1016 1656 facta
1038 1608 1229 1643 Locrenses

105 1676 346 1719 quererentur,
378 1683 429 1709 ne
447 1677 622 1720 proesente
649 1674 792 1719 quidem
814 1673 981 1720 Scipione
999 1672 1111 1719 facta
1131 1673 1227 1707 dice-

104 1740 197 1775 r-ent,
218 1747 330 1782 neque
349 1736 451 1770 aliud
470 1748 578 1782 quam
595 1737 788 1782 patientia,
811 1740 874 1771 aut
900 1737 1030 1782 pudor,
1053 1736 1146 1782 quod
1177 1735 1228 1769 le-

102 1805 189 1847 gato
217 1801 443 1847 pepercisset,
474 1801 677 1835 insimulari
707 1801 850 1847 possit.9
879 1799 957 1834 Sibi
985 1800 1141 1846 placere,
1175 1797 1229 1834 M.

105 1866 344 1913 Pomponium
369 1869 572 1912 praetorem,
595 1867 652 1900 cui
671 1866 801 1900 Sicilia
829 1866 1012 1913 provincia
1040 1870 1132 1899 sorte
1151 1875 1236 1899 eve*

104 1932 223 1972 nisset,
259 1930 378 1964 triduo
402 1930 565 1977 proximo
598 1931 635 1964 in
663 1931 886 1976 prorinciam
912 1929 1114 1976 proficisci.-
1144 1940 1228 1961 con-

102 1994 194 2030 sules
212 1993 332 2028 decem
351 1994 499 2039 legatos,
518 2004 602 2040 quos
621 1994 664 2028 iis
678 1994 873 2034 videretur,
893 2004 933 2027 ea·
950 1999 1076 2027 senatu
1098 1991 1233 2037 legere,

104 2071 189 2108 quos
216 2071 296 2094 cum
323 2063 478 2106 praetore
506 2060 700 2100 mitterent,
732 2063 767 2093 et
792 2059 879 2093 duos
912 2057 1070 2092 tribunos
1097 2056 1225 2103 plebei,

103 2127 211 2171 atque
239 2124 401 2159 aedilem:
430 2135 509 2159 cum
534 2135 574 2158 eo
604 2124 750 2158 consilio
777 2127 968 2170 praetorem
997 2131 1225 2167 cognoscere:

105 2188 136 2222 si
164 2198 219 2228 ea,
240 2199 317 2233 quae
338 2188 529 2223 Locrenses
546 2186 659 2235 facta
678 2190 923 2233 quererentur,
944 2184 1047 2229 jussu
1073 2188 1137 2218 aut
1164 2194 1226 2217 vo-

106 2250 248 2285 luntate
277 2251 322 2286 P.
342 2250 520 2298 Scipionis
536 2249 649 2297 facta
671 2254 795 2291 essent,
816 2253 857 2284 ut
875 2260 955 2283 eum
974 2249 1017 2282 de
1045 2247 1227 2294 provincia

107 2314 273 2350 decedere
281 2312 460 2359 juberent.
517 2314 559 2352 Si
582 2315 627 2352 P.
645 2314 766 2362 Scipio
785 2312 868 2359 jam
897 2314 934 2349 in
951 2310 1119 2363 Africam
1149 2314 1224 2345 tra-
