1523 2666
309 212 396 260 590
775 215 820 245 T.
845 215 981 247 L1V11

110 315 157 349 U,
171 318 208 350 c,
224 323 296 351 561.
309 317 391 342 rum
417 307 558 352 gentem
577 303 814 347 sustulissent,
836 305 996 341 omnibus
1024 305 1132 354 copiis
1151 305 1187 342 in
1206 306 1332 343 Asiam
1352 311 1428 344 tra-

110 361 152 393 A'
170 363 206 393 C·
223 370 425 418 ¹⁹1·jz'cere.
454 369 555 404 Vera
574 373 695 412 erant,
717 381 799 418 quae
820 369 1044 406 dicebantur
1063 385 1070 406 :
1095 383 1139 406 eo
1160 371 1279 420 magis
1300 383 1428 421 regem

110 765 212 797 AEtoli

109 811 148 840 de
162 820 239 849 pace

107 861 218 892 agunn

307 440 520 473 moverunt.
578 433 714 483 Itaque
735 434 775 469 in
802 435 1004 484 praesentia
1030 436 1243 485 pecuniam,
1266 449 1349 485 quae
1379 435 1427 472 ad

306 513 396 538 usus
415 499 506 537 belli
525 499 737 535 necessaria
757 505 851 541 erat,
873 498 1006 547 legatis
1027 501 1126 537 dedit
1144 515 1152 536 z
1185 500 1326 537 auxilia
1348 506 1426 537 ter-

305 566 441 603 restria
461 563 684 613 navaliaque
703 564 915 600 adfirmavit
937 565 1150 603 missurum.
1207 566 1426 602 Thoantem

305 644 421 668 unum
442 643 488 667 ex
505 630 639 679 legatis
657 630 827 673 retinuit,
846 636 883 666 et
902 631 1025 680 ipsum
1044 631 1145 667 haud
1164 631 1325 667 invitum
1340 643 1423 667 mo-

304 702 467 738 rantem,
486 701 529 731 ut
548 700 704 731 exactor
722 707 887 745 praesens
907 695 1179 746 promissorum
1201 696 1361 732 adesset.

359 760 536 798 XXVII.
569 761 746 796 Ceterum
778 760 966 797 Heraclea
995 768 1106 811 capta
1134 760 1250 809 fregit
1269 760 1424 797 tandem

305 827 454 864 animos
484 825 735 863 AEtolorum:
769 832 807 861 et
835 833 923 876 post
951 839 1093 876 paucos
1123 826 1214 869 dies,
1236 838 1348 874 quam
1378 824 1427 861 ad

303 891 443 929 bellum
466 892 725 928 renovandum
755 891 1055 940 adciendumquc
1084 903 1212 940 regem
1230 891 1269 926 in
1288 889 1422 926 Asiam

302 958 485 995 miserant
514 956 675 1005 legatos,
704 955 861 1006 abjectis
892 956 981 992 belli
1015 955 1197 999 consiliis,
1225 955 1328 1006 pacis
1356 966 1423 1005 pe-

300 1022 424 1058 tendae
446 1027 616 1058 oratores
637 1021 682 1056 ad
703 1020 897 1056 consulem
917 1021 1113 1058 miserunt.
1170 1020 1277 1059 Quos
1298 1019 1423 1056 dicere

300 1099 456 1123 exorsos
471 1085 604 1122 consul
620 1085 835 1127 interfatus,
851 1098 965 1134 quum
985 1085 1057 1121 alia
1074 1085 1145 1120 sibi
1159 1084 1418 1134 praevertenda

299 1164 380 1188 esse
399 1151 570 1193 dixisset,
590 1149 711 1185 redire
741 1149 936 1199 Hypatam
966 1162 1045 1193 eos,
1067 1150 1163 1186 datis
1184 1150 1329 1185 dierum
1349 1148 1415 1185 de-

298 1229 380 1253 cem
409 1215 582 1258 induciis,
608 1221 645 1250 et
677 1213 723 1250 L.
745 1214 898 1250 Valerio
927 1213 1069 1250 Flacco
1097 1227 1183 1250 cum
1213 1214 1256 1249 iis
1281 1213 1412 1256 misso,

292 1280 431 1331 jussit:
465 1279 512 1322 ei,
534 1292 616 1327 quae
638 1291 764 1314 secum
794 1279 915 1314 acturi
942 1278 1118 1322 fuissent,
1147 1290 1352 1328 exponere,
1377 1282 1415 1313 et

299 1346 330 1382 si
351 1358 424 1394 qua
443 1344 582 1380 vellent
602 1342 688 1380 alia.
745 1343 940 1393 Hypatam
966 1350 1006 1379 ut
1035 1350 1092 1380 est
1120 1349 1288 1386 ventum,
1310 1342 1415 1392 prin-

300 1411 400 1460 cipes
439 1409 661 1445 AEtolorum
699 1408 798 1458 apud
827 1407 1003 1444 Flaccum
1035 1408 1237 1444 concilium
1266 1407 1411 1444 habue-

296 1480 411 1519 runt3
446 1473 720 1516 consultantes,
755 1485 922 1522 quonam
951 1473 1139 1521 agendum
1170 1472 1282 1508 modo
1312 1471 1411 1521 apud

295 1537 489 1577 consulem
504 1538 615 1574 foret.
646 1537 719 1573 His
737 1537 958 1587 parantibus
978 1538 1134 1586 antiqua
1149 1536 1334 1572 foederum
1349 1547 1414 1570 or-

294 1607 379 1650 diri,
401 1606 610 1654 meritaque
640 1604 676 1640 in
708 1602 889 1653 populum
913 1602 1145 1646 Romanum,
1167 1603 1332 1638 absistere
1350 1603 1407 1646 z’z's,

292 1671 450 1708 Flaccus
473 1670 605 1720 jussit,
627 1682 702 1718 quoe
731 1671 799 1717 ipsi
827 1670 1016 1704 violassent
1035 1681 1077 1704 ac
1097 1670 1296 1717 rupissent:
1325 1680 1408 1704 con-

281 1736 480 1786 fessionem
516 1737 560 1771 iis
596 1735 710 1782 culpa?
738 1735 853 1781 magis
877 1732 1127 1781 profuturam,
1161 1737 1197 1768 et
1229 1737 1342 1768 totam
1373 1734 1410 1769 in

286 1814 412 1850 preces
430 1803 627 1837 orationem
649 1811 785 1835 versam
803 1815 814 1834 .·
844 1811 907 1834 nec
926 1800 1015 1834 enim
1039 1800 1073 1834 in
1090 1810 1213 1834 caussa
1234 1800 1405 1846 ipsorum,

289 1868 403 1902 sedin
431 1867 556 1914 populi
577 1865 732 1900 Romani
762 1865 948 1900 clementia
975 1876 1072 1911 spem
1097 1864 1225 1900 salutis
1248 1865 1407 1912 positam

289 1943 387 1968 esse:
408 1936 441 1967 et
459 1943 494 1966 se
511 1931 721 1978 suppliciter
739 1929 924 1975 agentibus
944 1930 985 1964 iis
1004 1928 1232 1976 adfuturum,
1256 1933 1291 1964 et
1310 1929 1408 1977 apud

290 1996 479 2038 consulem,
501 1999 535 2030 et
554 1994 680 2029 Romae
700 1995 734 2029 in
756 1998 882 2029 senatu
898 2009 909 2028 .·
938 2005 977 2028 eo
993 2005 1130 2041 quoque
1149 1994 1241 2028 enim
1262 1994 1406 2029 mitten-

288 2061 350 2096 dos
370 2060 460 2108 fore
487 2060 633 2106 legatos.
691 2057 787 2094 Haec
807 2071 881 2095 una
902 2059 966 2113 via
982 2058 1157 2095 omnibus
1178 2059 1224 2095 ad
1245 2058 1405 2095 salutem

285 2125 366 2160 visa
386 2131 456 2167 cst,
478 2129 518 2161 ut
538 2125 695 2173 infidem
715 2136 751 2160 se
765 2127 1015 2173 permitterent
1040 2125 1294 2161 Romanorum.
1345 2125 1404 2161 Ita

287 2191 379 2226 enim
400 2194 436 2225 et
454 2189 527 2224 illis
544 2190 705 2225 violandi
726 2191 905 2237 supplices
929 2190 1178 2225 vereczmdimn
1207 2201 1243 2225 se
1271 2191 1403 2238 inposi-

286 2260 384 2290 turos
400 2271 411 2290 .·
440 2259 473 2289 et
494 2256 586 2302 ipsos
604 2254 837 2290 nihilominus
854 2267 925 2290 sace
941 2256 1131 2303 potestates
1145 2253 1246 2303 fore,
1266 2255 1297 2290 si
1316 2254 1404 2302 quid

282 2318 577 2367 meliusfortuna
597 2320 813 2355 ostendisset.

336 2383 534 2422 XXVIII,
564 2383 774 2435 Postquam
811 2383 858 2421 ad
895 2383 1089 2422 consulem
1126 2389 1282 2422 ventum
1326 2390 1396 2429 est,

1495 681 1501 794 ἶ

1497 803 1503 864 t
