1523 2666
340 169 424 221 598
821 182 866 211 T.
896 182 1026 212 mvn:

157 276 248 314 Ue,
268 290 340 317 551,
356 276 428 306 tere
448 273 582 319 legulos
603 271 758 307 Romam
779 274 935 319 possitiS,
953 285 1020 320 per
1040 285 1124 321 quos
1146 277 1286 312 senatui
1310 277 1352 312 de
1376 274 1469 313 vobis

157 326 198 356 A·
212 326 248 357 C·
269 335 340 361 191·
348 337 584 384 permittatis.
642 336 722 383 Ego
742 337 842 384 apud
861 338 1038 373 consulem
1059 339 1268 386 deprecator
1287 340 1467 388 defensor·—

157 418 290 457 Legatos

158 460 299 493 Romam

155 511 304 537 mittunt.

353 414 419 450 que
444 401 539 437 vobis
567 402 686 437 adero.
746 401 817 444 lta,
841 407 881 436 ut
910 411 1108 439 censuerat
1127 404 1345 448 Quinctius,
1364 405 1466 442 fece-

351 472 462 503 runt:
495 478 566 502 ncc
586 465 833 515 adspernatus
852 472 909 502 est
928 465 1159 516 legationem
1179 469 1330 505 consul:
1354 470 1466 506 indu-

349 531 493 579 ciisque
512 530 551 565 in
571 529 670 565 diem
690 535 831 565 certam
852 529 963 573 datis,
985 544 1058 580 qua
1085 531 1229 581 legatio
1249 534 1465 570 renunciari

349 595 397 632 ab
418 594 546 631 Roma
573 599 716 644 posset,
737 593 863 630 soluta
881 594 1032 631 obsidio
1059 604 1129 640 est,
1152 603 1190 633 et
1217 598 1403 634 exercitus
1423 599 1465 635 in

347 660 556 696 Phocidem
578 660 725 696 missus.
784 659 930 695 Consul
959 673 1046 696 cum
1072 661 1117 698 T.
1139 662 1322 701 Quinctio
1343 663 1391 698 ad
1407 663 1464 699 A·

347 725 521 760 chaicum
548 724 753 761 concilium
776 724 935 773 AEgium
955 725 1106 776 trajecit
1123 742 1130 763 :
1164 726 1217 763 ibi
1237 727 1282 763 de
1301 726 1404 763 Eleis
1425 734 1464 764 et

347 790 392 826 de
420 789 611 826 exsulibus
631 789 1013 826 Lacedaemoniorum
1043 791 1284 827 restituendis
1314 797 1460 829 actum:

344 861 385 890 et
404 861 539 890 neutra
554 855 721 904 perfecta
742 868 814 898 τρε,
832 856 920 904 quia
939 869 1014 892 suae
1033 857 1164 905 gratiae
1182 857 1364 892 reservari
1380 869 1463 894 eam

344 920 493 964 Achaei,
514 919 598 956 Elei
619 933 686 970 per
702 933 741 956 se
762 921 846 970 ipsi,
868 933 980 970 quam
1002 934 1068 971 per
1087 921 1301 964 Romanos,
1318 920 1461 957 malue-

342 992 433 1022 runt
466 987 637 1022 Achaico
671 986 863 1023 contribui
893 987 1070 1024 coneilio,
1128 986 1372 1036 Epirotarum
1405 985 1459 1022 le-

342 1050 423 1097 gati
444 1050 489 1085 ad
509 1049 703 1086 consulem
722 1057 921 1094 venerunt,
943 1063 1036 1100 quos
1067 1063 1145 1086 non
1166 1050 1312 1086 sincera
1330 1049 1401 1086 fide
1421 1050 1460 1086 in

343 1115 512 1149 amicitia
531 1114 646 1150 fuisse
667 1116 757 1150 satis
779 1114 1003 1151 constabat:
1038 1114 1195 1150 militem
1217 1123 1344 1150 tamen
1374 1113 1458 1150 nul-

341 1176 421 1213 lum
440 1178 636 1213 Antiocho
657 1178 864 1214 dederant:
898 1179 1059 1228 pecunia
1080 1177 1225 1228 juvisse
1249 1191 1335 1213 eum
1365 1179 1457 1214 insi-

340 1242 605 1287 mulabantur-3
629 1241 776 1290 legatos
798 1243 844 1278 ad
864 1255 991 1290 regem
1010 1255 1058 1278 ne
1078 1243 1150 1293 ipsi
1166 1243 1317 1292 quidem
1333 1243 1457 1279 misis-

338 1318 380 1341 se
400 1305 680 1342 inficiabantur.
727 1305 778 1341 Iis
799 1306 1031 1356 petentibus,
1053 1313 1095 1342 ut
1115 1307 1151 1342 in
1173 1306 1341 1343 amicitia
1359 1308 1455 1357 pris-

339 1371 421 1406 tina
441 1383 522 1407 esse
541 1370 684 1413 liceret,
702 1371 899 1421 respondit
919 1371 1065 1414 consul,
1082 1372 1128 1407 Se
1146 1377 1267 1408 utrum
1287 1372 1454 1415 hostium,

339 1448 385 1471 an
402 1441 630 1483 pacatorum,
653 1448 709 1471 eos
728 1448 873 1472 numero
894 1435 1050 1479 haberet,
1071 1437 1228 1472 nondum
1245 1438 1346 1473 scire.
1389 1437 1457 1473 Se-

339 1506 466 1537 natum
486 1500 560 1547 ejus
578 1504 630 1537 rei
641 1500 802 1547 judicem
811 1501 910 1550 fore.
960 1503 1145 1550 Integram
1163 1515 1199 1538 sc
1217 1515 1377 1538 caussam
1394 1501 1454 1539 ’eo-

337 1580 420 1604 rum
441 1568 594 1604 Romam
614 1566 760 1614 rejicere
773 1584 784 1603 .·
815 1568 977 1603 inducias
996 1568 1045 1603 acl
1067 1569 1104 1602 id
1123 1568 1261 1602 dierum
1280 1568 1455 1615 nonagin-

341 1638 379 1668 ta
399 1634 497 1669 dare.
555 1632 725 1683 Epirotae
752 1632 918 1668 Romam
939 1633 1040 1668 missi
1062 1638 1235 1668 senatum
1254 1632 1451 1668 adierunt:

337 1696 398 1739 iis,
420 1697 555 1745 magiS,
577 1709 660 1745 quoe
688 1709 767 1732 non
793 1696 972 1733 fecissent
997 1695 1166 1739 hostilia,
1184 1695 1451 1739 referentibus,

336 1772 450 1810 quam
483 1760 733 1810 purgantibus
765 1774 822 1805 ea,
854 1761 898 1796 de
929 1761 1063 1810 quibus
1094 1760 1364 1809 arguebantur,
1393 1773 1454 1797 re-

336 1837 519 1874 sponsum
554 1825 682 1860 datum
717 1831 786 1868 est,
826 1838 901 1874 quo
934 1826 1083 1861 veniam
1116 1826 1339 1875 inpetrasse,
1373 1838 1452 1862 non

335 1901 508 1925 caussam
528 1889 725 1939 probasse,
749 1891 862 1926 videri
882 1898 1049 1940 possent.
1094 1890 1145 1925 Et
1167 1890 1331 1940 Philippi
1352 1891 1450 1938 regis

333 1951 451 2000 iegati
478 1953 547 1988 sub
578 1953 678 1989 idem
698 1959 846 2004 tempus
867 1954 904 1989 in
927 1961 1100 1989 senatum
1119 1953 1340 1996 introducti,
1362 1967 1449 2002 gra-

332 2017 500 2054 tulantes
522 2018 567 2054 de
587 2019 764 2055 victoria:
789 2019 832 2054 iis
854 2018 1069 2068 petentibus
1093 2023 1133 2053 ut
1149 2017 1219 2053 sibi
1241 2018 1451 2055 sacrificare

333 2083 372 2117 in
405 2082 613 2132 Capitolio,
635 2083 852 2132 donumque
882 2097 928 2120 ex
958 2097 1050 2119 auro
1080 2084 1210 2119 liceret
1239 2097 1380 2133 ponere
1409 2086 1448 2122 in

334 2146 413 2182 aede
441 2147 549 2183 ,Iovis
581 2147 728 2198 Optimi
757 2149 934 2192 Maximi,
966 2150 1187 2199 permissum
1218 2149 1264 2185 ab
1292 2157 1444 2187 senatu:

332 2218 486 2247 centum
520 2213 647 2261 pondo
683 2226 863 2250 coronam
895 2227 1046 2250 auream
1076 2224 1295 2264 posuerunt.
1353 2214 1446 2252 Non

330 2288 555 2325 responsum
586 2277 709 2313 solum
737 2278 903 2327 benigne
926 2278 1060 2327 legatis
1082 2285 1160 2324 θεῖς
1195 2280 1258 2315 sed
1279 2279 1446 2330 Philippi

329 2351 483 2390 quoque
511 2340 608 2378 filius
640 2341 873 2387 Demetrius,
895 2344 958 2393 qui
986 2343 1096 2380 obses
1122 2343 1258 2380 Romae
1287 2349 1380 2389 erat,
1399 2345 1446 2382 ad
