1507 2656
361 231 514 262 mmm
538 229 712 259 xxxu.
746 227 852 257 cAt‘.
876 227 1068 257 xxv111.
1182 215 1266 270 365

157 325 240 367 cisi,
262 331 326 361 aut
346 322 495 361 sublati.
535 322 620 358 Sex,
637 319 762 356 AElius
784 317 917 354 consul
937 330 984 354 ex
1003 316 1129 354 Gallia
1149 316 1266 352 comi-
1281 319 1319 350 U.
1336 320 1372 351 C.
1388 327 1461 351 55⁴.

156 389 296 424 tiorum
324 399 456 424 caussa
480 386 646 421 Romam
669 396 785 432 quum
811 381 984 423 redisset,
1006 380 1147 417 creavit
1175 363 1370 416 con-A’C·
1389 371 1461 396 ³9⁸·

156 451 254 487 sules
275 452 318 488 C.
336 449 554 486 Cornelium
576 447 789 496 Cethegum
816 452 854 481 et
879 445 928 484 Q.
947 444 1164 480 Minucium
1183 442 1267 479 Ru-

155 515 247 552 sum.
276 515 401 551 Biduo
414 519 501 564 post
516 518 721 564 praetorum
735 510 889 547 comitia
904 508 1049 545 habita.
1080 508 1151 544 Sex
1166 520 1262 557 prae-
1279 506 1340 535 Sex
1357 512 1436 542 {³¹ae-

155 586 255 616 tores
275 579 341 615 illo
362 592 462 616 anno
480 578 643 629 primum
659 576 789 619 creati,
807 573 1062 611 crescentibus
1076 572 1158 623 jam
1175 585 1263 622 pro-
1278 556 1370 579 tores.

151 644 298 687 vinciis,
313 649 350 680 et
365 642 478 678 latius
494 646 713 693 patescente
729 640 908 690 imperio:
933 638 1050 674 creati
1067 644 1192 673 autem
1208 637 1262 679 hi,

151 707 198 745 L.
214 707 382 744 Manlius
392 707 526 750 Vulso,
549 707 592 743 C.
608 705 852 755 Sempronius
866 704 1094 745 Tuditanus,
1110 702 1166 739 M.
1180 702 1265 738 Ser-

152 772 234 820 gius
249 771 361 816 Silus,
377 770 617 814 M.He1vius‚
631 770 687 806 M.
698 769 891 805 Minucius
904 767 1044 810 Rufus,
1059 766 1265 803 L.Atilius.

152 836 396 886 Sempronius
417 842 455 872 et
474 834 632 871 Helvius
647 847 694 870 ex
710 835 754 869 iis
771 832 893 869 aediles
910 831 1030 882 plebis
1045 836 1151 866 erant
1167 845 1174 866 ε
1199 843 1264 866 cu—

152 899 250 936 rules
268 900 391 936 aediles
412 900 461 940 Q.
473 900 668 936 Minucius
681 898 867 935 Thermus
889 902 926 933 et
943 896 1003 932 Ti.
1019 895 1262 945 Sempronius

151 963 321 1013 Longus.
378 964 479 1000 Ludi
499 963 666 1000 Romani
684 976 730 999 eo
747 975 847 998 anno
864 967 996 1010 quater
1014 960 1228 996 instaurati.

203 1027 401 1064 XXVIII.
433 1029 476 1064 C.
498 1027 679 1063 Cornelio
699 1033 737 1063 et
757 1027 807 1066 Q.
827 1026 1003 1061 Minucio
1027 1024 1260 1068 consulibus,
1277 1037 1317 1066 υ,
1333 1037 1365 1066 ς,
1384 1045 1455 1068 55³.

149 1092 319 1129 omnium
339 1092 501 1142 primum
521 1091 566 1127 de
592 1091 796 1140 provinciis
821 1089 1018 1125 consulum
1038 1095 1262 1138 praetorum-
1275 1081 1313 1110 Λ·
1328 1081 1364 1111 C·
1386 1088 1455 1116 ¹⁹7·

149 1169 220 1206 que
241 1163 379 1193 actum.
434 1156 543 1192 Prius
563 1156 608 1191 de
628 1154 853 1206 praetoribus
874 1159 1066 1189 transacta
1086 1165 1158 1196 res,
1179 1166 1262 1202 quae

147 1222 308 1271 transigi
325 1227 429 1258 sorte
448 1226 599 1271 poterat
615 1235 622 1255 ε
657 1220 800 1256 urbana
820 1220 968 1268 Sergio,
985 1219 1184 1269 peregrina
1195 1218 1262 1268 ju-

149 1287 319 1323 risdictio
344 1286 519 1322 Minucio
540 1285 693 1334 obtigit.
751 1284 964 1321 Sardiniam
989 1283 1144 1326 Atilius,
1166 1284 1261 1319 Sici-

148 1349 237 1386 liam
271 1350 454 1394 Manlius,
489 1350 717 1401 Hispaniam
751 1349 995 1399 Sempronius
1027 1349 1258 1392 citeriorem,

148 1413 308 1451 Helvius
328 1414 544 1451 ulteriorem
566 1421 624 1450 est
643 1415 811 1450 sortitus.
857 1412 1086 1449 Consulibus
1108 1412 1260 1450 Italiam

145 1478 490 1529 Macedoniamque
527 1480 654 1515 sortiri
691 1478 928 1529 parantibus,
964 1478 1011 1514 L.
1035 1478 1182 1529 Oppius
1220 1486 1259 1515 et

144 1544 194 1584 Q.
214 1543 368 1581 Fulvius
401 1545 545 1580 tribuni
573 1544 692 1595 plebis
722 1544 983 1594 inpedimento
1011 1551 1132 1586 erant,
1163 1546 1260 1593 quod

144 1609 341 1657 longinqua
363 1611 550 1658 provincia
574 1609 793 1645 Illaceclonz'a
818 1614 929 1645 esset:
957 1621 1069 1658 neque
1088 1610 1164 1646 ulla
1183 1611 1260 1646 alia

143 1684 199 1710 res
230 1671 347 1720 majus
378 1674 468 1710 bello
493 1675 772 1721 inpedimentum
804 1675 854 1710 ad
882 1686 962 1710 eam
996 1676 1089 1710 diem
1104 1674 1255 1723 ficisset,

144 1749 253 1785 quam
272 1738 380 1785 quod,
400 1738 545 1773 vixdum
565 1737 740 1773 inchoatis
761 1738 872 1781 rebus,
895 1740 932 1774 in
954 1740 1029 1787 ipso
1049 1744 1176 1775 conatu
1192 1751 1256 1786 ge-

142 1802 247 1838 rendi
279 1801 360 1838 belli
388 1803 492 1850 prior
524 1803 645 1837 consul
673 1808 911 1840 revocaretur.
973 1804 1154 1844 Quartum
1175 1802 1258 1849 jam

141 1877 275 1901 annum
299 1877 369 1901 esse
395 1865 438 1900 ab
461 1866 600 1901 decreto
633 1867 868 1903 Macedonico
893 1867 996 1903 bello.
1056 1868 1260 1908 Quaerendo

141 1940 260 1976 regem
272 1933 305 1964 et
317 1931 508 1966 exercitum
523 1929 596 1977 ejus
611 1929 813 1978 Sulpicium
830 1930 997 1977 majorem
1012 1935 1155 1979 partem
1171 1933 1259 1968 anni

140 1992 356 2029 absumsisse.
392 1993 554 2037 Villium,
573 1996 853 2042 congredientem
871 2008 950 2031 cum
966 1995 1076 2038 hoste,
1093 2008 1130 2031 re
1144 1995 1257 2045 infec-

141 2061 181 2093 ta
196 2062 409 2094 revocatum.
450 2059 673 2102 Quinctium,
689 2059 790 2095 rebus
803 2061 931 2096 (livinis
945 2059 1070 2096 Romae
1088 2059 1258 2107 majorem

136 2126 281 2169 partem
300 2125 388 2159 anni
404 2129 597 2166 retentum,
612 2126 666 2160 ιἰα
682 2126 825 2171 gessisse
850 2130 969 2160 tamen
988 2137 1057 2167 res,
1076 2130 1129 2167 ut,
1144 2126 1174 2161 si
1193 2131 1257 2161 αιιε

141 2186 317 2221 maturius
335 2187 372 2220 in
390 2189 613 2233 provinciam
635 2189 795 2230 venisset,
817 2192 881 2223 aut
901 2188 1011 2223 hiems
1037 2190 1154 2236 magis
1177 2200 1257 2225 sera

130 2246 280 2296 suisset,
289 2251 452 2296 potuerit
467 2251 654 2287 debellare.
712 2251 819 2287 Nunc
832 2264 945 2300 prope
960 2253 993 2287 in
1009 2251 1156 2288 hiberna
1167 2265 1255 2301 pro-

129 2310 287 2360 fectum,
308 2314 362 2348 ita
388 2326 598 2363 comparare
630 2316 701 2352 (lici
731 2316 874 2359 bellum,
902 2322 957 2359 ut,
987 2319 1056 2352 nisi
1083 2329 1257 2353 successor

142 2378 316 2425 inpediat,
344 2379 575 2430 perfecturus
606 2386 728 2417 aestate
755 2383 922 2431 proxima
947 2384 1123 2419 videatur.
1181 2382 1255 2420 His

655 2444 690 2481 R
711 2446 734 2482 3
