1507 2656
370 195 523 225 LIBER
545 193 690 223 XXIX·
723 192 830 221 cAr’.
853 191 948 221 XII.
1132 190 1209 234 173

104 295 304 339 postquam
323 300 344 323 a
363 293 470 337 patre
489 285 569 335 ejus
589 284 712 335 primo
732 281 931 319 consulatu
951 286 1039 317 vota
1060 281 1098 316 in
1118 279 1209 316 Gal·
1225 289 1266 319 U.
1279 287 1315 318 C.
1335 294 1409 322 517-

104 353 155 389 lia
187 353 234 389 ad
261 352 483 388 Clastidium
514 350 649 385 fuerat.
707 348 760 384 Et
787 348 924 384 flamen
949 344 1138 382 Martialis
1165 357 1210 380 eo
1224 331 1315 362 A.C.
1334 339 1411 362 ²0⁵·

105 429 206 453 anno
226 422 282 452 est
300 421 468 451 mortuus
487 413 544 450 M.
558 411 737 449 AEmilius
759 410 944 459 Regillus.
1191 414 1195 417 ’

159 479 253 515 XII.
283 478 478 526 Neglectae
507 489 552 512 eo
577 476 733 512 biennio
759 486 817 511 res
848 474 885 510 in
907 473 1055 509 Graecia
1080 478 1210 508 erant:

105 543 232 592 itaque
256 542 449 592 Philippus
476 539 646 582 AEtolos,
671 540 839 576 desertos
861 539 908 575 ab
930 538 1131 580 Romanis,
1152 537 1214 572 cui
1228 544 1328 574 AEtoii
1348 553 1403 582 pa-

1168 601 1214 637 ad
1229 597 1299 617 cem
1317 597 1395 616 cum

1230 630 1374 669 Philippo
1387 630 1431 658 fa-

0 676 4 715 i
103 671 303 720 petendam
323 677 361 707 et
379 670 641 720 paciscendam
662 669 814 717 subegit
832 681 964 718 pacem
980 682 987 703 z
1021 667 1123 716 quod
1142 666 1214 701 nisi
1229 674 1329 704 cium.

105 608 170 642 uni
185 607 350 643 fidebant
371 606 527 648 auxilio,
549 605 685 654 quibus
706 604 828 641 voluit
847 602 1146 644 conditionibus,

0 738 1 777 i
103 735 207 769 omni
239 735 274 769 vi
308 735 483 784 perficere
514 739 753 775 maturasset,
780 732 987 768 bellantem
1017 743 1103 766 eum
1130 742 1215 766 cum

0 785 3 851 ἶ
106 797 248 833 AEtolis
274 798 318 834 P.
333 798 575 847 Sempronius
603 795 825 846 proconsul,
847 807 1041 830 successor
1067 794 1215 843 imperii

2 856 3 911 i
105 861 239 896 missus
275 860 456 910 Sulpicio,
492 873 578 896 cum
607 860 737 895 de‘cem
765 858 932 894 millibus
965 857 1147 907 peditum,
1179 863 1217 891 et

2 913 3 921 ἵ
106 923 208 959 mille
228 923 431 972 equitibus,
449 930 487 959 et
506 924 666 972 triginta
680 924 845 971 quinque
864 922 1036 958 rostratis
1056 920 1216 956 navibus

108 986 226 1034 (haud
241 998 396 1035 parvum
416 993 652 1022 momentum
672 986 719 1021 ad
739 998 851 1035 opem
870 985 1062 1021 ferendam
1082 984 1217 1027 sociis).

4 1078 5 1093 ¹
105 1050 364 1099 obpressisset.
420 1050 586 1085 Vixdum
606 1063 697 1099 pace
718 1049 833 1092 facta,
856 1050 1017 1084 nuncius
1046 1049 1126 1096 regi
1152 1061 1216 1084 ve-

106 1114 177 1157 nit,
196 1113 394 1151 Romanos
415 1114 668 1164 Dyrrachium
687 1115 854 1150 venisse:
878 1113 1159 1162 Parthinosque
1179 1119 1218 1148 et

106 1179 336 1228 propinquas
352 1178 443 1214 alias
464 1185 595 1227 gentes
616 1185 739 1215 motas
760 1191 841 1214 esse
861 1178 906 1214 ad
927 1190 1031 1226 spem
1051 1176 1219 1213 novandi

105 1254 162 1277 res
176 1257 183 1277 z
215 1242 497 1292 Dimallumque
513 1243 739 1293 obpugnari.
795 1244 855 1279 Eo
872 1254 911 1278 se
928 1248 1119 1277 verterant
1134 1240 1217 1276 Rom

107 1306 209 1341 mani
236 1306 282 1342 ab
303 1306 537 1352 AEtolorum,
559 1321 634 1357 qno
658 1309 761 1344 missi
785 1314 906 1350 erant,
938 1306 1093 1349 auxilio,
1114 1307 1217 1349 irati,

108 1369 210 1416 quod
228 1370 308 1405 sine
328 1373 555 1408 auctoritate
575 1385 642 1408 sua
668 1372 841 1408 adversus
869 1371 991 1406 foedus
1017 1383 1100 1406 Cum
1131 1382 1220 1418 rege

110 1444 240 1481 pacem
268 1433 458 1471 fecissent.
514 1436 573 1471 Ea
599 1448 714 1484 quum
747 1436 912 1471 audisset
940 1434 1152 1483 Philippus,
1173 1446 1222 1469 ne

108 1495 170 1543 qui
206 1503 330 1532 motus
365 1497 487 1547 major
519 1499 556 1533 in
590 1499 758 1534 finitimis
794 1498 970 1545 gentibus
995 1497 1221 1547 populisque

108 1559 282 1603 oriretur,
310 1563 456 1610 magnis
487 1562 685 1598 itineribus
716 1562 960 1611 Apolloniam
995 1562 1216 1606 contendit;

109 1636 184 1671 quo
205 1624 448 1673 Sempronius
476 1638 514 1661 se
535 1632 743 1675 receperat,
765 1627 880 1661 misso
902 1626 1070 1661 Laetorio
1090 1625 1218 1673 legato

109 1700 194 1723 cum
214 1694 321 1736 parte
340 1689 533 1738 copiarum
561 1698 598 1724 et
618 1690 831 1737 quindecim
860 1690 1017 1725 navibus
1038 1690 1078 1725 in
1103 1689 1220 1725 AEto-

111 1750 214 1792 liam,
235 1758 273 1787 et
298 1751 343 1787 ad
370 1752 540 1787 visendas
573 1765 645 1795 res,
678 1766 898 1803 pacemque,
920 1755 949 1789 si
976 1760 1117 1802 posset,
1139 1761 1218 1788 tur-

111 1813 285 1850 bandam.
341 1814 538 1864 Philippus
568 1828 680 1863 agros
710 1816 1014 1866 Apolloniatium
1045 1818 1219 1859 vastavit,

112 1883 164 1920 et,
185 1878 230 1913 ad
251 1878 379 1914 urbem
399 1879 560 1915 admotis
578 1881 713 1929 copiis,
731 1888 961 1930 potestatem
981 1893 1116 1930 pngnae
1136 1881 1219 1917 Ro-

111 1954 225 1977 mano
254 1942 367 1978 fecit:
400 1956 509 1992 quem
539 1951 741 1993 postquam
772 1947 938 1994 quietum
973 1958 1100 1981 muros
1133 1953 1219 1981 tan-

111 2006 306 2041 tummodo
322 2008 417 2042 tueri
439 2009 545 2050 vidit,
566 2021 635 2044 nec
664 2010 753 2045 satis
781 2009 898 2044 fidens
920 2009 1075 2052 viribus,
1098 2016 1139 2045 nt
1160 2022 1221 2044 nr-

112 2067 198 2104 bem
228 2069 480 2118 obpugnaret,
515 2078 553 2106 et
586 2084 671 2107 cum
704 2072 890 2108 Romanis
925 2085 1088 2121 quoque,
1124 2074 1222 2109 sicut

115 2143 200 2166 cum
224 2131 382 2176 AEtolis,
410 2135 564 2183 cupiens
594 2147 741 2184 pacem,
763 2137 792 2171 si
819 2143 961 2185 posset,
995 2137 1054 2172 sin
1080 2137 1219 2179 minim,

117 2193 284 2231 inducias
309 2196 447 2239 facere,
468 2198 563 2233 nihil
589 2198 688 2234 ultra
716 2200 871 2235 irritatis
898 2212 998 2235 novo
1017 2200 1222 2236 certamine

118 2260 227 2303 odiis,
248 2261 287 2296 in
312 2274 468 2311 regnum
495 2277 535 2299 se
554 2265 707 2314 recepit.
762 2265 835 2301 Per
855 2266 952 2302 idem
972 2273 1133 2317 tempus,
1154 2274 1244 2303 tae--

119 2321 181 2357 dio
197 2323 331 2360 diutini
350 2325 453 2370 belli,
470 2327 654 2378 Epirotae,
671 2334 819 2366 tentata
837 2330 940 2380 prius
959 2329 1222 2368 Romanorum
1236 2313 1390 2387 ἓίἱῃηέξῗ

626 2391 645 2427 I
665 2394 688 2428 3
