1523 2666
307 168 387 212 262
764 180 808 208 Τ.
833 180 966 209 L1v11

111 275 156 305 U.
169 273 205 304 (3.
221 281 294 305 550.
306 276 387 306 tum
407 269 583 306 tradant:
615 268 898 320 postulantique
922 276 1010 306 ante
1030 271 1159 308 omnia
1178 271 1360 322 Scipioni,
1382 280 1424 310 ut

109 318 149 348 Α·
167 317 203 347 C'
221 324 294 348 '²⁰²’
307 334 506 371 Hannibal
525 334 596 370 sibi
615 334 839 378 traderetur,
860 347 1085 386 responsum
1105 348 1199 380 esse,
1220 336 1422 374 Hanniba-

111 784 256 817 Induciae

113 839 147 859 ln
165 836 224 857 tsCS

113 880 253 903 menses.

304 399 379 437 lem
399 401 437 436 in
458 400 590 436 Africa
607 412 685 436 non
706 413 798 436 esse.

358 464 599 501 XXXVIII.
629 464 836 513 Postquam
857 465 1052 501 redierunt
1071 465 1118 501 ad
1135 465 1351 516 Scipionem
1370 466 1423 504 le-

306 531 385 579 gati
400 547 409 575 5
443 543 526 578 quae
555 528 708 579 publica
732 529 772 564 in
801 530 959 566 navibus
990 530 1156 574 fuerant,
1184 544 1229 567 ex
1263 531 1424 581 publicis

306 594 494 642 descripta
513 592 725 628 rationibus
752 599 958 641 quaestores
973 610 982 638 ;
1015 607 1097 643 quae
1127 595 1287 644 privata,
1307 595 1426 646 profi-

306 659 379 694 teri
413 657 557 694 domini
581 655 703 707 jussi:
737 669 806 706 pro
839 671 883 693 ea
910 671 1057 694 summa
1088 660 1258 709 pecuniae
1290 661 1427 709 viginti

307 723 474 771 quinque
501 721 619 757 millia
638 720 766 770 pondo
786 722 933 770 argenti
959 723 1160 773 praesentia
1180 730 1335 770 exacta:
1367 724 1426 760 in-

307 787 502 835 duciaeque
534 785 921 834 Karthaginiensibus
956 787 1053 823 datae
1082 788 1122 823 in
1154 793 1229 824 tres
1266 800 1427 826 menses.

306 851 505 894 Additum,
536 863 583 887 ne
611 863 677 900 per
706 851 941 887 induciarum
973 857 1121 901 tempus
1152 851 1228 888 alio
1254 865 1426 902 usquam,

308 930 421 966 quam
452 916 632 958 Romam,
665 916 861 951 mitterent
890 915 1062 965 legatos:
1113 923 1165 960 et,
1200 918 1427 966 quicumque

306 980 424 1030 legati
455 980 737 1028 Karthaginem
765 980 972 1023 venissent,
999 993 1046 1016 ne
1077 987 1167 1016 ante
1192 980 1429 1017 dimitterent

306 1058 387 1088 eOS,
409 1058 522 1094 quam
540 1044 760 1080 Romanum
787 1045 1070 1094 imperatorem,
1091 1045 1169 1093 qui,
1191 1050 1229 1080 et
1249 1058 1331 1094 quae
1360 1058 1427 1095 pe-

305 1115 430 1146 tentes
460 1110 665 1152 venissent,
693 1109 893 1145 certiorem
922 1109 1103 1145 facerent.
1162 1109 1258 1145 Cum
1292 1109 1426 1159 legatis

306 1172 695 1221 Karthaginiensibus
714 1172 881 1209 Romam
908 1173 1011 1208 missi
1041 1173 1086 1209 L.
1100 1173 1279 1209 Veturius
1298 1173 1425 1217 Philo,

305 1243 345 1273 et
364 1237 421 1273 M.
438 1237 607 1273 Marcius
628 1236 754 1279 Ralla,
772 1243 810 1272 et
829 1235 875 1272 L.
893 1237 1019 1286 Scipio
1040 1237 1278 1286 imperatoris
1297 1237 1428 1274 frater.

304 1301 379 1338 Per
400 1314 464 1337 eos
486 1301 563 1336 dies
585 1307 816 1336 commeatus
841 1313 887 1336 ex
917 1300 1043 1336 Sicilia
1066 1301 1312 1350 Sardiniaque
1340 1309 1427 1339 tan-

305 1372 385 1402 tam
404 1366 589 1401 vilitatem
609 1378 771 1401 annome
791 1365 1009 1408 effecerunt,
1032 1372 1073 1400 ut
1091 1378 1160 1415 pro
1180 1371 1331 1402 vectura
1347 1366 1427 1403 fru-

305 1437 477 1467 mentum
524 1437 712 1467 mercator
747 1431 873 1466 nautis
912 1429 1152 1479 relinqueret.
1207 1429 1343 1467 Romae
1380 1431 1428 1467 ad

306 1495 489 1531 nuncium
518 1495 680 1544 prinlum
701 1494 918 1530 rebellionis
938 1493 1321 1541 Karthaginiensium
1350 1502 1426 1530 tre-

305 1559 477 1609 pidatum
514 1559 662 1603 fuerat3
696 1558 901 1608 jussusque
936 1565 1016 1594 erat
1045 1558 1104 1593 Ti.
1131 1558 1310 1594 Claudius
1345 1572 1426 1595 ma-

306 1630 390 1659 ture
410 1625 448 1659 in
471 1622 636 1659 Siciliam
658 1622 814 1658 classem
835 1623 984 1664 ducere,
1007 1629 1119 1670 atque
1140 1622 1227 1658 inde
1256 1623 1295 1658 in
1322 1623 1427 1659 Afri-

308 1701 391 1724 cam
410 1687 598 1737 trajicere,
622 1694 659 1722 et
679 1687 773 1723 alter
793 1687 926 1723 consul
951 1687 1007 1723 M.
1026 1686 1203 1722 Servilius
1229 1687 1274 1722 ad
1295 1687 1427 1724 urbem

306 1753 461 1796 morari,
483 1753 617 1795 donec,
640 1765 715 1800 quo
736 1758 838 1787 statu
858 1765 914 1788 res
945 1753 983 1787 in
1003 1751 1134 1787 Africa
1154 1758 1292 1795 essent,
1314 1753 1427 1789 scire-

308 1823 380 1853 tur.
440 1817 615 1865 Segniter
637 1816 766 1851 omnia
794 1816 832 1851 in
854 1815 1108 1865 comparanda
1135 1815 1427 1865 deducendaque

308 1881 426 1916 classe
458 1880 503 1916 ab
539 1880 599 1916 Ti.
628 1879 787 1915 Claudio
822 1879 976 1915 consule
1009 1879 1112 1915 facta
1144 1887 1275 1924 erant3
1325 1880 1426 1928 quod

307 1944 439 1981 Patres
461 1943 505 1979 de
525 1956 617 1992 pace
639 1943 825 1992 Scipionis
852 1944 978 1993 potius
1010 1943 1207 1978 arbitrium
1228 1955 1321 1985 esse,
1343 1944 1427 1992 qui-

306 2010 377 2045 bus
393 2009 540 2057 legibus
556 2009 719 2051 daretur,
738 2021 850 2057 quam
868 2008 1046 2051 consulis,
1065 2013 1301 2043 censuerant.
1331 2008 1426 2043 Pro·

309 2074 410 2122 <ligia
430 2070 593 2122 quoque,
613 2073 794 2108 nunciata
813 2073 880 2108 sub
899 2073 1017 2122 ipsam
1033 2072 1174 2108 famam
1191 2071 1424 2116 rebellionis,

308 2145 492 2174 terrorem
513 2137 738 2174 adtulerant.
788 2137 916 2173 Cumis
938 2137 1026 2172 solis
1048 2137 1150 2173 orbis
1170 2137 1288 2172 minui
1309 2137 1424 2179 visus,

305 2209 345 2238 et
370 2202 469 2252 pluit
494 2202 644 2252 lapideo
674 2202 808 2238 imbri:
842 2208 879 2238 et
908 2202 947 2237 in
977 2201 1174 2237 Veliterno
1206 2214 1298 2249 agro
1325 2208 1426 2237 terra

306 2267 523 2316 ingentibus
546 2267 714 2303 cavernis
735 2267 920 2309 consedit,
942 2266 1170 2315 arboresque
1197 2266 1236 2301 in
1264 2265 1424 2315 profun-

306 2331 396 2368 dum
415 2332 571 2372 haustae,
628 2332 766 2370 Ariciae
792 2332 932 2376 forum,
954 2337 991 2369 et
1011 2332 1110 2368 circa
1128 2331 1309 2376 tabernae,
1329 2331 1424 2369 Fru-
