1507 2656
360 201 514 232 LIBER
537 199 706 228 XXXII.
740 196 846 226 CAP.
868 197 916 226 X.
1111 196 1191 240 341

78 291 224 331 Eorum
249 293 509 344 prodigiorum
529 303 661 327 caussa
690 288 918 339 supplicatio
948 299 1065 323 unum
1095 287 1191 323 diem
1207 291 1296 321 U.C.
1312 298 1384 322 554.

78 358 230 394 habita:
264 364 301 394 et
320 356 491 393 consules
512 355 623 391 rebus
644 354 778 390 divinis
806 364 959 402 operam
984 351 1166 387 dederunt
1183 366 1188 371 ·
1206 335 1243 364 Α·
1260 334 1297 365 C·
1314 342 1387 367 ¹9³¹

77 421 310 471 placatisque
328 420 428 463 Diis,
449 419 611 470 profecti
631 419 669 454 in
690 417 903 468 provincias
925 422 1024 452 sunt.
1066 415 1190 451 AElius
1206 415 1311 465 (Elius
1327 416 1391 466 cos.

77 499 161 521 cum
183 485 376 522 C.Hclvi0
395 491 558 534 praetore
577 484 616 519 in
634 483 818 518 Galliam:
842 481 1124 529 exercitumque
1145 478 1191 515 ab
1205 460 1346 533 {itairpl-Ga
1362 474 1374 479 “

75 549 122 586 L.
137 549 304 585 Lentulo
324 555 536 598 acceptum,
557 561 668 596 quem
688 547 878 583 dimittere
899 544 1074 587 debebat,
1096 557 1192 594 prce-

76 614 150 649 tori
169 613 322 650 tradidit
340 630 357 659 3:
384 614 464 663 ipse
483 614 591 649 novis
615 611 844 662 legionibus,
867 623 957 659 quas
979 622 1106 645 secum
1126 609 1191 644 ad-

73 677 244 720 duxerat,
282 677 424 714 bellum
458 683 659 726 gesturus:
700 688 822 725 neque
851 673 1107 711 memorabilis
1137 673 1191 709 rei

73 741 277 790 quidquam
299 741 427 790 gessit.
484 741 537 776 Et
557 740 602 776 T.
619 740 822 779 Quinctius
843 738 939 775 alter
959 737 1091 774 consul
1110 750 1191 773 ma-
1205 734 1379 806 ngssffius

71 805 206 849 turius,
227 818 340 854 quam
368 806 512 855 priores
533 805 637 840 soliti
667 811 774 840 erant
804 802 991 845 consules,
1014 815 1036 838 a
1064 800 1189 837 Brun·
1204 787 1364 851 {amalfi

70 868 166 904 disio
186 881 300 917 quum
320 868 604 911 transmisisset,
627 868 833 917 Corcyram
852 867 975 903 tenuit
995 879 1080 901 cum
1101 872 1191 901 octo

69 932 234 968 millibus
265 934 449 982 peditum,
474 933 663 982 equitibus
695 933 939 981 octingentis.
1001 930 1062 967 Ab
1094 931 1190 966 Cor-

69 1008 158 1044 cyra
182 996 222 1031 in
251 998 425 1045 proxima
444 997 552 1046 Epiri
583 990 844 1045 quinqueremi
874 995 1051 1045 trajecit:
1085 1001 1122 1030 et
1152 992 1191 1030 in*

70 1065 194 1095 castra
222 1059 401 1096 Romana
434 1061 581 1108 magnis
610 1060 810 1096 itineribus
845 1060 1067 1103 contendit3
1105 1060 1190 1095 inde

70 1123 187 1159 Villio
217 1124 386 1167 dimisso,
407 1137 549 1174 paucos
579 1132 748 1160 moratus
779 1124 871 1167 dies,
894 1124 982 1159 duni
1010 1136 1048 1158 sc
1070 1124 1190 1173 copiae

69 1188 116 1225 ab
138 1189 305 1238 Corcyra
327 1189 636 1238 adsequerentur,
660 1188 861 1225 consilium
890 1188 1038 1231 habuit,
1063 1194 1189 1224 utrum

67 1258 172 1288 recto
192 1253 328 1288 itinere
347 1266 414 1302 per
433 1259 557 1289 castra
584 1253 754 1288 hostium
774 1253 848 1287 vim
878 1252 1003 1287 facere
1030 1265 1188 1288 conare-

67 1323 129 1352 tur
147 1332 154 1352 :
187 1330 250 1360 an,
271 1330 319 1353 ne
337 1324 485 1353 tentata
505 1317 655 1367 quidem
676 1330 715 1353 re
736 1317 833 1352 tanti
852 1315 992 1352 laboris
1014 1330 1057 1352 ac
1086 1318 1187 1366 peri-

66 1381 156 1424 culi,
177 1393 243 1430 per
261 1381 502 1418 Dassaretios
524 1382 650 1431 potius
678 1381 900 1430 Lycumque
920 1388 1004 1417 tuto
1026 1382 1186 1418 circuitu

63 1445 333 1483 Blacedoniam
361 1446 531 1482 intraret.
587 1446 824 1495 Vicissetque
851 1459 894 1482 ea
921 1447 1123 1489 sententia,
1146 1446 1185 1482 ni

64 1511 265 1553 timuisset,
281 1523 342 1553 ne,
358 1523 474 1559 quum
493 1524 515 1546 a
534 1511 628 1546 mari
648 1510 799 1558 longius
821 1512 1049 1555 recessisset,
1068 1512 1184 1547 misso

62 1587 83 1610 e
112 1574 285 1610 manibus
314 1574 440 1616 hoste,
461 1574 492 1609 si
516 1574 633 1622 (quod
654 1581 766 1610 antea
785 1575 944 1621 fecerat)
968 1575 1183 1611 solitudini-

62 1637 132 1675 bus
153 1637 330 1686 silvisque
349 1650 388 1673 se
408 1638 525 1673 tutari
546 1650 612 1673 rex
631 1637 826 1682 voluisset,
849 1639 928 1674 sine
949 1639 1026 1674 ullo
1047 1639 1183 1675 effectu

63 1708 172 1738 aestas
194 1702 466 1738 extraheretur.
506 1702 723 1751 Utcumque
744 1711 841 1739 esset
862 1705 990 1752 igitur,
1013 1704 1077 1739 illo
1098 1706 1181 1754 ipso

62 1772 141 1802 tam
161 1765 291 1814 iniquo
310 1765 396 1801 loco
419 1765 573 1813 adgredi
599 1766 749 1802 hostem
769 1767 934 1816 placuit:
968 1768 1030 1803 sed
1060 1769 1180 1818 magis

61 1830 141 1869 fieri
170 1830 207 1865 id
236 1829 425 1880 placebat,
447 1843 573 1879 quam,
595 1832 784 1880 quomodo
812 1832 931 1876 fieret,
954 1834 1043 1869 satis
1066 1845 1179 1884 expe-

57 1893 197 1932 diebat.

111 1958 165 1994 X.
194 1957 287 1994 Dies
313 1959 565 2008 quadraginta
585 1961 665 1996 sine
687 1961 763 1997 ullo
785 1968 925 1998 conatu
945 1963 1116 1999 sedentes
1138 1962 1176 1998 in
1191 1970 1339 2002 Consulis
1353 1982 1384 2005 et

1189 2017 1327 2056 Philippi

117 2086 152 2093 ..
459 2087 470 2095 Ἴ
505 2089 511 2094 ,
1188 2061 1298 2090 conlo-

53 2085 234 2135 Ph1l1pp0
264 2093 333 2129 est,
355 2099 421 2136 per
439 2087 686 2137 Epirotarum
706 2096 859 2137 gentem
885 2091 1077 2126 tentandae
1106 2104 1173 2140 pa-
1188 2106 1316 2143 quium,

56 2150 130 2184 cis:
153 2149 360 2198 habitoque
378 2152 537 2187 consilio
554 2152 688 2188 delecti
710 2154 755 2189 ad
773 2167 853 2189 eam
876 2167 954 2190 rem
974 2155 1172 2204 agendam,

55 2212 263 2248 Pausanias
293 2220 448 2262 praetor,
470 2221 507 2250 et
535 2214 752 2252 Alexander
781 2219 960 2266 magister
989 2219 1174 2267 equitum,

55 2276 248 2313 consulem
270 2283 307 2313 et
327 2291 469 2327 regem,
491 2279 556 2315 ubi
576 2280 613 2315 iu
634 2282 840 2317 artissimas
862 2283 960 2332 ripas
981 2283 1087 2318 Aous
1108 2297 1174 2319 co-

56 2028 263 2072 conspectu
300 2023 466 2058 hostium
501 2024 774 2062 absumserant.
833 2026 927 2062 Inde
964 2039 1047 2076 spes
1087 2027 1174 2063 data

53 2339 157 2389 gitur
193 2342 328 2386 amnis,
359 2343 396 2378 in
428 2343 674 2392 conloquium
713 2346 960 2384 adduxerunt.
1018 2347 1173 2384 Summa

563 2409 640 2448 Q3
