1523 2666
256 157 340 202 '154
386 161 432 190 T.
458 160 592 190 LIVII
628 159 730 189 LIB.
754 158 946 189 XXVIII·
979 159 1087 189 CAP.
1110 159 1250 191 XLVI.

59 249 106 283 U.
120 251 157 283 C.
172 250 411 289 547.biennio
432 257 534 294 ante,
554 250 682 288 forent
700 249 833 294 laetati,
850 250 881 286 si
900 263 968 301 par
987 249 1087 286 aliud
1108 250 1194 286 inde
1209 249 1368 294 bellum,

61 295 102 328 Δ·
118 296 350 353 C”³³⁰5‘duce
370 322 519 351 tantum
545 322 707 358 mutato,
729 315 906 359 oriretur,
928 328 1057 351 curam
1083 316 1278 363 ingentem
1303 327 1368 351 ac-

255 380 464 417 cenderunt
482 379 672 416 Patribus.
729 378 863 428 Itaque
890 385 928 415 et
951 379 1008 416 M.
1026 379 1177 415 Livium
1203 390 1368 429 procon-

254 444 372 481 sulem
394 457 441 481 ex
460 445 615 480 Etruria
633 443 814 479 volonum
834 444 1040 479 exercitum
1061 442 1260 479 admovere
1279 442 1368 478 Ari-

253 510 399 546 minum
419 508 631 560 jusse1·unt‚
656 515 695 544 et
721 508 791 544 Cn.
813 507 970 543 Servilio
996 508 1150 558 praetori
1169 506 1368 554 negotium

254 574 400 617 datum,
417 580 473 616 ut,
495 574 527 608 si
553 585 573 608 e
598 570 792 621 republica
819 577 989 607 censeret
1014 584 1108 614 esse,
1129 570 1292 606 urbanas
1312 569 1368 606 le-

255 638 404 686 giones,
429 637 488 673 cui
515 637 674 686 imperio
693 635 881 672 videretur
901 635 1004 678 dato,
1026 648 1073 672 ex
1091 635 1183 671 urbe
1203 635 1286 670 duci
1300 633 1368 683 ju-

253 701 373 739 beret.
428 701 485 738 M.
506 701 677 737 Valerius
698 700 875 736 Laevinus
901 701 1094 736 Arretium
1114 711 1176 735 eas
1195 698 1367 746 legiones

252 765 374 802 duxit.
430 765 583 801 Eisdem
603 763 732 800 diebus
753 776 866 799 naves
885 764 1075 799 onerarias
1093 763 1299 798 Poenorum
1320 760 1369 796 ad

252 831 454 877 octoginta
470 829 570 864 circa
590 828 801 863 Sardiniam
829 827 876 863 ab
898 827 968 863 Cn.
989 826 1167 868 Octavio,
1189 825 1251 874 qui
1278 837 1367 875 pro-

253 895 386 930 vinciae
407 900 580 943 pratel-at,
605 898 748 942 captas,
777 891 920 927 Coelius
949 891 1141 927 frumento
1172 891 1287 926 misso
1318 889 1366 925 ad

252 957 513 994 Hannibalem
542 963 830 1004 commeatuque
864 962 1034 998 onustas,
1062 954 1234 991 Valerius
1268 966 1365 1003 prae-

251 1023 338 1059 dam
374 1022 575 1058 Etruscam
604 1021 864 1070 Ligurumque
894 1027 1164 1056 montanorum
1193 1019 1362 1067 captivos

251 1086 531 1135 Karthaginem
551 1091 829 1135 perportantes,
850 1084 978 1120 tradit.
1019 1083 1064 1118 In
1089 1083 1246 1118 Bruttiis
1267 1081 1364 1117 nihil

251 1150 369 1187 ferme
390 1163 490 1186 anno
511 1162 556 1184 eo
577 1147 821 1184 memorabile
844 1155 1004 1196 gestum.
1061 1147 1284 1183 Pestilentia
1304 1147 1364 1182 in-

252 1221 415 1252 cesserat
430 1215 510 1264 pari
528 1213 630 1250 clade
646 1214 684 1248 in
700 1212 897 1248 Romanos
915 1213 1149 1261 Poenosque:
1171 1212 1244 1247 nisi
1260 1211 1362 1260 qnod

252 1280 439 1315 Punicum
460 1279 665 1314 exercitum
686 1290 797 1327 super
822 1277 997 1312 morbum
1021 1278 1134 1312 etiam
1159 1275 1277 1311 fames
1298 1276 1363 1311 ad—

250 1344 354 1380 sseeit.
411 1343 573 1392 Propter
595 1343 760 1378 Junonis
785 1341 954 1378 Laciniae
983 1340 1165 1391 templum
1193 1346 1363 1376 aestatem

252 1407 451 1445 Hannibal
471 1409 571 1456 egit3
604 1407 734 1455 ibique
763 1419 866 1442 aram
894 1406 1064 1441 condidit
1085 1405 1361 1454 dedicavitque,

254 1485 337 1508 eum
364 1472 510 1520 ingenti
540 1484 663 1506 rerum
687 1470 734 1506 ab
764 1482 802 1505 se
831 1477 1022 1518 gestarum
1051 1469 1179 1514 titulo,
1207 1469 1364 1506 Punicis

255 1536 470 1585 Graecisque
489 1535 606 1572 literis
627 1534 832 1585 insculpto,
