1523 2666
292 141 378 182 400
757 143 801 172 Τ.
828 142 959 174 mvn

93 228 138 259 U·
152 228 188 258 C·
206 236 277 262 5⁵5·
293 230 497 274 devocatis,
521 237 558 267 et
578 229 624 267 ab
646 230 726 282 ipsa
747 232 987 269 Stratonicea
1005 233 1275 272 Thessalorum
1302 238 1408 274 auxi-

92 272 133 304 Δ·
150 272 186 303 C’
207 279 262 308 197
291 293 459 332 liar-ibus,
482 294 694 338 Alabanda,
717 296 779 331 ubi
808 297 935 332 hostes
966 305 1088 341 erant,
1110 299 1245 336 ducere
1274 302 1410 350 pergit.

289 358 373 395 Nec
401 358 542 395 Rhodii
570 372 735 409 pugnam
767 360 1094 398 detractaverunt:
1129 372 1256 413 atque,
1277 365 1408 402 castris

287 422 327 458 in
348 424 600 472 propinquum
626 424 801 466 conlatis,
824 427 1015 475 extemplo
1038 428 1074 462 in
1105 429 1223 463 aciem
1254 428 1410 464 descen-

288 499 370 523 sum
391 495 459 524 est.
518 488 747 524 Dinocrates
770 490 1000 537 quingentos
1021 491 1254 528 Maccdonas
1275 493 1411 529 dextro

288 564 421 594 cornu,
444 552 537 587 laevo
552 553 740 600 Agrianas
763 552 885 589 locat:
914 556 952 590 in
972 557 1136 592 medium
1159 558 1297 606 accipit
1316 570 1409 593 con-

287 624 430 653 tractos
462 630 507 652 ex
537 617 777 652 castellorum
807 619 941 665 (Cares
969 622 1132 657 maxime
1158 623 1283 668 erant)
1312 635 1408 672 prae-

288 681 415 716 sidiis:
458 682 602 728 equites
633 681 812 717 cornibus
844 683 1066 727 circumdat,
1099 693 1137 721 et
1170 686 1409 722 Cretensium

287 744 486 780 auxiliares
507 745 786 794 Thracumque.
826 746 969 782 Rhodii
989 749 1152 785 Achaeos
1173 750 1307 786 dextro
1324 763 1408 787 cor-

286 823 352 854 nu,
368 812 521 847 sinistro
542 813 793 847 mercenarios
817 813 968 856 milites,
986 814 1123 851 lectam
1144 816 1310 865 peditum
1328 829 1408 853 ma-

287 877 603 923 nun1,bab11ere3
636 878 780 912 medios
809 879 927 914 mixta
957 893 1001 915 ex
1031 880 1200 930 pluribus
1231 881 1407 929 gentibus

287 941 453 976 auxilia:
487 942 631 988 equites
659 941 825 990 levisque
847 951 1046 978 armaturae
1077 944 1176 992 quod
1207 950 1301 987 erat,
1323 957 1408 980 cor-

284 1003 396 1040 nibus
417 1004 713 1053 circumjectum.
771 1005 831 1041 Eo
851 1006 910 1041 die
931 1014 1116 1042 steterunt
1138 1013 1285 1043 tantum
1307 1009 1405 1045 acies

285 1075 453 1117 utraeqne
487 1082 598 1118 super
631 1070 765 1119 ripam,
795 1071 858 1118 qui
888 1071 993 1106 tenui
1024 1084 1120 1120 aqua
1150 1072 1406 1115 interfluebat,

286 1134 465 1168 torrentis
486 1149 492 1168 ;
526 1134 730 1183 paucisque
749 1134 833 1169 telis
855 1135 1014 1178 emissis,
1036 1136 1074 1172 in
1102 1144 1225 1173 castra
1253 1149 1406 1187 recepe-

283 1204 373 1234 runt
393 1210 485 1233 sese.
524 1198 684 1234 Postero
705 1200 762 1234 die
783 1200 916 1235 eodem
937 1200 1069 1236 ordine
1089 1201 1264 1237 instructi
1282 1201 1406 1252 majus

284 1263 480 1312 aliquanto
501 1263 690 1313 proelium,
711 1278 823 1313 quani
845 1278 913 1313 pro
934 1278 1106 1309 numero,
1124 1267 1286 1310 edidere,
1308 1280 1404 1317 pug-

282 1329 457 1364 nantium
476 1344 482 1364 :
514 1341 586 1364 nec
606 1329 706 1364 enirn
728 1329 809 1378 plus
831 1336 939 1366 terna
959 1330 1076 1366 millia
1096 1331 1264 1381 peditum
1284 1331 1403 1375 fuere,
1439 1360 1442 1362 -

283 1400 321 1429 et
339 1394 489 1437 centeni
510 1393 627 1429 ferme
648 1394 791 1442 equites
811 1409 817 1430 :
851 1402 1018 1431 ceterum
1036 1409 1114 1433 non
1134 1409 1293 1432 numero
1319 1403 1406 1434 tan-

281 1463 376 1500 tum,
399 1471 468 1494 nec
489 1471 679 1494 armorum
701 1471 852 1507 genere,
875 1461 939 1496 sed
959 1462 1093 1497 animis
1124 1474 1274 1510 quoque
1302 1462 1404 1512 pari-

279 1522 364 1565 bus,
387 1530 422 1558 et
445 1535 549 1571 aequa
571 1536 636 1573 spe
656 1531 886 1574 pugnarunt.
934 1526 1064 1561 Achaei
1086 1526 1211 1575 primi,
1233 1532 1402 1562 torrente

279 1594 473 1636 superato,
494 1588 531 1622 in
562 1588 747 1636 Agrianas
779 1590 949 1638 inpetum
978 1588 1125 1635 fecere5
1158 1589 1291 1626 deinde
1319 1595 1404 1627 tota

278 1663 396 1701 prope
417 1665 527 1687 cursu
548 1659 782 1701 transgressa
810 1667 959 1690 amnem
979 1655 1077 1689 acies
1100 1660 1169 1691 est.
1224 1654 1305 1691 Diu
1334 1667 1401 1691 an-

279 1728 365 1765 ceps
386 1729 514 1765 pugna
534 1718 640 1753 stetit
659 1733 665 1753 ε
700 1731 857 1754 numero
877 1718 1008 1754 Achaei
1032 1718 1131 1754 mille
1152 1725 1189 1755 et
1209 1720 1281 1769 ipsi
1307 1733 1400 1768 qua-

279 1781 499 1830 dringentos
539 1782 624 1818 loco
655 1783 845 1820 expulere.
905 1783 1070 1820 Inclinat
1105 1784 1189 1820 dein
1223 1784 1398 1821 dextrum

278 1858 390 1881 omne
410 1859 541 1883 cornir
578 1847 825 1890 Macedones,
847 1860 963 1896 usque
983 1849 1071 1884 dum
1092 1849 1224 1885 ordine
1245 1856 1282 1885 et
1297 1849 1399 1886 velut

277 1910 417 1959 stipata
450 1910 618 1960 phalanx
656 1912 904 1954 consistebat,
941 1914 1081 1948 moveri
1119 1914 1395 1962 nequiverunt:

276 1980 493 2023 postquam,
523 1975 616 2011 lzevo
647 1976 763 2011 latere
795 1977 951 2019 nudato,
974 1976 1240 2027 circumjacere
1269 1979 1396 2015 hastas

276 2040 314 2074 in
336 2040 549 2075 venientem
572 2054 615 2076 ex
637 2047 852 2076 transverso
872 2042 1021 2077 hostem
1044 2043 1172 2077 conati
1193 2049 1295 2084 sunt,
1318 2050 1397 2080 tur-

275 2102 355 2138 bati
391 2104 582 2154 extempio
615 2105 819 2141 tumultum
851 2107 972 2155 primo
1001 2107 1099 2142 inter
1128 2119 1167 2142 se
1196 2107 1394 2145 fecerunt:

272 2173 382 2216 terga
412 2169 544 2205 deinde
574 2176 751 2206 vertunt:
785 2179 993 2219 postremo,
1019 2171 1176 2222 abjectis
1207 2172 1334 2215 armis,
1356 2173 1396 2208 in

273 2234 505 2283 praecipitem
535 2234 663 2283 fugam
701 2235 821 2277 effusi,
854 2235 1049 2284 Bargylias
1082 2242 1252 2286 petentes
1287 2236 1397 2285 fuge-

272 2303 373 2334 runt.
411 2298 559 2336 Eodem
580 2306 617 2337 et
631 2299 860 2337 Dinocrates
881 2301 1060 2352 perfugit.
1098 2301 1258 2346 Rhodii,
1275 2312 1393 2353 quan-
