1523 2666
154 257 195 286 U.
208 256 243 286 C.
259 263 331 288 558.

160 301 181 330 *X
205 300 266 330 C.1

276 307 325 332 94.

156 1234 246 1263 Cives

156 1276 251 1306 Rom.
265 1284 327 1305 ser-

155 1319 255 1349 xitute
271 1329 325 1350 ex-

151 1368 243 1393 emti.

349 153 433 204 486
807 165 852 193 T.
875 165 1008 194 mvn

352 267 457 303 quam
474 257 563 291 satis
586 256 760 297 validum,
778 267 841 291 nec
863 260 1054 303 tyrannum
1069 254 1169 304 fore.
1225 257 1456 293 Discordiam

349 324 385 355 et
419 320 624 355 seditionem
662 321 782 355 omnia
814 325 1015 368 opportuna
1048 321 1298 357 insidiantibus
1311 321 1454 369 facere,

348 395 453 431 quum
472 395 571 431 pars,
593 396 669 431 quae
688 384 877 419 domestico
897 386 1089 420 certamine
1108 384 1258 433 inferior
1268 386 1327 426 sit,
1340 389 1456 431 extcrf

347 459 392 483 no
417 449 539 495 patius
556 460 592 483 se
616 448 787 495 adplicet,
808 460 914 494 qnam
934 450 1000 484 civi
1021 449 1136 485 cedat.
1192 450 1330 485 Alienis
1348 450 1458 484 armis

343 516 504 559 partam,
526 515 670 546 externa
675 511 756 559 fide
774 512 953 547 redditam
973 512 1171 549 libertatem
1189 526 1254 549 sua
1272 524 1360 549 cura
1378 524 1456 549 cus-

347 576 504 610 todirent
522 579 791 622 servarentque:
821 579 862 609 ut
877 576 1033 622 populus
1051 576 1237 612 Romanus
1255 578 1372 625 dignis
1390 577 1457 613 da·

349 645 422 675 tam
443 640 653 682 libertatem,
674 652 717 674 ac
735 650 863 674 munus
879 651 983 674 suum
1001 640 1084 676 bene
1099 642 1257 688 positum
1274 642 1391 678 sciret.

400 703 447 740 L.
477 703 559 739 Has
580 703 683 739 velut
708 703 874 753 parentis
895 715 1005 739 voces
1029 716 1144 752 quum
1170 704 1356 748 audirent,
1376 718 1457 742 ma·

347 780 439 804 nare
465 768 640 804 omnibus
668 768 807 816 gaudio
835 767 1013 812 lacrimae,
1035 768 1130 805 adeo
1154 776 1195 805 ut
1218 769 1342 820 ipsum
1361 782 1458 818 quo-

348 845 420 881 que
457 833 734 869 confunderent
770 833 970 869 dicentem.
1040 832 1251 883 Paullisper
1284 833 1458 870 fremitus

348 896 641 947 adprobantium
677 898 778 934 dicta
821 897 908 941 fuit,
946 898 1258 948 monentiumque
1294 897 1457 936 aliorum

348 961 456 1004 alios,
478 968 520 997 ut
548 974 611 998 eas
630 974 756 1005 voces,
777 961 879 998 velut
898 961 1053 998 oraculo
1073 962 1218 1006 missas,
1240 963 1279 998 in
1299 968 1456 1012 pectora

347 1025 569 1075 animosque
588 1025 843 1063 demitterent.
875 1025 1035 1062 Silentio
1055 1025 1189 1062 deinde
1207 1026 1325 1069 facto,
1345 1026 1458 1076 petiit

346 1091 394 1127 ab
414 1093 473 1135 iis,
496 1099 536 1128 ut
562 1093 659 1129 cives
687 1093 898 1135 Romanos,
919 1092 950 1128 si
977 1092 1042 1141 qui
1070 1091 1170 1141 apud
1190 1102 1254 1127 eos
1280 1091 1320 1125 in
1339 1090 1456 1126 servi-

346 1162 427 1192 tute
447 1164 585 1200 essent,
606 1158 839 1206 conquisitos
861 1157 961 1192 intra
979 1156 1073 1192 duos
1093 1167 1238 1191 menses
1260 1155 1456 1192 mitterent

348 1220 394 1256 ad
414 1232 453 1256 se
472 1221 511 1256 in
527 1221 776 1258 Thessaliam.
832 1221 889 1256 Ne
907 1221 991 1268 ipsis
1009 1220 1152 1268 quidem
1168 1219 1351 1254 honestum
1369 1230 1457 1262 esse,

350 1287 386 1322 in
409 1286 558 1321 liberata
584 1290 680 1321 terra
709 1285 914 1320 liberatores
930 1282 1004 1329 ejus
1028 1285 1170 1319 servire.
1227 1281 1370 1318 Omnes
1389 1281 1456 1319 ad-

349 1349 571 1392 clamarunt,
591 1351 730 1397 gratias
747 1362 783 1386 se
801 1351 894 1385 inter
912 1353 1030 1385 cetera
1048 1349 1157 1384 etiam
1182 1347 1224 1384 ob
1246 1347 1311 1383 hoc
1334 1359 1455 1395 agere,

346 1417 442 1464 quod
461 1416 637 1451 admoniti
655 1420 778 1458 essent,
796 1420 836 1451 ut
853 1420 927 1451 tam
943 1416 1018 1463 pio,
1038 1419 1113 1450 tarn
1130 1413 1457 1461 necessariaqffi'cio

335 1479 592 1529 fatiger-entur.
626 1479 766 1528 lngehs
787 1480 964 1515 numerus
985 1484 1065 1515 erat
1079 1477 1180 1515 bello
1199 1477 1346 1513 Punico
1365 1490 1455 1528 cap-

346 1551 486 1586 torum,
509 1557 602 1593 quos
625 1544 833 1587 Hannibal,
853 1557 968 1593 quum
988 1557 1010 1580 a
1029 1544 1104 1579 suis
1124 1555 1201 1578 non
1224 1542 1453 1580 redimeren-

345 1613 421 1651 tur,
448 1608 752 1645 venumdederat.
807 1607 1064 1643 Multitudinis
1093 1619 1222 1643 eorum
1251 1619 1454 1658 argumen-

344 1678 426 1708 tum
447 1674 508 1715 sit,
530 1673 632 1722 quod
651 1672 831 1722 Polybius
852 1672 996 1715 scribit,
1017 1677 1170 1708 centum
1193 1670 1346 1707 talentis
1368 1683 1456 1708 eam

343 1749 422 1773 rem
441 1738 593 1774 Achaeis
613 1739 785 1774 stetisse:
808 1750 922 1787 quum
942 1738 1153 1786 quingenos
1173 1736 1346 1772 denarios
1365 1748 1452 1786 pre-

343 1802 438 1836 tium
459 1802 496 1837 in
517 1802 656 1851 capita,
674 1802 774 1850 quod
789 1802 1006 1837 redderetur
1021 1801 1198 1842 dominis,
1216 1799 1452 1837 statuissent.

150 2075 301 2107 Liberatae

146 2121 283 2149 Acroco-

147 2163 284 2201 sinthus,

342 1864 452 1900 Mille
472 1867 571 1901 enim
591 1866 772 1902 ducentos
793 1878 837 1901 ea
856 1866 1003 1901 ratione
1022 1865 1168 1900 Achaia
1185 1863 1332 1900 habuit.
1368 1865 1451 1900 Ad-

335 1928 415 1978 jice
444 1942 544 1966 nunc
577 1942 645 1979 pro
678 1930 868 1978 portione,
898 1935 991 1977 quot
1023 1927 1222 1964 verisimile
1253 1928 1301 1962 sit
1328 1933 1450 1964 totam

342 1994 529 2030 Graeciam
562 1994 749 2030 habuisse.
809 1994 992 2030 Nondum
1030 2000 1236 2029 conventus
1274 1993 1451 2030 dimissus

342 2065 436 2101 erat,
458 2072 573 2107 quum
605 2060 811 2109 respiciunt
839 2059 1068 2109 praesidium,
1095 2058 1142 2094 ab
1169 2058 1451 2094 Acrocorintho

342 2122 585 2166 descendens,
615 2123 787 2173 protinus
817 2124 864 2159 ad
896 2128 1044 2173 portam
1080 2121 1165 2158 duci
1195 2129 1307 2170 atque
1333 2120 1449 2157 abire.

341 2187 515 2225 Quolum
548 2200 683 2235 agmen
709 2187 916 2236 imperator
941 2192 1104 2228 secutus,
1134 2184 1450 2235 prosequentibus.

341 2252 501 2293 cunctis,
531 2256 762 2287 servatorem
789 2250 1107 2298 liberatoremque
1136 2247 1450 2290 adclamantibus,

341 2314 512 2351 salutatis
550 2315 789 2365 dimissisque
818 2315 884 2357 eis,
913 2314 1057 2358 eadem,
1086 2326 1159 2363 qua
1191 2318 1358 2355 venerat,
1387 2313 1450 2351 vie.
