1523 2666
138 277 229 308 ΠΟ.
249 284 322 309 5⁵2.

137 321 179 353 A.
193 321 231 352 C.
248 328 323 353 200.

335 185 420 228 330
782 188 827 216 T.
861 188 997 217 mvn

337 288 409 324 que
428 274 521 318 dies,
540 275 610 311 nisi
631 275 693 324 qui
717 273 885 325 jurasset
914 277 953 312 in
981 276 1097 326 leges,
1118 290 1195 315 non
1222 279 1361 317 licebat
1386 294 1450 332 ge-

336 353 429 377 rere.
487 340 646 376 Petente
675 339 828 383 Flacco,
850 348 892 377 ut
920 341 1067 390 legibus
1098 342 1320 388 solveretur,
1342 345 1452 383 sena-

335 411 396 441 tus
427 405 605 447 decrevit,
629 412 681 448 ut,
705 406 734 441 si
766 406 898 449 aedilis,
920 408 983 455 qui
1013 420 1082 456 pro
1104 420 1143 443 se
1164 407 1328 457 juraret,
1350 409 1451 446 arbi-

335 476 437 506 tratu
475 469 674 504 consulum
711 470 830 512 daret,
865 470 1054 513 consules,
1091 472 1122 506 si
1156 472 1208 506 eis
1247 473 1451 518 videretur,

336 547 421 570 cum
440 533 602 569 tribunis
634 534 752 582 plebis
774 541 943 582 agerent,
964 536 1021 570 uti
1049 535 1095 571 ad
1125 535 1274 585 plebem
1295 537 1452 575 ferrent.

334 599 474 641 Datus,
497 599 560 646 qui
582 597 730 647 juraret
760 611 829 647 pro
855 598 985 642 fratre,
1016 599 1063 635 L.
1084 600 1256 636 Valerius
1276 600 1470 646 Flaccus,.

335 670 475 714 praetor
495 663 733 710 designatus:
767 662 909 698 tribuni
931 663 977 699 ad
996 664 1145 713 plebem
1164 665 1348 709 tulerunt,
1370 665 1451 716 ple-

334 727 477 776 besque
497 727 619 769 scivit,
642 733 683 761 nt
712 727 867 776 perinde
889 734 1001 770 esset,
1023 740 1066 763 ac
1092 728 1123 763 si
1148 728 1229 777 ipse
1250 729 1365 764 aedilis
1388 728 1455 778 ju-

333 799 465 828 rasset.
522 792 573 827 Et
595 792 638 827 de
659 791 778 827 altero
800 791 906 828 aedile
927 793 1063 828 scitum
1082 792 1203 842 plebis
1222 799 1279 828 est
1293 792 1454 839 factum,

334 857 558 905 rogantibus
589 857 766 900 tribunis,
795 870 888 906 quos
920 857 1013 893 duos
1043 858 1080 893 in
1112 857 1341 908 Hispaniam
1368 871 1457 896 cum

333 922 494 971 imperio
525 922 570 957 ad
600 923 787 958 exercitus
818 923 871 957 ire
893 921 1090 971 juberent,
1113 928 1154 957 ut
1185 921 1228 957 C.
1251 921 1452 959 Cornelius

338 986 455 1022 aedilis
475 986 613 1021 eurulis
642 987 688 1021 ad
718 987 980 1035 magistratum
1009 986 1213 1034 gerendum
1234 986 1394 1029 veniret,
1417 993 1456 1024 et

336 1050 384 1090 L.
403 1050 572 1087 Manlius
593 1051 776 1087 Acidinus
797 1051 994 1087 decederet
1013 1051 1059 1086 de
1088 1050 1285 1100 provincia
1313 1049 1454 1087 multos

336 1122 426 1166 post
442 1127 562 1150 annos
579 1129 585 1150 :
609 1114 736 1165 plebes
760 1115 829 1151 Cn.
848 1114 1027 1151 Cornelio
1043 1113 1212 1150 Lentulo
1229 1120 1267 1150 et
1286 1113 1333 1150 L.
1351 1113 1455 1150 Ster-

336 1180 435 1215 tinio
455 1192 524 1232 pro
545 1179 764 1219 consulibus
783 1181 986 1233 imperium
1004 1192 1086 1219 esse
1104 1180 1145 1218 in
1164 1178 1356 1232 Hispania
1366 1177 1456 1231 jus-

337 1243 399 1281 eit.
