1523 2666
64 233 106 264 U.
120 233 157 265 C.
172 242 243 269 559.

64 278 102 307 Δ.
117 277 155 309 C.
173 286 243 312 193.

48 1654 166 1685 Conlo-

48 1700 162 1734 quium

49 1741 204 1780 Scipionis

46 1793 124 1815 cum
140 1785 230 1819 Han-

48 1829 162 1859 nibale.

253 129 338 181 516
709 146 755 174 T.
778 147 910 176 L1v11

255 242 329 279 pax
347 230 448 267 victo
467 230 631 276 daretur,
648 232 767 270 multa
785 234 839 271 illi
858 236 1027 272 detracta
1045 235 1116 272 sibi
1137 249 1331 274 accessura
1341 253 1355 283 3.
1382 285 1387 290 „

256 301 298 330 ut
324 295 435 332 facile
464 296 597 334 deinde
621 310 661 334 se
690 298 736 335 ab
758 312 802 335 eo
823 301 903 336 sine
923 299 999 336 ullo
1019 299 1196 338 Romano
1216 301 1367 338 auxilior

254 360 351 396 tueri
370 367 509 411 posset.
566 362 707 406 Etiam,
729 364 760 399 si
780 365 868 413 quid
887 365 1030 401 adversi
1050 378 1223 402 casurum
1241 365 1356 408 foret,

255 424 370 460 satius
401 437 480 461 esse
508 424 692 463 Romanis
723 428 833 464 sociis
862 442 1134 478 quamcumque
1163 429 1358 466 fortunam

254 488 393 533 subire,
427 503 537 538 quam
568 490 689 527 solum
719 497 784 527 aut
817 493 1013 542 imperium
1049 494 1129 543 pati
1158 492 1354 535 Antiochi,

254 559 319 589 aut
339 553 566 591 abnuentem
585 555 621 590 vi
640 561 753 604 atque
773 557 884 592 armis
905 557 1002 605 cogi.
1038 557 1100 593 Ob
1118 558 1213 601 haec,
1235 570 1355 607 quan-

253 625 332 654 tum
354 620 593 662 auctoritate,
615 626 798 668 quantum
818 621 978 657 consilio
995 621 1155 666 valebat,
1172 621 1359 659 incitabat

252 681 448 719 Romanos
471 684 517 719 ad
539 683 691 720 bellum.

305 747 415 784 XIV.
446 747 632 798 Sulpicius
654 760 752 796 aeger
771 748 946 798 Pergami
967 749 1148 786 substitit.
1203 745 1354 793 Villius,

251 825 365 862 quum
386 812 536 849 Pisidiae
555 812 656 849 bello
676 820 901 863 occupatum
922 827 1002 850 esse
1022 827 1148 864 regem
1173 814 1352 857 audisset,

250 875 445 926 Ephesum
470 876 677 927 profectus,
699 877 784 914 dum
814 890 954 927 paucos
984 877 1036 914 ibi
1066 885 1234 914 moratur
1262 879 1353 921 dies,

250 940 351 976 dedit
371 953 538 991 operam,
559 947 601 977 ut
621 954 704 978 cum
726 941 958 985 Hannibale,
979 943 1041 991 qui
1062 949 1143 978 tum
1171 942 1224 979 ibi
1252 942 1352 978 forte

249 1012 342 1049 erat,
364 1018 462 1056 saepe
490 1006 809 1054 congrederetur3
844 1013 885 1042 ut
914 1008 1078 1043 animum
1109 1006 1188 1057 ejus
1213 1003 1250 1043 et
1269 1013 1352 1043 ten-

248 1076 359 1113 taret,
381 1071 410 1106 si
437 1084 510 1119 qua
538 1077 679 1120 posset,
702 1078 739 1106 et
769 1078 908 1107 metum
939 1071 1104 1108 demeret
1133 1071 1287 1121 periculi
1318 1072 1350 1107 ei

248 1135 449 1183 quidquam
478 1134 524 1171 ab
555 1133 739 1170 Romanis
761 1147 852 1171 esse.
910 1135 981 1172 His
1012 1135 1222 1184 conloquiis
1252 1134 1352 1172 aliud

246 1199 394 1248 quidem
416 1206 541 1235 actum
561 1198 654 1234 nihil
674 1205 730 1234 est
747 1213 754 1234 t
788 1206 955 1235 secutum
977 1205 1102 1235 tamen
1122 1212 1190 1235 sua
1214 1206 1352 1249 sponte

246 1270 316 1307 est,
338 1262 440 1299 velut.
460 1262 620 1299 consilio
639 1263 797 1312 petitum
819 1270 930 1307 esset,
953 1271 991 1299 ut
1011 1263 1120 1299 vilior
1140 1263 1188 1299 ob
1210 1276 1253 1299 ea
1271 1264 1351 1312 regi

246 1326 443 1364 Hannibal
473 1334 509 1363 et
529 1328 737 1377 suspectior
756 1328 802 1363 ad
823 1328 951 1364 omnia
982 1328 1096 1364 ficret.
1155 1327 1349 1370 Claudius,
1374 1369 1377 1371 ,

245 1399 393 1429 secutus
424 1392 577 1428 Graecos
608 1391 801 1428 Acilianos
832 1391 962 1435 libros,
995 1393 1035 1428 Ρ.
1059 1393 1279 1429 Africanum
1309 1393 1347 1428 in

240 1468 287 1492 ea
305 1455 420 1492 fuisse
439 1455 631 1504 legatione
650 1455 788 1492 tradit:
821 1469 980 1505 eumque
1006 1457 1146 1507 Ephesi
1167 1456 1345 1492 conlocu-

243 1528 323 1557 tum
353 1533 438 1557 cum
471 1520 700 1557 Hannibale.
758 1521 809 1556 Et
841 1534 1050 1558 sermonem
1083 1522 1196 1556 etiam
1230 1533 1343 1556 unum

241 1585 370 1629 1efert,
392 1599 465 1635 quo
487 1586 667 1635 quaerenti
688 1585 885 1628 Afzeicano,
907 1599 1007 1634 quem
1018 1585 1135 1634 fuisse
1153 1588 1348 1622 maximum

241 1653 494 1698 imperatorem
521 1650 707 1685 Hannibal
735 1650 891 1686 crederet
912 1651 932 1685 ἴ)
960 1650 1210 1699 respondisse,
1237 1651 1346 1685 Alex-

242 1715 395 1751 andrum
414 1714 653 1750 ,Macedonum
674 1726 814 1761 regem;
844 1715 938 1762 quod
964 1726 1078 1761 parva
1106 1726 1214 1749 manu
1243 1715 1346 1750 innu-

242 1779 426 1815 merabiles
454 1780 627 1814 exercitus
644 1776 815 1826 fudisset,
837 1779 1000 1826 qzcoclqzce
1019 1789 1112 1820 oras,
1133 1789 1220 1825 quas
1238 1780 1346 1813 visere

239 1856 348 1892 supra
378 1855 475 1891 spem
505 1843 698 1880 humanam
730 1847 829 1883 esset,
856 1846 1092 1889 peragrasset.
1150 1841 1344 1880 Quaerenti

239 1908 387 1949 deinde,
409 1919 509 1956 quem
528 1907 716 1943 secundum
741 1908 920 1954 poneret?
966 1907 1158 1954 Pyrrhum,
1180 1906 1339 1942 dixisse:

241 1978 359 2009 eastra
387 1974 514 2008 metari
539 1973 698 2019 primum
727 1973 903 2007 docuisse:
932 1971 1064 2006 adhoc
1083 1971 1251 2006 neminem
1272 1971 1341 2006 ele-

237 2039 382 2086 gantius
410 2037 486 2072 loca
515 2037 655 2083 cepisse,
674 2037 840 2084 proesz'dz'a
861 2037 1082 2082 disposuisse,
1103 2040 1217 2070 artem
1237 2036 1346 2070 etiam

239 2102 455 2138 conciliandi
480 2101 542 2135 sihi
569 2101 722 2136 homines
747 2113 825 2136 eam¹
855 2101 1029 2142 habuisse„
1044 2105 1085 2135 ut
1104 2100 1243 2135 Italica>
1258 2111 1344 2147 gen-

240 2172 289 2202 tes
307 2167 399 2214 regis
417 2165 566 2206 externi,
589 2177 692 2213 qaam
710 2166 839 2213 populi
859 2165 1025 2206 Romani,
1048 2165 1184 2200 tamdiu
1207 2166 1343 2212 princi-

238 2235 292 2278 pis
312 2234 345 2266 in
367 2243 408 2266 ea
432 2235 541 2270 term,
563 2231 750 2278 imperium
778 2241 848 2265 esse
876 2229 1037 2265 mallent.
1094 2227 1341 2276 Exsequenti,

240 2307 337 2343 qvem
360 2296 503 2330 tertium
526 2294 666 2329 duceret
680 2295 700 2328 .·)
728 2293 826 2329 haud
850 2292 961 2329 dubie
986 2297 1093 2328 semet
1120 2293 1231 2340 ipsum
1263 2291 1350 2327 dix-21
