1523 2666
90 276 134 307 U.
147 275 181 306 C.
199 284 271 308 544.

88 321 128 351 A.
144 320 179 350 C.
198 327 270 352 208.

283 183 339 223 42
744 183 789 212 T.
815 185 949 213 L1V11

286 273 395 310 unius
417 270 496 323 ejus
517 284 633 323 opera
658 278 851 323 receptum
877 272 1086 310 Tarentum
1107 273 1233 322 foret3
1266 278 1401 314 mediis

285 337 329 374 ad
359 348 548 379 censores,
568 349 646 372 non
674 336 718 372 ad
748 343 936 380 senatum,
958 338 1158 374 notionem
1177 339 1223 375 de
1245 353 1290 376 eo
1318 354 1404 391 per-

283 403 405 439 tinere
426 400 651 437 dicentibus.
712 399 831 450 Cujus
859 402 1059 438 sententiae
1089 409 1126 438 et
1144 402 1285 439 Fabius
1305 404 1401 441 fuit:

284 466 424 517 adjecit
443 473 585 508 tamen,
596 464 720 514 fateri
737 478 787 508 se,
809 478 918 514 opera
938 467 1035 502 Livii
1061 467 1257 504 Tarentum
1283 481 1404 518 recep-

283 537 373 575 tum,
395 532 489 579 qnod
508 532 615 567 amici
634 530 708 576 ejus
722 531 829 577 vulgo
848 532 885 566 z'n
903 536 1029 566 senatu
1040 530 1263 577 jactassent;
1292 546 1406 582 neque

281 597 375 632 enim
396 596 640 643 recipiendum
655 594 788 643 sciisse,
809 596 877 630 nisi
896 597 1062 631 amissum
1079 595 1196 643 foret.
1255 598 1406 634 Consu-

280 659 360 696 lum
379 659 475 696 alter
491 659 537 695 T.
551 659 756 698 Quinctius
774 659 971 708 Crispinus
989 660 1035 696 ad
1054 662 1276 705 exercitum,
1291 675 1404 711 quem

281 724 378 764 Q.F
383 723 501 761 ulvius
527 723 685 761 Flaccus
716 723 917 767 habuerat,
948 737 1034 760 cum
1065 725 1331 775 supplemento
1364 728 1404 762 in

280 789 458 826 Lucanos
481 795 537 826 est
564 789 770 840 profectus,
826 788 1053 825 Marcellum
1075 789 1159 826 aliae
1181 796 1295 839 atque
1321 791 1405 828 aliae

279 853 440 904 objectae
456 854 584 890 auimo
599 853 803 902 religiones
820 852 1007 889 tenebant
1022 867 1029 889 ε
1062 853 1101 889 in
1118 853 1269 903 quibus,
1287 855 1403 905 quod,

278 931 396 968 quum
414 918 516 955 bello
545 918 696 955 Gallico
717 917 763 954 ad
794 917 1023 955 Clastidium
1044 918 1163 955 aedem
1182 918 1337 956 Honori
1365 929 1403 958 et

277 982 424 1020 Virtuti
451 983 633 1026 vovisset,
655 982 845 1019 dedicatio
873 981 953 1033 ejus
980 996 1003 1019 a
1021 982 1267 1033 pontificibus
1294 984 1404 1034 inpe-

276 1047 452 1085 diebatur
467 1063 474 1085 :
507 1047 609 1098 quod
624 1047 831 1097 negabant,
849 1060 965 1085 unam
981 1047 1116 1084 cellam
1132 1047 1279 1084 duobus
1296 1054 1400 1086 recte

275 1112 465 1150 dedicari:
497 1112 600 1162 quia,
618 1112 649 1148 si
669 1112 715 1148 de
735 1111 834 1149 coelo
850 1118 967 1155 tacta,
986 1118 1051 1148 aut
1070 1112 1237 1162 prodigii
1257 1111 1403 1162 aliquid

274 1177 315 1213 in
335 1189 380 1214 ea
397 1177 542 1214 factum
562 1183 676 1221 esset,
698 1176 859 1213 difficilis
886 1177 1108 1227 procuratio
1127 1176 1228 1214 foret
1240 1193 1252 1223 3
1285 1176 1402 1226 quod,

272 1242 351 1277 utri
375 1240 463 1277 Deo
493 1253 551 1277 res
572 1241 697 1278 divina
716 1240 838 1285 fieret,
870 1241 959 1277 sciri
985 1252 1064 1278 non
1094 1248 1246 1291 posset:
1279 1253 1404 1292 neque

270 1308 374 1345 enim
394 1307 556 1351 duobus,
577 1308 651 1344 nisi
678 1309 804 1351 certis,
825 1307 920 1344 Deis
941 1309 1013 1344 rite
1039 1320 1117 1344 una
1141 1308 1272 1345 hostia
1289 1308 1396 1347 fierit

268 1372 325 1409 ita
354 1372 483 1409 addita
502 1372 665 1408 Virtutis
694 1372 790 1408 aedes
823 1373 1084 1424 adproperato
1103 1385 1242 1422 opere3
1274 1384 1400 1423 neque

266 1443 398 1475 tamen
419 1437 466 1474 ab
487 1437 571 1487 ipso
591 1436 687 1473 aedes
709 1450 762 1473 eae
778 1437 961 1474 dedicatae
981 1443 1082 1475 sunt.
1130 1437 1230 1474 Tum
1246 1437 1398 1477 demum

268 1500 316 1537 ad
337 1500 560 1542 exercitum,
580 1512 692 1549 quem
711 1502 838 1549 priore
857 1512 959 1536 anno
975 1499 1154 1537 Venusiae
1173 1501 1394 1551 reliquerat,

268 1577 355 1602 cum
375 1563 640 1615 supplemento
666 1564 932 1614 proficiscitur.
988 1564 1136 1602 Locros
1158 1566 1196 1602 in
1224 1566 1389 1603 Bruttiis

269 1631 467 1680 Crispinus
488 1629 711 1679 obpugnare
735 1636 909 1673 conatus,
932 1630 1021 1679 quia
1046 1643 1227 1679 magnam
1246 1631 1391 1670 famam

268 1694 449 1732 adtulisse
469 1694 590 1730 Fabio
610 1694 820 1730 Tarentum
844 1693 1012 1738 rebatur,
1034 1707 1146 1731 omne
1167 1708 1286 1744 genus
1308 1702 1390 1733 tor-

267 1767 484 1797 mentorum
504 1759 842 1808 machinarumque
862 1772 908 1796 ex
925 1759 1054 1796 Sicilia
1073 1761 1319 1798 arcessierat:
1353 1766 1392 1798 et

267 1838 382 1863 naves
404 1825 569 1861 indidem
586 1824 720 1860 adcitae
741 1831 863 1867 erant,
880 1837 963 1874 quae
979 1831 1199 1873 vergentem
1221 1826 1268 1862 ad
1288 1838 1393 1863 mare

266 1896 415 1941 partem
445 1890 545 1926 urbis
574 1888 856 1938 obpugnarent.
911 1888 971 1925 Ea
991 1890 1131 1926 omissa
1153 1889 1394 1940 obpugnatio

266 1961 338 1997 est,
360 1955 448 2004 quia
468 1954 669 1991 Lacinium
697 1952 897 1990 Hannibal
919 1953 1139 1990 admoverat
1167 1955 1295 2004 copias
1313 1969 1320 1991 :
1355 1960 1394 1991 et

265 2018 453 2067 collegam
482 2019 655 2055 eduxisse
678 2017 761 2068 jam
792 2017 839 2053 ab
860 2017 1029 2054 Venusia
1059 2018 1268 2054 exercitum
1289 2018 1392 2055 fama

266 2091 362 2129 erat,
390 2086 451 2121 cui
477 2085 661 2136 conjungi
688 2083 852 2121 volebat.
910 2084 1046 2133 Itaque
1072 2084 1111 2120 in
1137 2083 1318 2133 Apuliam
1345 2095 1393 2120 ex

266 2151 429 2187 Bruttiis
468 2151 644 2193 reditum,
679 2158 718 2185 et.
746 2150 846 2185 inter
875 2149 1080 2185 Venusiam
1120 2149 1392 2197 Bantiamque,

265 2216 390 2252 minus
419 2217 533 2252 trium
564 2215 725 2252 millium
754 2227 933 2265 passuum
960 2213 1175 2256 intervallo,
1212 2211 1388 2249 consules

263 2279 363 2317 binis
386 2281 517 2317 castris
544 2281 806 2317 consederant.
864 2280 911 2316 In
932 2280 1102 2316 eamdem
1132 2279 1329 2327 regionem
1349 2283 1388 2313 et

265 2343 464 2384 Hannibal
483 2347 608 2391 rediit,
630 2360 761 2385 averso
785 2348 832 2386 ab
851 2347 987 2386 Locris
1007 2348 1122 2386 bello.
1180 2348 1241 2385 Ibi
1269 2345 1385 2385 ambo
