1523 2666
298 190 353 233 74
759 193 805 221 T.
833 194 968 222 L1v11

113 286 205 317 U.C.
223 281 431 318 545.siniile
460 287 555 324 erat,
581 287 704 317 castra
732 283 867 318 metari
896 282 1037 318 Poenus
1067 281 1104 317 in
1134 280 1282 318 tumulo
1309 294 1420 332 super

114 330 205 361 A‘C'
222 336 473 384 ²⁰⁷·fluminis
499 346 620 395 ripam
638 345 777 390 vellet3
811 346 963 382 advenit
986 345 1118 381 Livius
1145 345 1314 394 peditum
1338 358 1420 382 om-

91 1308 247 1340 Proelium

90 1359 203 1384 unitur.

307 410 420 448 nibus
441 410 575 460 copiis,
595 422 673 445 non
694 409 838 445 itineris
857 410 985 453 niodo,
1002 410 1065 445 sed
1081 409 1128 445 ad
1147 409 1420 447 conserendum

309 474 501 525 extemplo
524 473 698 524 proelium
729 474 922 510 instructis
953 474 1195 522 armatisque.
1253 473 1326 509 Sed
1354 473 1421 510 ubi

308 551 440 575 omnes
474 538 602 587 copias
638 536 934 587 conjunxerunt,
970 538 1187 586 directaque
1217 538 1314 573 acies
1349 543 1420 580 est,

309 602 490 638 Claudius
515 602 648 637 dextro
677 601 717 636 in
747 614 879 643 cornu,
900 601 1031 637 Livius
1063 600 1109 637 ab
1140 602 1294 636 sinistro
1324 613 1420 650 pug-

308 678 397 702 nam
434 665 614 700 instruit:
655 664 779 700 media
807 665 905 700 acies
939 664 1092 714 praetori
1121 664 1262 700 tuenda
1298 664 1422 701 datur.

307 728 543 772 Hasdrubal,
565 729 705 764 omissa
731 729 943 764 munitione
970 734 1193 770 castrorum,
1219 733 1422 778 postquam

307 792 552 843 pugnandum
570 791 678 835 vidit,
700 792 738 827 in
758 792 880 841 prima
899 792 978 827 acie
998 798 1086 826 ante
1107 792 1215 838 signa
1241 790 1422 840 elephan-

306 863 368 892 tos
400 856 604 892 conlocat:
641 857 741 891 circa
777 868 840 891 eos
879 854 973 891 laevo
1010 856 1049 891 in
1088 867 1207 890 cornu
1244 854 1420 891 adversus

309 920 510 956 Claudium
538 919 669 956 Gallos
700 919 875 969 obponit,
899 918 1002 955 haud
1029 925 1178 954 tantum
1207 919 1260 954 eis
1289 918 1420 962 fidens,

306 990 493 1033 quantum
522 983 569 1020 ab
600 984 710 1019 hoste
740 984 864 1019 timeri
891 996 954 1018 eos
990 983 1188 1019 credebat:
1221 983 1302 1032 ipse
1331 983 1422 1019 dex-

306 1056 409 1085 trum
430 1050 554 1085 cornu*
569 1049 745 1084 adversus
766 1048 823 1084 M.
843 1047 995 1083 Livium
1017 1047 1087 1082 sibi
1108 1054 1220 1095 atque
1238 1046 1422 1096 Hispanis

310 1114 368 1160 (et
388 1113 440 1149 ibi
460 1114 623 1149 maxime
644 1113 682 1148 in
703 1120 829 1148 vetere
850 1112 970 1147 milite
991 1124 1094 1161 spem
1115 1110 1298 1157 habebat)
1321 1123 1422 1146 sum-

308 1177 370 1213 sit.
425 1176 586 1224 Ligures
609 1177 647 1212 in
669 1176 793 1211 medio
821 1183 908 1225 post
935 1175 1156 1224 elephantos
1186 1175 1327 1224 positi3
1360 1175 1424 1211 sed

309 1240 478 1289 longior,
499 1254 612 1290 quam
632 1241 760 1283 latior,
782 1242 881 1276 acies
903 1246 995 1276 erat.
1053 1239 1183 1274 Gallos
1204 1239 1421 1288 prominens

311 1304 416 1341 collis
444 1304 610 1353 tegebat.
667 1304 727 1340 Ea
746 1304 866 1346 frons,
889 1317 1001 1352 quam
1031 1303 1195 1352 Hispani
1224 1302 1421 1345 tenebant,

309 1381 395 1404 cum
416 1368 570 1403 sinistro
598 1367 863 1402 Romanorum
890 1379 1009 1402 cornu
1039 1367 1258 1402 concurrit:
1291 1367 1424 1402 dextra

310 1432 433 1468 omnis
456 1432 554 1467 acies
576 1437 682 1466 extra
703 1430 879 1480 proelium
900 1430 1068 1466 eminens
1090 1429 1284 1466 cessabat:
1317 1429 1422 1465 collis

312 1498 513 1547 obpositus
549 1496 715 1538 arcebat,
742 1508 790 1531 ne
821 1503 886 1531 aut
917 1509 938 1531 a
969 1495 1109 1538 fronte,
1137 1502 1202 1531 aut
1231 1495 1278 1531 ab
1308 1495 1426 1532 latere

312 1561 620 1610 adgrederentur.
678 1560 783 1596 Inter
809 1560 961 1596 Livium
987 1559 1342 1609 Hasdrubalemque
1367 1560 1425 1596 in-

314 1639 406 1676 gens
445 1632 683 1662 contractum
722 1631 914 1661 certamen
952 1632 1046 1668 erat,
1085 1631 1269 1672 atroxque
1306 1624 1424 1660 caedes

313 1692 505 1739 utrimque
526 1690 728 1726 edebatur:
761 1690 814 1725 ibi
835 1691 944 1725 duces
963 1689 1095 1731 ambo,
1116 1688 1169 1724 ibi
1192 1701 1277 1738 pars
1305 1688 1427 1738 major

315 1754 487 1806 peditum
507 1754 751 1802 equitumque
771 1752 1036 1789 Romanorum
1052 1768 1059 1788 ε
1092 1752 1145 1788 ibi
1164 1752 1344 1802 Hispani,
1363 1765 1427 1788 ve-

317 1825 379 1854 tus
412 1817 518 1854 miles
551 1818 768 1867 peritusque
794 1816 981 1853 Romauae
1010 1830 1160 1867 pugnae,
1189 1823 1227 1853 et
1250 1816 1427 1865 Ligures,

317 1883 454 1920 durum
480 1882 518 1918 in
547 1881 659 1917 armis
680 1894 821 1929 genus:
855 1882 986 1917 eodeni
1006 1882 1103 1917 versi
1132 1881 1337 1932 elephanti,
1366 1881 1430 1931 qui

317 1948 442 1998 primo
468 1947 600 1997 inpetu
625 1947 869 1982 turbaverant
889 1949 1174 1995 antesignanos,
1196 1953 1232 1983 et
1245 1945 1328 1996 jain
1351 1948 1428 1996 sig-

318 2024 371 2048 na
402 2017 599 2047 moverant
632 2010 741 2046 loco:
774 2011 906 2047 deinde
940 2019 1131 2047 crescente
1160 2012 1364 2048 certamine
1394 2018 1432 2048 et

321 2074 502 2116 clamore,
534 2075 768 2123 inpotentius
791 2074 874 2124 jam
903 2076 996 2123 regi,
1019 2083 1056 2110 et
1084 2076 1183 2111 inter
1214 2075 1305 2111 duas
1331 2076 1430 2111 acies

322 2138 477 2181 versari,
498 2137 601 2174 velut
620 2139 754 2174 incerti
780 2152 941 2188 quorum
963 2147 1087 2175 essent
1099 2156 1109 2185 3
1142 2140 1242 2176 haud
1269 2140 1431 2176 dissimi-

318 2202 410 2240 liter
445 2202 604 2238 navibus
643 2203 723 2238 sine
757 2202 1014 2251 gubernaculo
1051 2205 1168 2252 vagis.
1236 2203 1429 2248 Claudius,

326 2266 423 2307 Quid
440 2278 525 2314 ergo
541 2268 722 2315 praecipiti
744 2280 846 2303 cursu
868 2272 942 2304 tam
972 2269 1116 2316 longum
1135 2270 1202 2304 iter
1221 2270 1350 2305 emensi
1373 2281 1432 2305 sus

323 2331 436 2367 mus?
465 2328 661 2368 clamitans
692 2330 892 2376 militibus,
923 2344 1040 2383 quum
1068 2332 1108 2370 iu
1135 2331 1331 2370 adversum
1352 2332 1433 2370 col-
