1507 2656
282 171 435 200 LIBER
460 168 651 198 xxvul.
684 168 790 196 CAP.
814 169 935 198 vlu.
1114 172 1165 214 93

4 267 12 276 ·
43 261 191 311 felicem
211 273 281 298 esse
288 261 425 309 fugam
441 276 452 296 .·
482 271 544 296 nec
568 272 637 307 pro
657 259 798 307 dffcili
822 260 859 294 id
877 259 1008 295 bellum
1037 259 1165 297 haben·
1179 264 1220 294 U.
1234 263 1271 295 C.
1288 271 1362 297 545.

0 324 12 347 '¹
53 327 151 368 dum,
172 328 208 362 in
227 338 308 374 quo,
327 327 358 361 si
375 325 480 360 modo
500 335 700 371 congressus
718 335 796 360 cum
823 323 975 359 hostibus
993 326 1053 367 sis,
1073 327 1166 361 vice-
1179 308 1217 339 Α·
1231 307 1268 339 C'
1285 313 1360 343 ²⁰7·

1 397 9 405 ·
50 391 112 426 ris.
171 390 275 431 Quod
297 391 452 437 primum
481 392 582 430 esset,
604 387 856 436 confessionem
874 400 910 424 se
929 389 1082 425 hostium
1101 389 1169 425 ha-

49 453 139 496 bere,
171 465 393 502 nequaquam
418 464 527 500 pares
556 464 626 488 esse
660 452 750 488 sibi:
779 452 875 488 brevi
907 457 943 488 et
978 455 1170 489 victoriam

0 525 7 534 ”
49 517 147 554 haud
164 518 307 554 dubiam
327 517 544 559 habiturum,
567 528 631 551 nec
653 517 797 551 meliore
815 520 940 551 eventu
961 528 1017 552 eos
1033 529 1165 559 secum,

0 589 7 596 '
47 593 152 630 quam
169 594 244 629 spe,
264 586 494 629 pugnaturos.
554 580 655 615 Laeti
673 592 801 628 regem
831 581 924 616 socii
953 581 1164 619 audieruut.

44 643 224 681 Reddidit
242 645 327 681 inde
346 645 500 680 Achaeis
521 643 700 680 Heraeam
720 651 758 680 et
775 644 1024 693 Triphyliam.
1080 646 1163 681 Ali-

44 709 199 759 pheram
232 716 359 745 autem
387 708 694 758 Megalopolitis,
725 709 826 756 quod
860 721 1015 744 suorum
1046 709 1164 746 fuisse

0 777 7 789 '
45 771 176 809 finium
193 773 283 809 satis
303 772 531 823 probabant,
553 771 746 807 restituit:
780 771 881 814 inde,
911 772 1068 808 navibus
1099 786 1161 810 ac-

0 835 7 860 {f
24 856 25 862 =
44 837 162 886 ceptis
183 836 229 872 ab
249 837 414 878 Achaeis,
438 838 562 883 (erant
582 843 709 872 autem
737 842 812 872 tres
838 837 1093 885 quadriremes
1124 845 1163 874 et

44 901 203 937 biremes
236 901 412 947 totidem)
447 902 670 950 Anticyram
702 900 879 951 trajecit:
923 902 1012 938 inde
1049 902 1160 951 quin-

0 968 4 974 ‘
43 964 281 1014 queremibus
301 970 459 1014 septem,
481 970 518 999 et
538 963 671 1000 lembis
691 966 828 1013 viginti
855 964 1029 1015 amplius,
1050 978 1160 1013 quos,

0 1033 3 1036 '
44 1034 87 1064 ut
115 1028 336 1077 adjungeret
367 1027 748 1075 Karthaginiensium
782 1028 907 1071 classi,
940 1030 1092 1064 miserat
1120 1030 1160 1065 in

0 1097 2 1099 ’
45 1091 284 1128 Corinthium
320 1092 457 1134 sinum,
489 1091 681 1141 profectus
713 1091 759 1128 ad
791 1092 976 1140 Erythras
1004 1091 1160 1127 AEtolo-

44 1168 140 1198 rum,
161 1168 244 1204 quae
263 1168 381 1205 prope
401 1155 604 1204 Eupalium
625 1162 727 1199 sunt,
749 1156 1033 1192 exscensionem
1055 1155 1159 1192 fecit.

44 1219 160 1256 Haud
176 1219 312 1256 fefellit
331 1219 508 1256 AEtolos:
541 1233 642 1262 nam,
670 1221 869 1256 bominum
897 1220 997 1268 quod
1024 1227 1089 1256 aut
1117 1220 1157 1256 in

43 1284 156 1331 agriS‚
187 1290 251 1319 aut
280 1285 319 1319 in
351 1284 572 1333 propinquis
604 1284 767 1320 castellis
798 1284 1010 1320 Potidaniae
1043 1290 1156 1332 atque

44 1346 259 1396 Apolloniae
288 1346 375 1388 fuit,
406 1347 445 1382 in
477 1346 586 1382 silvas
621 1354 844 1396 montesque
875 1347 1026 1395 refugit.
1082 1347 1155 1383 Pe-

42 1422 144 1452 oora,
166 1423 247 1459 quae
268 1411 366 1446 inter
381 1410 666 1446 festinationem
686 1410 788 1458 abigi
808 1411 1044 1458 nequierant,
1065 1417 1154 1446 sunt

40 1473 186 1523 direpta
212 1481 248 1509 et
274 1475 312 1510 in
341 1486 454 1510 naves
476 1474 681 1523 compulsa.
740 1474 836 1510 Cum
866 1474 924 1509 his
954 1480 1152 1522 ceteraque

40 1537 178 1586 praeda,
216 1537 330 1574 Nicia
365 1544 526 1587 praetore
563 1538 791 1574 Achaeorum
826 1537 986 1585 AEgium
1021 1538 1151 1580 misso,

39 1614 153 1648 quum
174 1602 400 1638 Corinthum
420 1603 590 1651 petisset,
612 1602 802 1651 pedestres
822 1602 909 1636 inde
930 1601 1057 1651 copias
1088 1614 1153 1651 per

40 1663 231 1700 Boeotiam
250 1670 351 1700 terra
369 1664 582 1714 ducijussit
599 1679 605 1700 :
638 1666 732 1713 ipse,
754 1664 801 1700 ab
823 1665 1026 1700 Cenchreis
1056 1677 1151 1714 prae-

38 1735 96 1763 ter
126 1734 262 1763 terram
292 1728 462 1763 Atticam
494 1740 604 1777 super
636 1728 794 1763 Sunium
825 1727 1021 1775 navigans,
1052 1728 1152 1763 inter

38 1791 178 1827 medias
196 1804 314 1842 prope
342 1792 508 1827 hostium
535 1791 686 1833 classes,
706 1791 923 1827 Chalcidem
953 1792 1146 1841 pervenit:

38 1855 135 1897 iude,
156 1855 380 1891 conlaudata
409 1855 480 1892 fide
509 1868 552 1891 ac
573 1856 725 1898 virtute,
747 1855 846 1903 quod
874 1868 995 1903 neque
1020 1856 1146 1898 timor,

5 1927 7 1935 ¹
36 1930 156 1967 neque
190 1931 273 1969 spes
308 1919 499 1955 flexissent
529 1932 657 1955 eorum
694 1920 867 1964 animos3
900 1920 1149 1967 hortatusque

35 1983 73 2017 in
103 1988 308 2031 posterum,
340 1990 381 2019 ut
411 1983 541 2020 eadem
575 1984 789 2019 constantia
815 1990 1080 2032 permanerent
1108 1983 1147 2019 in

33 2046 228 2089 societate,
259 2047 290 2082 si
319 2059 438 2089 suam,
459 2060 571 2095 quam
599 2046 847 2082 Oritanorum
877 2052 990 2094 atque
1010 2046 1145 2094 Opun-

31 2109 186 2152 tiorum,
206 2109 400 2147 fortunam
422 2111 579 2147 mallent
592 2127 602 2156 3
636 2110 682 2146 ab
705 2110 884 2146 Chalcide
905 2110 1047 2145 Oreum
1076 2122 1144 2144 na-

31 2172 148 2219 vigat,
185 2173 471 2223 principumque
508 2175 567 2218 iis,
613 2174 675 2222 qui
721 2173 851 2222 fugere
889 2179 1000 2222 capta
1036 2171 1141 2215 urbe,

33 2247 145 2283 qnam
174 2248 212 2272 se
240 2236 425 2274 Romanis
457 2239 618 2281 tradere,
652 2237 877 2279 maluerant,
913 2249 1059 2272 summa
1085 2249 1142 2272 re-

33 2310 115 2339 rum
138 2305 176 2335 et
201 2301 372 2338 custodia
398 2301 500 2338 urbis
530 2302 726 2353 permissa,
757 2303 836 2352 ipse
862 2299 1142 2337 Demetriadem
