1523 2666
141 271 231 302 U.C.
248 274 320 303 557-

140 315 320 349 A.C,19⁵.

129 908 305 947 Adparatus

133 959 270 992 tyranni.

332 156 416 207 462
794 165 841 196 Τ.
863 166 996 195 mvn

333 257 482 301 lembis,
504 256 705 306 mixtisque
725 257 806 294 aliis
828 259 984 295 minoris
1014 259 1146 296 format
1172 261 1354 310 navigiis:
1386 262 1446 312 ip-

333 335 461 359 sorum
491 334 642 372 quoque
670 321 1047 360 Lacedaemoniorum
1078 324 1223 361 exsules
1252 325 1444 376 permulti,

332 396 585 438 tyrannorum
615 386 752 438 injuria
782 387 894 438 pulsi,
925 402 990 439 spe
1020 389 1283 439 recuperandae
1313 389 1445 439 patriae

332 454 371 489 in
393 459 516 489 castra
534 451 713 488 Romana
733 460 1000 490 convenerant.
1038 452 1157 489 Multi
1176 459 1301 489 autem
1322 459 1444 497 erant,

321 515 408 566 jam
440 528 507 566 per
540 515 685 564 aliquot
719 520 864 558 aetates,
896 529 941 552 ex
973 530 1047 566 quo
1078 517 1230 566 tyranni
1262 515 1446 553 tenebant

331 579 661 620 Lacedaemonem,
696 578 759 615 alii
791 579 838 615 ab
869 579 951 616 aliis
981 580 1091 630 pulsi.
1147 580 1328 630 Princeps
1364 586 1446 616 erat

329 642 501 679 exsulum
522 642 753 692 AgesipoliS,
772 642 830 692 cuj
839 655 878 678 us
892 641 980 692 jure
1000 644 1123 691 gentis
1144 640 1303 691 regnum
1320 643 1442 680 Lace-

330 706 504 743 daemone
537 713 633 749 erat,
665 706 795 756 pulsus
830 707 955 743 infans
989 707 1036 743 ab
1070 706 1250 756 Lycurgo
1283 713 1448 756 tyranno

328 776 418 821 post
446 776 609 806 mortem
642 769 873 814 Cleomenis,
894 771 958 820 qui
986 771 1127 822 primus
1156 777 1340 820 tyrannus
1368 769 1448 807 La·

328 835 547 871 cedaemone
567 834 654 871 fuit.

381 898 557 935 XXVII.
588 899 716 937 Quum
744 905 847 936 terra
874 899 1044 949 marique
1072 905 1222 936 tantum
1249 898 1340 936 belli
1370 898 1443 935 cir·
1493 913 1497 916 ·

326 969 533 1000 cumstaret
565 969 783 1012 tyrannum,
804 970 842 999 et
870 976 988 1014 prope
1013 963 1118 1000 nulla
1136 975 1219 1013 spes
1240 969 1337 999 esset
1357 974 1443 999 vere

326 1040 412 1064 suas
434 1028 677 1076 hostiumque
699 1029 901 1067 aestimanti
921 1029 1032 1072 vires,
1053 1040 1132 1065 non
1158 1034 1285 1064 tamen
1312 1027 1442 1064 omisit

325 1091 468 1129 bellum
485 1106 492 1127 :
522 1092 587 1128 sed
606 1099 644 1128 et
663 1105 685 1128 a
706 1093 820 1129 Creta
839 1092 941 1129 mille
962 1092 1127 1130 delectos
1140 1091 1355 1143 juventutis
1375 1104 1441 1129 eo-

324 1169 406 1193 rum
429 1157 580 1200 excivit,
602 1170 718 1206 quum
736 1157 839 1194 mille
862 1156 946 1207 jam
972 1157 1153 1194 haberet:
1187 1164 1224 1193 et
1252 1157 1327 1194 tria
1354 1155 1440 1193 mil-

323 1219 377 1257 lia
408 1222 727 1258 mercenariorum
757 1221 935 1265 militurn,
966 1221 1097 1258 decem
1129 1220 1248 1257 millia
1278 1219 1440 1271 popula·

323 1285 423 1321 rium
443 1298 529 1322 cum
548 1284 762 1321 castellanis
782 1284 994 1334 agrestibus
1015 1286 1053 1321 in
1073 1284 1186 1322 armis
1209 1283 1343 1321 habuit
1361 1299 1368 1321 :
1401 1290 1442 1321 et

322 1349 429 1387 fossa
445 1349 621 1399 valloque
641 1349 771 1387 urbem
793 1350 1053 1387 communivit.
1108 1350 1175 1394 Et,
1196 1362 1245 1387 ne
1264 1349 1354 1400 quid
1378 1349 1439 1386 in-

322 1413 455 1451 testini
474 1420 600 1450 motus
621 1413 797 1457 oriretur,
817 1420 921 1450 metu
940 1420 979 1451 et
1005 1413 1212 1451 acerbitate
1240 1426 1440 1464 poenarum

322 1477 480 1515 tenebat
505 1478 667 1521 animos,
687 1479 883 1528 quoniam,
904 1485 947 1515 ut
976 1478 1120 1516 salvum
1139 1477 1279 1515 vellent
1306 1485 1437 1528 tyran-

322 1555 429 1587 num,
450 1556 599 1593 sperare
627 1556 706 1580 non
736 1550 900 1594 poterat.
956 1544 1086 1584 Quum
1105 1549 1309 1593 suspectos
1320 1555 1436 1592 quos-

322 1606 410 1643 dam
438 1607 577 1643 clvium
608 1607 780 1651 baberet,
811 1606 953 1644 eductis
983 1607 1025 1643 in
1054 1619 1230 1657 campum
1257 1606 1434 1644 omnibus

320 1671 455 1722 copiis,
480 1671 673 1719 (Dromon
693 1673 765 1722 ipsi
784 1672 941 1715 vocant)
963 1672 1098 1722 positis
1118 1671 1247 1716 armis,
1267 1671 1312 1708 ad
1342 1684 1434 1708 con·

319 1735 472 1772 cionem
500 1736 627 1772 vocari
653 1734 771 1786 jussit
804 1735 1132 1778 Lacedaemonios,
1162 1741 1277 1784 atque
1305 1747 1436 1772 eorum

319 1799 501 1836 concioni
535 1799 716 1836 satellites
752 1805 917 1836 armatos
947 1799 1219 1836 circumdedit:
1251 1804 1290 1835 et
1317 1811 1439 1849 pauca

316 1863 513 1914 praefatuS,
535 1876 597 1899 cur
614 1863 679 1899 sibi
698 1865 818 1899 omnia
849 1865 989 1899 timenti
1018 1865 1227 1912 caventique
1254 1865 1435 1911 ignoscen-

317 1928 404 1964 dum
425 1931 460 1964 in
481 1929 548 1963 tali
569 1932 726 1975 tempore
743 1928 850 1977 foret
865 1945 877 1964 .·
905 1934 940 1964 et
960 1930 1116 1976 ipsorum
1134 1927 1280 1976 referre,
1301 1930 1332 1964 si
1351 1940 1438 1977 quos

315 1997 491 2040 suspectos
517 1996 632 2028 status
656 2004 813 2039 prensens
840 2004 957 2028 rerum
978 1991 1140 2040 faceret,
1160 1993 1342 2040 prohiberi
1366 2004 1434 2040 po·-

317 2058 401 2099 tius,
431 2068 476 2092 ne
504 2057 592 2104 quid
619 2057 740 2092 moliri
765 2062 917 2105 possznt,
949 2070 1057 2105 quam
1084 2058 1210 2105 puniri,
1237 2057 1435 2093 molientes.

316 2121 445 2169 Itaque
473 2121 647 2170 quosdam
673 2132 710 2156 se
738 2121 776 2156 in
805 2121 968 2157 custodia
996 2121 1216 2163 habiturum,
1244 2122 1352 2156 donec
1379 2132 1436 2163 ea,

313 2197 393 2235 quae
410 2187 532 2228 instet,
555 2190 744 2234 tempestas
757 2190 963 2234 praetereot.
1019 2186 1192 2222 Hostibus
1210 2186 1374 2233 repulsis,
1394 2187 1434 2232 (a

312 2250 451 2299 quibus,
471 2251 503 2286 si
527 2252 633 2287 modo
657 2251 821 2299 proditio
850 2252 1019 2287 intestina
1045 2252 1133 2287 satis
1161 2254 1343 2292 caveatur,
1364 2250 1434 2286 mi·-

310 2326 377 2352 καθ
400 2314 554 2363 periculi
581 2314 667 2356 esse)
690 2315 866 2363 extemplo
885 2327 941 2352 eos
960 2316 1181 2352 emissurum.
1239 2312 1316 2350 Sub
1347 2312 1429 2349 haec
