1507 2656
385 171 541 201 LIBER
565 169 734 199 XXVII.
770 168 878 197 CAP.
902 169 973 199 vl.
1179 166 1227 196 11

112 259 202 302 sule,
229 273 336 308 quum
367 262 615 298 CFCaminz'us
643 261 735 296 alter
763 260 884 296 consul
912 259 961 294 ad
985 259 1227 294 Trasimenum
1241 258 1330 289 U·C-
1349 264 1424 289 542-

114 325 305 368 cecidisset,
319 338 361 362 ex
379 328 594 361 auctoritate
610 326 765 360 Patrum
785 325 832 359 cul
848 323 983 371 plebem
1001 324 1130 364 latum,
1150 323 1228 369 ple·
1240 303 1280 333 A·
1294 302 1331 332 C·
1348 307 1422 332 ²¹⁰⁴

113 387 258 437 bemque
274 392 423 432 scivisse,
443 395 496 432 ut,
519 390 637 438 quoad
656 389 783 425 bellum
805 389 841 423 in
860 388 973 423 Italia
993 392 1092 428 esset,
1113 398 1154 422 ex
1172 388 1229 428 iis,

116 454 177 500 qui
205 454 362 489 consules
378 453 551 502 fuissent,
579 465 665 500 quos
693 457 727 488 et
746 453 881 500 quoties
904 453 1023 493 vellet,
1051 451 1233 500 reficiendi

114 517 271 552 consules
295 519 432 565 populo
458 516 521 563 jus
549 521 660 552 esset:
688 517 955 564 eoeemplumque
984 526 1063 550 eam
1092 516 1128 549 in
1156 526 1232 550 rem

113 591 152 615 se
170 580 296 616 habere
313 586 411 617 vetus
426 581 469 618 L.
483 582 663 617 Postumii
679 580 841 627 Megelli,
862 581 922 627 qui
942 580 1099 614 interrex
1118 579 1160 613 iis
1174 589 1234 613 co-

115 646 239 687 mitiis,
257 657 334 693 quce
351 648 424 693 ipse
443 645 632 688 habuisset,
653 645 775 680 consul
790 656 869 680 cum
891 644 930 679 C.
942 643 1055 679 ιῙιιηὶο
1074 642 1234 678 Bubulco

114 713 255 744 creatus
282 714 392 752 esset;
421 721 540 745 recens
561 709 730 751 Q.Fabii,
749 710 809 756 qui
834 708 900 744 sibi
918 708 1122 744 continuari
1151 718 1234 742 con-

115 773 288 814 sulatum,
307 775 374 809 nisi
399 775 438 809 id
456 774 542 809 bono
560 773 700 821 publico
716 774 840 822 fieret,
858 771 1023 821 profecto
1041 782 1237 818 numquam

116 837 262 872 sivisset.
320 836 392 872 His
420 836 654 872 orationibus
679 849 795 885 quum
820 836 884 872 diu
912 842 1097 871 certatum
1123 840 1236 877 esset,

119 907 314 950 postremo
333 902 386 936 ita
412 902 511 937 inter
530 901 756 936 dictatorem
775 913 819 936 ac
845 899 1020 935 tribunos
1041 897 1236 940 convenit,

120 970 164 1000 ut
188 977 247 1007 eo>
269 965 370 1013 quod
397 965 604 1000 censuisset
630 971 798 1006 senatus,
829 969 1003 999 staretur.
1059 960 1237 998 Patribus

120 1030 158 1066 id
179 1035 326 1079 tempus
356 1029 572 1079 reipublicae
601 1030 722 1065 visum
752 1035 823 1071 est,
847 1034 888 1064 ut
915 1040 982 1078 per
1010 1033 1170 1070 veteres,
1201 1032 1239 1062 et

119 1100 310 1143 experto&
330 1093 493 1142 bellique
513 1094 654 1143 peritos
677 1094 924 1142 imperatores
944 1090 1156 1141 respublica
1173 1103 1239 1139 ge-

122 1163 288 1193 reretur:
321 1158 448 1206 itaque
485 1170 631 1193 moram
660 1157 740 1193 fieri
774 1157 938 1193 comitiis
966 1168 1044 1191 non
1079 1154 1240 1205 placere.

122 1221 428 1257 Concedentibus
456 1222 633 1264 tribunis,
662 1222 818 1257 comitia
844 1221 987 1256 habita.
1044 1218 1241 1255 Declarati

122 1285 294 1322 consules
326 1286 376 1324 Q.
394 1285 533 1321 Fabius
559 1285 752 1321 Maximus
791 1286 979 1333 quintum,
1015 1284 1063 1323 Q.
1084 1282 1239 1319 Fulvius

122 1349 278 1385 Flaccus
299 1355 485 1396 quartum.
543 1349 728 1384 Praetores
744 1349 832 1384 inde
853 1348 983 1390 creati,
1000 1347 1046 1383 L.
1060 1346 1239 1382 Veturius

122 1412 248 1454 Philo,
268 1411 313 1448 T.
328 1412 529 1450 Quinctius
548 1413 757 1462 Crispinus,
780 1413 823 1448 C.
841 1411 1031 1448 Hostilius
1051 1409 1238 1453 Tubulus,

121 1476 166 1512 C.
182 1475 472 1511 Aurunculeius.
528 1476 818 1524 Magistratibus
849 1477 887 1512 in
918 1488 1059 1512 annum
1088 1474 1238 1517 creatis,

120 1540 335 1580 Q.Fulvius
358 1541 546 1577 dictatura
571 1554 609 1577 se
630 1541 830 1577 abdicavit.
887 1541 1073 1576 Extremo
1099 1539 1238 1575 aestatis

121 1604 233 1654 hujus
255 1605 382 1641 classis
402 1605 549 1641 Punica
574 1606 727 1641 navium
748 1606 1014 1654 quadraginta,
1036 1617 1121 1640 cum
1144 1616 1240 1653 prae-

122 1668 224 1704 fecto
251 1667 470 1704 Hamilcare
498 1669 536 1704 in
569 1669 781 1705 Sardiniam
811 1669 986 1719 trajecta,
1020 1667 1241 1703 Olbiensem

123 1732 262 1781 primo,
284 1732 384 1774 dein,
405 1739 606 1781 postquam
627 1733 678 1768 ibi
706 1733 748 1769 P.
762 1733 930 1769 Manlius
951 1731 1073 1767 Vulso
1102 1737 1242 1780 praetor

122 1807 208 1830 cum
227 1795 395 1831 exercitu
424 1795 608 1845 adparuit,
634 1797 863 1832 circumacta
892 1796 979 1831 inde
1009 1795 1055 1831 ad
1082 1794 1242 1830 alterum

122 1858 253 1894 insulae
282 1858 394 1901 latus,
427 1859 687 1895 Caralitanum
718 1872 851 1908 agrum
874 1859 1055 1911 'vastaviss
1088 1866 1125 1894 et
1156 1870 1242 1893 cum

122 1922 247 1972 praeda
266 1923 388 1958 omnis
409 1924 556 1971 generis
582 1924 620 1958 in
641 1923 811 1960 Africam
838 1923 961 1959 rediit.
1020 1922 1241 1958 Sacerdotes

122 1984 287 2021 Romani
325 1998 370 2021 eo
401 1999 501 2022 anno
535 1987 675 2022 mortui
706 1986 852 2035 aliquot
889 1985 1138 2033 subfectique.
1198 1984 1241 2020 C.

123 2048 299 2085 Servilius
320 2049 502 2086 Pontifex
520 2051 643 2086 factus
665 2051 703 2085 in
724 2050 851 2086 locum
870 2050 916 2086 T.
931 2049 1088 2085 Otacilii
1105 2048 1244 2084 Crassi.

121 2111 182 2147 Ti.
195 2112 439 2161 Sempronius
459 2113 518 2149 Ti.
532 2113 573 2149 F.
588 2112 748 2162 Longus
769 2126 889 2161 augur
909 2112 1031 2148 factus
1053 2112 1092 2146 in
1118 2110 1245 2146 locum

123 2175 169 2213 T.
185 2175 341 2212 Otacilii
372 2177 511 2213 Crassi.
568 2177 772 2213 Decemvir
798 2178 888 2213 item
915 2176 1029 2212 sacris
1056 2174 1242 2210 faciundis

121 2240 159 2276 in
177 2239 301 2276 locum
318 2240 383 2277 Ti.
403 2242 621 2291 Sempronii
646 2242 690 2278 C.
705 2241 749 2277 F.
763 2241 896 2290 Longi
916 2240 976 2276 Ti.
999 2239 1244 2288 Sempronius

121 2302 237 2340 TLF.
252 2303 417 2353 Longus
439 2305 652 2342 subfectus
700 2305 940 2341 M.Marcius
962 2315 1027 2340 rex
1054 2314 1246 2338 sacrorum

641 2368 677 2405 B
699 2369 719 2404 6
