1523 2666
300 150 386 200 460
764 159 808 187 T.
833 159 964 188 L1v11

107 259 150 290 U.
164 259 200 289 C.
217 266 289 296 5⁵7·
296 248 442 299 junctis
469 246 712 290 exercitibus,
733 255 942 298 posuerunt
971 255 1107 285 castra.
1164 247 1325 284 Postero
1353 247 1414 284 die

105 302 198 333 A·C·
219 310 342 350 ¹9⁵·in
380 325 553 363 campum
587 312 816 360 Argivorum
853 312 1142 355 descenderunt,
1180 318 1219 347 et
1252 317 1417 361 quatuor

302 379 421 416 ferme
440 376 557 414 millia
578 376 623 413 ab
644 377 757 424 Argis
788 375 915 412 locum
935 377 1066 412 castris
1088 376 1256 426 capiunt.
1312 375 1415 412 Prae-

301 443 423 480 fectus
457 441 632 492 praesidio
665 441 865 476 Laconum
899 448 979 476 erat
1013 440 1268 490 Pythagoras,
1302 451 1418 488 gener

301 509 401 545 idem
421 507 587 556 tyranni,
609 511 646 541 et
666 505 794 540 uxoris
815 503 896 553 ejus
915 505 1033 541 frater
1052 519 1059 541 :
1092 506 1156 555 qui
1185 505 1255 542 sub
1279 504 1419 541 adven-

302 581 384 610 tum
402 571 667 608 Romanorum
688 576 725 605 et
744 577 922 618 utrasque
946 582 1063 614 arces,
1089 572 1194 618 (nam
1223 570 1314 606 duas
1344 569 1414 605 ha-

301 637 396 674 bent
428 635 541 684 Argi)
575 641 612 670 et
644 633 729 670 loca
758 633 845 676 alia,
878 647 960 682 quae
993 641 1059 670 aut
1089 640 1319 684 opportuna,
1354 639 1422 670 aut

303 706 480 751 suspecta
499 704 622 740 erant,
643 696 775 733 validis
796 696 979 746 praesidiis
1009 697 1172 734 firmavit
1190 711 1197 733 :
1231 697 1295 733 sed
1323 697 1422 732 inter

303 765 449 815 agenda
469 764 550 799 haec
569 774 746 812 pavorem
766 760 946 811 injectum
968 761 1132 798 adventu
1151 760 1416 797 Romanorum

305 828 539 866 dissimulare
558 826 850 874 haudquaquam
870 831 1045 875 poterat:
1079 831 1116 861 et
1144 825 1190 862 ad
1220 831 1420 861 externum

306 901 490 930 terrorem
511 891 691 927 intestina
711 891 826 926 etiam
846 891 980 926 seditio
1001 891 1171 927 accessit.
1213 888 1418 926 Damocles

307 967 390 995 erat
408 958 587 1006 Argivus,
609 955 827 992 adolescens
858 954 1011 1005 majoris
1042 955 1172 998 animi,
1195 967 1307 1004 quam
1327 966 1419 989 con-

307 1023 381 1059 silii
400 1038 407 1059 t
441 1024 505 1072 qui
524 1023 662 1073 primo,
676 1021 927 1072 jurejurando
954 1021 1196 1071 interposito,
1218 1021 1263 1057 de
1292 1019 1421 1071 praesi-

308 1088 372 1124 dio
401 1087 625 1136 expellendo
655 1099 740 1122 cum
770 1086 915 1122 idoneis
946 1085 1186 1127 conlocutus,
1212 1085 1298 1120 dum
1330 1085 1423 1119 vires

310 1151 474 1202 adjicere
494 1150 751 1199 conjurationi
772 1150 910 1192 studet,
932 1149 1121 1185 incautior
1147 1149 1233 1184 fidei
1261 1148 1422 1184 aestima-

311 1224 372 1253 tor
401 1216 485 1252 fuit.
544 1214 849 1262 Conloquentem
879 1227 965 1249 eum
997 1226 1081 1249 cum
1115 1214 1190 1248 suis
1226 1211 1374 1248 satelles
1404 1224 1427 1247 a

311 1280 493 1331 praefecto
526 1279 660 1314 missus
691 1290 806 1325 quum
840 1283 1060 1320 arcesseret,
1091 1277 1209 1312 sensit
1236 1275 1427 1326 proditum

313 1343 515 1382 consilium
551 1354 658 1385 esse3
698 1341 948 1389 hortatusque
985 1339 1222 1390 conjuratos,
1262 1339 1324 1388 qui
1363 1338 1428 1374 ad-

313 1414 436 1451 eraut,
467 1415 509 1443 ut
546 1406 688 1456 potius,
719 1418 830 1454 quam
865 1405 1005 1440 extorti
1041 1410 1293 1445 morerentur,
1325 1415 1430 1439 arma

316 1485 443 1509 secum
473 1475 651 1520 caperent
670 1484 677 1504 2
710 1475 822 1517 atque
842 1470 896 1504 ita
916 1481 1001 1505 cum
1022 1469 1151 1518 paucis
1171 1468 1209 1503 in
1229 1467 1355 1503 forum
1375 1467 1429 1502 ire

314 1538 455 1590 pergit,
477 1535 691 1577 clamitans,
713 1541 768 1575 ut,
789 1534 851 1582 qui
884 1533 1024 1569 salvam
1055 1531 1326 1583 rempublicam
1352 1531 1429 1568 vel·

315 1602 411 1645 lent,
437 1607 630 1637 auctorem
657 1605 695 1634 et
724 1598 858 1634 ducem
888 1611 927 1634 se
955 1598 1142 1645 libertati-s
1174 1602 1431 1646 sequerentur.

319 1666 436 1703 Haud
467 1676 557 1700 sane
593 1663 712 1698 movit
743 1674 984 1711 quemquam,
1018 1662 1107 1710 quia
1141 1659 1238 1696 nihil
1275 1672 1432 1709 usquam

321 1731 400 1783 spei
424 1729 660 1780 propinquae,
691 1726 829 1762 nedum
860 1726 949 1761 satis
981 1725 1076 1762 firmi
1106 1724 1283 1776 praesidii,
1304 1735 1433 1760 cerne-

318 1796 427 1834 bant.
485 1794 581 1830 Haec
612 1791 882 1828 vociferantem
917 1804 1003 1827 eum
1035 1790 1333 1832 Lacedaemonii,
1363 1789 1435 1825 cir-

322 1866 564 1897 cumventum
599 1869 683 1892 cum
717 1856 807 1897 su15‚
839 1854 1137 1891 interfecerunt:
1174 1853 1438 1903 comprehensi

323 1923 458 1960 deiude
479 1921 630 1971 quidam
651 1926 688 1955 et
708 1918 771 1955 alii
789 1935 799 1964 3
833 1931 878 1954 ex
907 1919 950 1953 iis
971 1918 1087 1954 occisi
1108 1917 1246 1967 plures,
1268 1917 1377 1966 pauci
1399 1917 1438 1953 in

325 1987 538 2024 custodiam
566 1984 757 2034 conjecti:
791 1983 900 2019 multi
930 1984 1104 2033 proxima
1133 1988 1260 2024 nocte,
1284 1980 1437 2016 funibus

324 2066 393 2105 per
413 2064 561 2088 murum
581 2050 745 2092 demissi,
767 2048 814 2085 ad
834 2048 1030 2084 Romanos
1051 2047 1349 2096 transfugerunt.

381 2115 536 2153 XXVI.
566 2114 783 2156 Quinctius,
805 2112 1091 2150 adfirmantibus
1112 2113 1172 2155 iis,
1192 2112 1222 2147 si
1243 2111 1289 2147 ad
1310 2116 1438 2160 portas

326 2182 526 2219 Romanus
548 2178 733 2214 exercitus
754 2177 902 2221 fuisset,
921 2189 998 2213 non
1019 2177 1099 2212 sine
1121 2175 1254 2213 effectu
1273 2173 1442 2211 futurum

328 2259 416 2283 eum
445 2251 590 2281 motum
620 2243 750 2286 fuisse,
782 2248 833 2286 et,
865 2242 895 2278 si
927 2242 1082 2292 propius
1113 2246 1237 2277 castra
1266 2238 1443 2274 admove-

329 2316 473 2353 rentur,
493 2321 572 2346 non
593 2308 786 2357 quieturos
811 2307 990 2356 Argivos,
1020 2305 1124 2342 misit
1153 2303 1348 2355 expeditos
1378 2315 1442 2352 pe-
