1507 2656
273 221 427 250 LIBER
451 217 630 247 XXXVI·
665 216 771 245 CAP.
795 216 976 245 XXXVI.
1091 215 1175 263 599

62 318 211 362 patrem
232 309 464 347 reducendus
485 307 619 356 legatis
640 306 748 342 datus
771 313 839 343 est.
893 306 1058 350 Bellum,
1079 299 1284 374 ‘1¹¹⁰ng
1301 304 1376 373 ⁵6}-

67 387 152 412 cum
172 375 367 410 Antiocho
386 385 474 421 rege
494 373 533 407 in
553 371 702 407 Graecia
721 377 870 420 gestum
891 378 947 407 est
967 384 989 407 a
1007 371 1077 411 M’.
1090 373 1181 409 Aci·
1226 366 1233 374 '
1276 365 1285 375 ⁶
1304 349 1341 375 19
1366 361 1377 381 ⁹⁴

66 437 120 474 lio
140 437 307 487 consule,
329 438 429 472 hunc
447 435 560 471 finem
579 435 725 471 habuit.

118 501 313 538 XXXVI.
343 500 452 536 Alter
483 498 615 536 consul
637 499 681 536 P.
703 497 903 535 Cornelius
925 498 1068 550 Scipio,
1090 500 1184 538 Gal-

66 565 157 602 liam
193 566 430 616 provinciam
470 565 642 607 sortitus,
681 565 901 614 priusquam
944 564 991 600 ad
1027 563 1184 610 bellum,

64 630 166 679 quod
186 643 271 667 cum
292 631 398 666 Boiis
416 630 622 678 gerendum
643 635 736 673 erat,
756 629 1072 678 proficisceretur,
1094 643 1185 681 pos-

62 694 203 731 tulavit
231 695 278 732 ab
309 702 456 738 senatu,
485 700 527 730 ut
555 694 716 745 pecunia
741 693 813 730 sibi
845 694 1108 730 decerneretur
1137 696 1185 732 ad

68 757 193 801 ludos,
214 772 308 809 quos
334 766 545 810 propraetor
571 759 610 794 in
640 758 829 808 Hispania
851 758 950 793 inter
965 758 1087 808 ipsum
1109 759 1186 795 dis-

65 823 210 859 crimen
230 837 366 874 pugnae
385 824 560 860 vovisset.
597 823 753 859 Novum
773 828 886 870 atque
904 822 1076 871 iniquum
1096 836 1186 873 pos-

67 887 190 924 tulare
217 894 273 924 est
292 889 414 924 visus:
449 892 676 923 censuerunt
703 899 807 935 ergo,
829 898 914 934 quos
934 887 1036 922 ludos
1064 889 1186 923 incon-

63 952 162 987 sulto
179 957 305 988 senata
324 964 365 988 ex
382 964 447 987 sua
473 953 578 987 unius
601 952 779 986 sententia
804 951 965 992 vovisset,
987 962 1044 986 eos
1068 953 1124 987 uti
1142 952 1187 987 (lc

68 1016 256 1058 manubiis,
276 1018 306 1052 si
331 1028 438 1064 quam
465 1017 654 1063 pecuniam
678 1015 726 1050 ad
749 1016 785 1050 id
806 1019 1026 1057 reservasset,
1047 1016 1103 1051 vel
1121 1027 1187 1051 sua

69 1084 143 1129 ipse
172 1084 317 1129 inpensa
335 1081 507 1130 faceret:
550 1093 614 1116 cos
644 1079 752 1115 ludos
783 1092 850 1129 per
879 1079 956 1115 dies
986 1080 1114 1116 decem
1141 1080 1187 1117 P.

72 1143 271 1180 Cornelius
291 1144 394 1180 fecit.
451 1144 524 1179 Per
543 1144 642 1178 idem
661 1142 740 1180 fere
760 1149 908 1191 tempus
933 1142 1028 1178 aedes
1046 1143 1186 1179 Matris

70 1210 225 1260 Magnae
242 1210 352 1246 Idaeae
368 1210 541 1246 dedicata
557 1215 614 1244 est
629 1223 636 1243 z
660 1221 771 1257 quam
787 1207 912 1244 Deam
927 1208 959 1243 is
975 1207 1018 1245 P.
1041 1208 1187 1245 Corne-

70 1275 157 1319 lius,
189 1275 384 1312 advectam
413 1288 460 1310 ex
489 1275 582 1310 Asia
611 1274 653 1310 P.
685 1273 865 1309 Cornelio
903 1274 1094 1324 Scipione,
1127 1276 1187 1311 cui

71 1347 160 1390 post
178 1340 361 1376 Africano
381 1339 454 1375 fuit
475 1351 703 1387 cognomen,
721 1339 763 1375 P.
781 1338 933 1375 Licinio
952 1338 1186 1383 consulibus,

71 1405 112 1440 in
145 1404 334 1440 Palatium
365 1417 388 1440 a
416 1404 510 1439 mari
539 1403 737 1439 detulerat.
794 1403 1035 1439 Locaverant
1069 1404 1188 1440 aedem

72 1468 299 1505 faciendam·
319 1482 364 1504 ex
396 1467 728 1503 senatusconsulto
757 1467 814 1503 M.
831 1468 978 1512 Livius,
1009 1468 1050 1504 C.
1071 1467 1186 1504 Clau-

68 1533 155 1569 dius
183 1545 371 1575 censores,
397 1531 454 1568 M.
477 1531 671 1574 Cornelio,
701 1530 744 1567 P.
767 1532 993 1582 Sempronio
1020 1532 1187 1569 consuli-

74 1597 168 1633 bus:
195 1596 375 1632 tredecim
395 1596 502 1632 annis
524 1602 624 1644 post,
642 1607 753 1644 quam
775 1595 900 1631 locata
921 1602 1014 1639 erat,
1036 1597 1187 1633 dedica-

74 1661 129 1697 vit
148 1673 229 1696 eam
249 1660 306 1696 M.
329 1660 466 1696 Junius
487 1659 643 1702 Brutus,
664 1659 817 1707 ludi‹3:11-
839 1660 885 1695 vn
907 1660 1187 1697 dedicationem

76 1724 156 1775 ejus
176 1724 282 1767 facti,
304 1737 397 1773 quos
417 1725 557 1773 primos
579 1724 747 1759 scenicos
773 1724 898 1767 nasse,
915 1725 1051 1760 Antias
1075 1725 1186 1761 Vale-

75 1790 153 1825 rius
173 1797 230 1824 est
249 1796 395 1831 auctor,
415 1788 625 1837 Megalesia
645 1788 867 1837 adpelhos
926 1789 1023 1824 Item
1043 1788 1189 1825 Juven-

78 1853 166 1888 tatis
198 1853 314 1889 aedem
344 1854 383 1888 in
413 1854 514 1888 circo
545 1852 710 1887 maximo
742 1852 783 1887 C.
809 1853 976 1888 Licinius
1006 1852 1189 1889 Lucullus

76 1917 251 1953 duumvir
284 1918 480 1953 dedicavit.
538 1917 705 1952 Voverat
743 1930 824 1953 eam
859 1918 1047 1953 wdecim
1081 1920 1189 1954 annis

78 1988 166 2018 ante
185 1981 241 2017 M.
258 1981 389 2018 Livius
411 1981 557 2024 consul,
575 1994 650 2029 quo
672 1981 729 2016 die
746 1980 1025 2017 Hasdrubalem
1047 1982 1191 2017 exerci-

77 2050 234 2094 tumque
254 2044 333 2094 ejus
355 2044 511 2080 cecidit:
535 2044 631 2080 idem
653 2056 786 2079 censor
806 2056 888 2079 eam
906 2043 1117 2081 faciendam
1133 2044 1191 2081 lo-

77 2110 192 2152 cavit,
214 2108 270 2145 M.
291 2107 486 2150 Cornelio,
508 2108 550 2145 P.
574 2109 798 2158 Sempronio
819 2108 1053 2145 consulibus.
1106 2108 1192 2145 Hu-

71 2173 137 2225 jus
157 2185 306 2222 quoque
327 2172 542 2208 dedicandae
563 2186 695 2208 caussa
714 2172 788 2209 ludi
809 2172 919 2208 facti:
944 2179 980 2208 et
997 2186 1042 2209 eo
1062 2174 1192 2210 omnia

79 2251 165 2274 cum
184 2236 328 2286 majore
350 2237 530 2286 religione
556 2237 669 2281 facta,
691 2238 792 2288 quod
811 2250 953 2274 novum
973 2250 1058 2274 cum
1078 2238 1192 2274 Anti-

79 2302 181 2339 ocho
200 2301 367 2337 instabat
386 2301 540 2339 bellum.

134 2364 352 2403 XXXVII.
389 2365 582 2417 Principio
616 2364 695 2416 ejus
731 2366 834 2410 annI,
870 2379 944 2416 quo
981 2366 1077 2410 haec,
1110 2364 1192 2415 jam
