1523 2666
112 252 153 283 U.
168 252 203 282 C.
220 262 293 286 552.

109 296 147 327 Α.
164 295 200 328 C.
219 304 292 330 200.

104 2303 246 2337 Dardani

106 2348 194 2397 male
204 2345 290 2380 mul-

106 2398 173 2423 tm.

305 168 389 210 320
763 169 810 197 T.
834 169 967 198 mvn

306 256 448 293 tardius
469 256 624 292 ductum
641 264 797 307 propter
816 259 1041 307 gravitatem
1062 273 1265 299 armorum.
1303 263 1417 302 Quod

306 320 372 357 ubi
398 321 564 364 advenit,
585 326 622 356 et
648 322 738 371 ipsis
768 322 1011 373 imperatum,
1035 333 1091 368 ut,
1120 326 1272 362 statutis
1299 326 1416 375 signis

305 386 493 436 armisque
528 392 616 422 ante
649 398 688 422 se
721 387 871 437 positiS,
902 389 1039 440 raptim
1066 389 1194 426 cibum
1222 397 1416 441 caperent,

303 450 402 487 binis
424 452 588 487 ternisve
609 463 796 487 summum
813 464 859 488 ex
878 453 1081 504 manipulis
1100 455 1264 504 aquandi
1284 467 1417 491 caussa

301 516 426 553 missis
443 531 451 553 z
484 516 636 552 interim
656 528 769 564 eques
791 529 875 553 cum
895 517 967 554 levi
983 525 1174 556 armatura
1188 526 1342 570 paratus
1358 520 1417 556 in-

302 586 543 629 structusque
571 581 691 623 stetit,
716 581 746 616 si
775 583 864 631 quid
890 583 1011 620 hostis
1040 591 1221 622 moveret.
1277 584 1417 629 AEtoli,

303 643 401 694 (jam
438 645 537 681 enim
576 651 628 688 et,
667 658 749 695 quae
784 659 851 697 per
887 660 998 697 agros
1038 649 1242 686 multitudo
1288 661 1419 700 sparsa

298 709 438 752 fuerat,
468 718 662 761 receperat
691 724 730 747 se
759 712 798 748 in
828 715 971 763 castra)
1003 721 1044 751 ut
1073 715 1263 752 defensuri
1291 715 1417 752 muni·-

298 782 442 818 menta,
468 776 568 812 circa
596 782 725 827 portas
756 777 969 828 vallumque
996 785 1162 816 armatos
1192 779 1416 830 disponunt,

299 840 389 876 dum
408 841 557 890 quietos
577 841 706 878 hostes
731 843 803 892 ipsi
830 842 976 880 feroces
998 857 1044 881 ex
1063 850 1150 881 tuto
1169 844 1412 896 spectabant:

299 911 504 957 postquam
533 913 640 943 mota
667 907 776 957 signa
804 907 1062 947 Macedonum
1091 916 1193 954 sunt,
1220 915 1257 946 et
1286 922 1416 947 succe·

299 971 387 1008 dere
407 972 454 1009 ad
473 972 612 1011 vallum
632 975 755 1025 parati
775 981 889 1025 atque
909 975 1085 1011 instructi
1102 987 1265 1026 coepere,
1282 987 1415 1012 omnes

298 1043 468 1087 repente,
507 1038 648 1076 relictis
682 1040 926 1083 stationibus,
960 1053 1028 1091 per
1059 1052 1230 1077 aversam
1267 1045 1416 1090 partem

298 1108 510 1140 castrorum
534 1104 582 1140 ad
610 1104 813 1149 tumulum,
833 1105 881 1142 ad
900 1112 1024 1141 castra
1042 1105 1303 1141 Athamanum
1329 1115 1415 1155 per-

296 1165 474 1215 fugiunt:
515 1167 625 1204 multi
661 1169 702 1205 in
731 1169 804 1205 hac
840 1181 992 1218 quoque
1029 1175 1109 1205 tam
1144 1168 1292 1219 trepida
1324 1168 1416 1217 fuga

297 1232 400 1281 capti
429 1232 591 1281 caesique
618 1239 708 1270 sunt
727 1232 961 1270 AEtolorum.
1017 1233 1231 1282 Philippus,
1262 1233 1294 1269 si
1323 1232 1417 1269 satis
1476 1225 1482 1235 ²

297 1296 373 1333 diei
401 1303 627 1348 superesset,
649 1310 727 1334 non
756 1297 906 1341 dubius,
935 1298 1027 1347 quin
1057 1297 1293 1334 Athamanes
1316 1310 1413 1347 quo-

298 1372 371 1411 que
391 1362 478 1400 exui
498 1362 629 1399 castris
650 1362 880 1413 potuissent,
901 1362 961 1399 die
980 1375 1046 1412 per
1065 1361 1256 1412 proelium,
1278 1361 1415 1399 deinde

297 1439 365 1477 per
390 1426 643 1478 direptionem
663 1433 875 1464 castrorum
898 1426 1089 1470 absumto,
1118 1426 1187 1464 sub
1207 1425 1354 1463 tumulo
1374 1426 1415 1464 in

297 1492 473 1543 proxima
501 1491 660 1543 planitie
688 1492 876 1536 consedit,
906 1493 1028 1544 prima
1063 1491 1146 1528 luce
1178 1491 1413 1542 insequentis

297 1556 372 1594 diei
391 1557 540 1594 hostem
560 1558 817 1606 adgressurus.
866 1557 940 1595 Sed
958 1556 1084 1594 AEtoli
1104 1556 1235 1593 eodem
1256 1569 1411 1608 pavore,

296 1634 374 1672 quo
403 1634 472 1659 sua
500 1631 625 1659 castra
648 1622 893 1671 reliquerant,
914 1629 1029 1658 nocte
1057 1622 1231 1672 proxima
1253 1620 1413 1671 dispersi

297 1686 491 1735 fugeruut,
546 1685 725 1723 Maximo
744 1686 828 1722 usui
853 1685 927 1722 fuit
946 1685 1204 1735 Amynander,
1225 1698 1302 1735 quo
1320 1685 1414 1722 duce

299 1752 548 1795 Athamanes,
580 1752 758 1789 itinerum
788 1751 915 1803 periti,
937 1751 1091 1787 summis
1121 1750 1316 1787 montibus
1346 1762 1414 1801 per

299 1816 412 1855 calles
434 1818 589 1866 ignotos
610 1816 854 1866 sequentibus
875 1828 940 1853 eos
960 1815 1134 1853 hostibus
1164 1816 1203 1852 in
1223 1815 1412 1852 AEtoliam

298 1884 574 1936 perduxerunt:
607 1895 686 1919 non
706 1882 760 1919 ita
781 1881 920 1919 multos
944 1882 983 1918 in
1012 1882 1179 1933 dispersa
1197 1881 1289 1930 fuga
1308 1894 1413 1917 error

297 1947 429 1985 intulit
447 1948 487 1984 in
506 1946 764 1984 Macedonum
784 1947 944 1996 equites,
965 1958 1059 1996 quos
1080 1945 1162 1982 luce
1182 1946 1304 1996 prima
1320 1944 1410 1982 Phi-

297 2012 437 2064 lippus,
468 2018 510 2048 ut
539 2011 728 2048 desertum
759 2009 946 2047 tumulum
974 2010 1082 2053 vidit,
1106 2009 1154 2046 ad
1183 2009 1413 2061 carpendum

299 2077 468 2115 hostium
488 2089 625 2125 agmen
646 2076 761 2113 misit.

351 2141 506 2180 XLIII.
536 2141 610 2178 Per
628 2153 693 2178 eos
719 2141 798 2177 dies
825 2146 862 2177 et
884 2140 1151 2188 Athenagoras
1172 2138 1297 2188 regius
1317 2151 1413 2189 prae-

297 2208 435 2252 fectus,
464 2206 667 2244 Dardanos
701 2205 925 2256 recipientes
958 2218 997 2242 se
1033 2205 1073 2241 in
1110 2204 1203 2241 fines
1241 2204 1412 2254 adeptus,

300 2280 536 2325 postremum
555 2284 690 2322 agmen
716 2271 840 2323 primo
867 2269 1058 2308 turbavit:
1090 2268 1192 2311 dein,
1212 2275 1414 2319 postquam

301 2336 475 2376 Dardani
491 2336 683 2374 conversis
697 2336 815 2385 signis
831 2335 1001 2374 direxere
1017 2334 1150 2378 aciem,
1166 2346 1272 2384 aequa
1288 2345 1413 2384 pugna
