1507 2656
350 226 504 255 LIBER
527 222 716 252 XXVIII.
750 221 857 249 CAP.
881 221 989 248 XVI.
1145 219 1223 260 105

105 323 215 362 rant5
249 314 514 352 cunctantibus
546 314 584 348 in
612 312 806 348 adversum
841 310 975 347 collem
1006 310 1148 358 erigere
1182 322 1221 345 a·
1238 318 1277 347 U.
1289 318 1324 349 C.
1344 324 1415 351 546.

105 382 200 417 ciem
234 380 443 416 Romanis:
477 378 561 413 inde
586 383 626 412 ut
654 376 783 412 inferri
813 375 959 424 inpigre
989 375 1097 422 signa
1120 374 1220 409 vide-
1236 361 1323 392 A·C·
1341 368 1414 393 ²⁰⁶·

105 452 205 488 runt,
236 446 423 493 integrata
442 442 547 490 fuga,
570 442 607 476 in
628 446 752 477 castra
781 440 906 490 pavidi
926 438 1218 488 compelluntur.

105 508 188 544 Nec
234 506 365 557 procul
401 506 499 542 vallo
538 505 735 541 Romanus
781 503 935 539 aberat:
986 503 1220 551 cepissetque

103 578 212 607 tanto
232 571 362 620 inpetu
383 576 520 613 castra,
542 569 579 604 ni
608 582 646 604 se
677 581 722 604 ex
742 566 955 603 vehementi
985 565 1077 608 sole,
1099 565 1218 614 qualis

102 636 201 670 inter
230 647 360 682 graves
388 634 508 670 imbre
539 633 658 669 nubes
690 631 857 680 effulget,
892 637 1000 668 tanta
1030 632 1095 667 vis,
1113 643 1219 679 aquae

100 697 313 749 dejecisset,
346 704 386 734 ut
421 698 481 733 vix
514 698 551 733 in
585 703 709 733 castra
739 709 805 732 sua
838 697 1049 747 receperint
1077 708 1116 731 se
1141 695 1219 731 v-ic-

102 769 202 799 tores
220 779 230 808 3
262 763 445 812 quosdam
465 763 577 798 etiarn
608 761 743 809 religio
764 761 906 810 ceperit
934 759 1088 796 ulterius
1109 760 1218 808 quid-

101 840 216 875 quam
235 840 280 862 eo
299 827 358 863 die
378 827 553 863 conandi.
611 823 969 873 Karthaginienses,
991 836 1218 872 quamquam

100 890 221 926 fessos
241 890 370 926 labore
390 904 433 926 ac
453 890 668 926 vulneribus
698 901 774 924 nox
795 887 990 936 imberque
1019 887 1066 923 ad
1086 899 1217 923 neces-

104 955 240 990 sariam
260 955 422 1003 quietem
445 953 619 996 vocabat,
642 960 783 995 tamen,
808 952 895 1000 quia
914 958 1034 987 metus
1055 957 1092 987 et
1118 952 1216 1001 peri·-

103 1017 229 1053 culum
248 1019 418 1054 cessandi
444 1031 522 1054 non
552 1018 667 1053 dabat
696 1024 859 1066 tempus,
889 1016 1012 1066 prima
1040 1015 1124 1052 luce
1146 1014 1216 1051 ob-

102 1083 323 1131 pugnaturis
350 1082 524 1118 hostibus
557 1088 693 1122 castra,
721 1081 821 1117 saxis
853 1080 1018 1128 undique
1047 1080 1146 1116 circa
1171 1092 1217 1116 ex

102 1146 321 1196 propinquis
342 1146 500 1182 vallibus
527 1146 717 1194 congestis
744 1151 886 1194 augent
912 1144 1064 1187 vallum,
1092 1145 1215 1180 muni-

104 1215 232 1245 mento
259 1223 352 1253 sese,
374 1210 524 1258 quando
548 1211 587 1245 in
615 1210 727 1245 armis
755 1221 887 1259 parum
914 1208 1076 1258 praesidii
1101 1207 1214 1250 foret,

102 1274 302 1311 defensuri.
360 1276 432 1312 Sed
462 1276 637 1311 transitio
669 1276 873 1317 sociorum,
905 1274 996 1323 fuga
1025 1280 1068 1309 ut
1097 1273 1217 1309 tutior

101 1350 207 1374 mora
239 1339 440 1381 videretur,
480 1339 582 1374 fecit.
638 1339 872 1389 Principium
908 1337 1131 1374 defectionis
1169 1336 1230 1373 ab>

102 1402 244 1437 Attane
277 1402 407 1451 regulo
440 1402 745 1438 Turdetanorum
775 1402 919 1439 factum
953 1407 1032 1437 est:
1064 1402 1095 1436 is
1131 1413 1216 1437 cum

100 1477 237 1513 magna
257 1465 495 1515 popularium
515 1479 628 1501 manu
656 1467 863 1514 transfugit
883 1481 890 1502 ε
923 1466 1009 1501 inde
1038 1465 1113 1500 duo
1133 1477 1215 1501 mu-

99 1530 181 1565 nita
210 1530 349 1580 oppida
378 1542 461 1565 cum
491 1530 673 1579 praesidiis
700 1531 839 1566 tradita
869 1543 891 1566 a
920 1529 1106 1580 praefectis
1132 1528 1215 1565 Ro-

99 1606 224 1630 mano.
281 1594 332 1629 Et
358 1607 404 1630 ne
432 1594 558 1637 latius,
590 1594 780 1631 inclinatis
813 1594 926 1631 semel
956 1593 1002 1630 ad
1032 1593 1213 1630 defectio-

100 1670 185 1693 nem
216 1658 364 1702 animis,
396 1666 560 1709 serperet
592 1672 665 1700 reS,
698 1659 850 1696 silentio
880 1659 1061 1710 proximae
1090 1659 1212 1695 noctis

100 1721 317 1758 Hasdrubal
337 1729 459 1759 castra
478 1729 615 1759 movet.

153 1784 263 1821 XVI.
294 1785 437 1834 Scipio,
466 1793 505 1821 ut
540 1787 659 1836 prima
691 1785 788 1828 lnce,
820 1788 883 1836 qui
917 1787 955 1822 in
984 1785 1211 1823 stationibus
1225 1791 1323 1839 Fusos
1338 1801 1406 1831 per-

98 1856 219 1892 erant,
246 1850 468 1893 retulerunt,
496 1850 686 1900 profectos
713 1851 856 1895 hostes,
885 1852 1078 1901 praemisso
1106 1852 1209 1900 equi·
1222 1841 1374 1874 sequitur.

7 1940 12 1960 ι
98 1919 180 1948 tatu
199 1913 307 1962 signa
326 1914 413 1950 ferri
436 1914 548 1964 jubet
567 1930 574 1951 :
607 1916 776 1964 adeoque
797 1917 915 1952 citato
939 1917 1089 1965 agmine
1108 1916 1209 1952 ducti

3 1966 9 2037 {⁴
98 1983 198 2020 sunt,
221 1984 274 2020 ut,
297 1979 326 2014 si
347 1980 406 2015 via
429 1987 532 2016 recta
552 1981 711 2029 vestigia
731 1987 928 2029 sequentes
959 1982 1089 2023 issent,
1110 1981 1210 2016 haud

4 2043 5 2071 i
98 2040 209 2076 dubie
228 2041 439 2078 adsecuturi
460 2043 599 2079 fuerint
618 2059 625 2079 2
658 2044 814 2080 (lucibus
835 2051 891 2080 est
911 2044 1107 2087 creditum,
1124 2044 1209 2079 bre-

97 2104 177 2139 vius
198 2104 297 2141 aliud
318 2119 397 2142 esse
427 2107 498 2142 iter
527 2107 574 2143 ad
591 2107 728 2144 Baetim
749 2108 916 2152 fluvium,
939 2114 980 2143 ut
1008 2114 1206 2144 transeun-

96 2172 152 2201 tes
183 2167 484 2216 adgrederentur.
542 2170 774 2214 Hasdrubal,
796 2171 924 2207 clauso
947 2172 1108 2207 transitu
1136 2171 1206 2206 flu-

98 2231 223 2274 minis,
243 2232 289 2269 ad
314 2245 497 2270 oceanum
525 2235 670 2270 flectit:
704 2234 843 2285 etjam
870 2236 955 2271 inde
980 2234 1206 2283 fugientium

98 2295 214 2331 modo
231 2297 336 2334 effusi
362 2298 541 2343 abibaut‚-
572 2300 682 2349 idque
712 2299 760 2336 ab
787 2298 1001 2348 legionibus
1022 2299 1206 2335 Romanis

99 2358 334 2409 aliquantum
358 2364 542 2400 intervalli
574 2364 678 2401 fecit.
732 2364 859 2415 Eques
888 2363 1054 2413 levisque
1086 2376 1206 2400 arma-

611 2428 682 2465 F5
