<?xml version="1.0" encoding="UTF-8"?>
<!DOCTYPE html PUBLIC "-//W3C//DTD XHTML 1.0 Transitional//EN"
    "http://www.w3.org/TR/xhtml1/DTD/xhtml1-transitional.dtd">
<html xmlns="http://www.w3.org/1999/xhtml" xml:lang="en" lang="en">
 <head>
  <title>
</title>
<meta http-equiv="Content-Type" content="text/html;charset=utf-8" />
  <meta name='ocr-system' content='tesseract 3.04.00' />
  <meta name='ocr-capabilities' content='ocr_page ocr_carea ocr_par ocr_line ocrx_word'/>
</head>
<body>
  <div class='ocr_page' id='page_1' title='image "./historiarumquaes03livyuoft/historiarumquaes03livyuoft_0231.png"; bbox 0 0 1507 2656; ppageno 0'>
   <div class='ocr_carea' id='block_1_1' title="bbox 0 1738 31 2656">
    <p class='ocr_par' dir='ltr' id='par_1_1' title="bbox 0 1738 31 2656">
     <span class='ocr_line' id='line_1_1' title="bbox 0 1738 31 2656; baseline 0 0"><span class='ocrx_word' id='word_1_1' title='bbox 0 1738 31 2656; x_wconf 95' lang='lat' dir='ltr'> </span> 
     </span>
    </p>
   </div>
   <div class='ocr_carea' id='block_1_2' title="bbox 367 187 1205 224">
    <p class='ocr_par' dir='ltr' id='par_1_2' title="bbox 367 187 1205 224">
     <span class='ocr_line' id='line_1_2' title="bbox 367 187 1205 224; baseline -0.01 0"><span class='ocrx_word' id='word_1_2' title='bbox 367 193 520 224; x_wconf 85' lang='lat' dir='ltr'>LIBER</span> <span class='ocrx_word' id='word_1_3' title='bbox 544 191 665 220; x_wconf 79' lang='lat' dir='ltr'>XXX.</span> <span class='ocrx_word' id='word_1_4' title='bbox 698 187 803 219; x_wconf 76' lang='lat' dir='ltr'>cAP.</span> <span class='ocrx_word' id='word_1_5' title='bbox 828 188 945 218; x_wconf 74' lang='lat' dir='ltr'>VIII.</span> <span class='ocrx_word' id='word_1_6' title='bbox 1129 187 1205 219; x_wconf 84' lang='lat'>221</span> 
     </span>
    </p>
   </div>
   <div class='ocr_carea' id='block_1_3' title="bbox 97 277 1424 2379">
    <p class='ocr_par' dir='ltr' id='par_1_3' title="bbox 97 277 1424 2379">
     <span class='ocr_line' id='line_1_3' title="bbox 98 277 1402 331; baseline -0.006 -9"><span class='ocrx_word' id='word_1_7' title='bbox 98 286 306 322; x_wconf 80' lang='lat' dir='ltr'>exciturum</span> <span class='ocrx_word' id='word_1_8' title='bbox 341 296 388 320; x_wconf 83' lang='lat' dir='ltr'>ex</span> <span class='ocrx_word' id='word_1_9' title='bbox 424 295 554 331; x_wconf 81' lang='lat' dir='ltr'>regnO.</span> <span class='ocrx_word' id='word_1_10' title='bbox 611 282 712 318; x_wconf 80' lang='lat' dir='ltr'>Scire</span> <span class='ocrx_word' id='word_1_11' title='bbox 746 281 923 322; x_wconf 78' lang='lat' dir='ltr'>incendio,</span> <span class='ocrx_word' id='word_1_12' title='bbox 961 290 1032 314; x_wconf 83' lang='lat' dir='ltr'>non</span> <span class='ocrx_word' id='word_1_13' title='bbox 1065 277 1204 326; x_wconf 70' lang='lat' dir='ltr'>proelio,</span> <span class='ocrx_word' id='word_1_14' title='bbox 1221 285 1260 316; x_wconf 85' lang='lat' dir='ltr'>U.</span> <span class='ocrx_word' id='word_1_15' title='bbox 1277 285 1313 315; x_wconf 92' lang='lat' dir='ltr'>C.</span> <span class='ocrx_word' id='word_1_16' title='bbox 1333 291 1402 317; x_wconf 79' lang='lat'>549.</span> 
     </span>
     <span class='ocr_line' id='line_1_4' title="bbox 98 329 1399 396; baseline -0.008 -10"><span class='ocrx_word' id='word_1_17' title='bbox 98 351 235 387; x_wconf 80' lang='lat' dir='ltr'><em>cladem</em></span> <span class='ocrx_word' id='word_1_18' title='bbox 252 352 436 396; x_wconf 78' lang='lat' dir='ltr'><em>acceptam</em></span> <span class='ocrx_word' id='word_1_19' title='bbox 449 363 460 383; x_wconf 92' lang='lat'>.·</span> <span class='ocrx_word' id='word_1_20' title='bbox 486 358 564 382; x_wconf 82' lang='lat' dir='ltr'>eum</span> <span class='ocrx_word' id='word_1_21' title='bbox 584 345 673 381; x_wconf 76' lang='lat' dir='ltr'>bello</span> <span class='ocrx_word' id='word_1_22' title='bbox 691 344 898 393; x_wconf 78' lang='lat' dir='ltr'>inferiorem</span> <span class='ocrx_word' id='word_1_23' title='bbox 916 354 998 385; x_wconf 64' lang='lat' dir='ltr'>esse,</span> <span class='ocrx_word' id='word_1_24' title='bbox 1020 343 1080 389; x_wconf 75' lang='lat' dir='ltr'>qui</span> <span class='ocrx_word' id='word_1_25' title='bbox 1098 330 1255 376; x_wconf 75' lang='lat' dir='ltr'>armisA·</span> <span class='ocrx_word' id='word_1_26' title='bbox 1273 329 1309 359; x_wconf 90' lang='lat' dir='ltr'>C.</span> <span class='ocrx_word' id='word_1_27' title='bbox 1326 335 1399 358; x_wconf 71' lang='lat'>2⁰³·</span> 
     </span>
     <span class='ocr_line' id='line_1_5' title="bbox 98 406 1424 458; baseline -0.008 -8"><span class='ocrx_word' id='word_1_28' title='bbox 98 416 272 450; x_wconf 33' lang='lat' dir='ltr'>‘vincatur‘</span> <span class='ocrx_word' id='word_1_29' title='bbox 328 411 423 447; x_wconf 82' lang='lat' dir='ltr'>Haec</span> <span class='ocrx_word' id='word_1_30' title='bbox 442 410 575 458; x_wconf 82' lang='lat' dir='ltr'>legatis</span> <span class='ocrx_word' id='word_1_31' title='bbox 597 421 788 458; x_wconf 86' lang='lat' dir='ltr'>responsa.</span> <span class='ocrx_word' id='word_1_32' title='bbox 836 407 889 442; x_wconf 83' lang='lat' dir='ltr'>Et</span> <span class='ocrx_word' id='word_1_33' title='bbox 908 412 994 456; x_wconf 88' lang='lat' dir='ltr'>post</span> <span class='ocrx_word' id='word_1_34' title='bbox 1015 406 1092 441; x_wconf 88' lang='lat' dir='ltr'>dies</span> <span class='ocrx_word' id='word_1_35' title='bbox 1112 417 1204 454; x_wconf 87' lang='lat' dir='ltr'>pau·</span> <span class='ocrx_word' id='word_1_36' title='bbox 1220 410 1424 448; x_wconf 79' lang='lat' dir='ltr'>Karthagini-</span> 
     </span>
     <span class='ocr_line' id='line_1_6' title="bbox 99 462 1381 536; baseline -0.007 -24"><span class='ocrx_word' id='word_1_37' title='bbox 99 489 163 512; x_wconf 90' lang='lat' dir='ltr'>cos</span> <span class='ocrx_word' id='word_1_38' title='bbox 192 487 317 512; x_wconf 85' lang='lat' dir='ltr'>rursus</span> <span class='ocrx_word' id='word_1_39' title='bbox 344 472 561 511; x_wconf 85' lang='lat' dir='ltr'>Hasdrubal</span> <span class='ocrx_word' id='word_1_40' title='bbox 581 479 619 508; x_wconf 90' lang='lat' dir='ltr'>et</span> <span class='ocrx_word' id='word_1_41' title='bbox 648 472 801 521; x_wconf 85' lang='lat' dir='ltr'>Syphax</span> <span class='ocrx_word' id='word_1_42' title='bbox 821 471 948 520; x_wconf 84' lang='lat' dir='ltr'>copias</span> <span class='ocrx_word' id='word_1_43' title='bbox 970 462 1381 536; x_wconf 45' lang='lat' dir='ltr'>junxeruntzssssgsescgss</span> 
     </span>
     <span class='ocr_line' id='line_1_7' title="bbox 98 532 1367 584; baseline -0.006 -8"><span class='ocrx_word' id='word_1_44' title='bbox 98 542 129 576; x_wconf 89' lang='lat' dir='ltr'>is</span> <span class='ocrx_word' id='word_1_45' title='bbox 149 539 271 575; x_wconf 89' lang='lat' dir='ltr'>omnis</span> <span class='ocrx_word' id='word_1_46' title='bbox 291 538 476 574; x_wconf 83' lang='lat' dir='ltr'>exercitus</span> <span class='ocrx_word' id='word_1_47' title='bbox 495 536 569 573; x_wconf 89' lang='lat' dir='ltr'>fuit</span> <span class='ocrx_word' id='word_1_48' title='bbox 587 536 745 584; x_wconf 85' lang='lat' dir='ltr'>triginta</span> <span class='ocrx_word' id='word_1_49' title='bbox 763 534 881 571; x_wconf 86' lang='lat' dir='ltr'>ferme</span> <span class='ocrx_word' id='word_1_50' title='bbox 908 532 1067 570; x_wconf 87' lang='lat' dir='ltr'>millium</span> <span class='ocrx_word' id='word_1_51' title='bbox 1087 544 1208 568; x_wconf 82' lang='lat' dir='ltr'>arma-</span> <span class='ocrx_word' id='word_1_52' title='bbox 1222 540 1367 579; x_wconf 79' lang='lat' dir='ltr'>Syphace</span> 
     </span>
     <span class='ocr_line' id='line_1_8' title="bbox 97 585 1373 639; baseline 0 0"><span class='ocrx_word' id='word_1_53' title='bbox 97 611 236 639; x_wconf 86' lang='lat' dir='ltr'>torum.</span> <span class='ocrx_word' id='word_1_54' title='bbox 1218 585 1373 623; x_wconf 84' lang='lat' dir='ltr'>jungunt.</span> 
     </span>
     <span class='ocr_line' id='line_1_9' title="bbox 152 661 1213 716; baseline -0.005 -15"><span class='ocrx_word' id='word_1_55' title='bbox 152 665 264 703; x_wconf 86' lang='lat' dir='ltr'>VIII.</span> <span class='ocrx_word' id='word_1_56' title='bbox 296 667 526 716; x_wconf 76' lang='lat' dir='ltr'>Scipionem,</span> <span class='ocrx_word' id='word_1_57' title='bbox 556 664 659 700; x_wconf 87' lang='lat' dir='ltr'>velut</span> <span class='ocrx_word' id='word_1_58' title='bbox 681 662 765 713; x_wconf 85' lang='lat' dir='ltr'>jam</span> <span class='ocrx_word' id='word_1_59' title='bbox 797 662 1000 705; x_wconf 82' lang='lat' dir='ltr'>debellato,</span> <span class='ocrx_word' id='word_1_60' title='bbox 1036 662 1136 711; x_wconf 88' lang='lat' dir='ltr'>quod</span> <span class='ocrx_word' id='word_1_61' title='bbox 1165 661 1213 697; x_wconf 84' lang='lat' dir='ltr'>ad</span> 
     </span>
     <span class='ocr_line' id='line_1_10' title="bbox 102 725 1212 780; baseline -0.006 -14"><span class='ocrx_word' id='word_1_62' title='bbox 102 731 311 780; x_wconf 85' lang='lat' dir='ltr'>Syphacem</span> <span class='ocrx_word' id='word_1_63' title='bbox 330 729 747 778; x_wconf 84' lang='lat' dir='ltr'>Karthaginiensesque</span> <span class='ocrx_word' id='word_1_64' title='bbox 776 727 975 768; x_wconf 81' lang='lat' dir='ltr'>adtineret,</span> <span class='ocrx_word' id='word_1_65' title='bbox 1001 725 1122 761; x_wconf 78' lang='lat' dir='ltr'>Uticae</span> <span class='ocrx_word' id='word_1_66' title='bbox 1143 725 1212 760; x_wconf 92' lang='lat' dir='ltr'>ob-</span> 
     </span>
     <span class='ocr_line' id='line_1_11' title="bbox 100 790 1213 844; baseline -0.006 -14"><span class='ocrx_word' id='word_1_67' title='bbox 100 794 311 844; x_wconf 86' lang='lat' dir='ltr'>pugnandae</span> <span class='ocrx_word' id='word_1_68' title='bbox 332 795 534 836; x_wconf 84' lang='lat' dir='ltr'>intentum,</span> <span class='ocrx_word' id='word_1_69' title='bbox 558 792 715 842; x_wconf 84' lang='lat' dir='ltr'>jamque</span> <span class='ocrx_word' id='word_1_70' title='bbox 734 791 927 828; x_wconf 87' lang='lat' dir='ltr'>machinas</span> <span class='ocrx_word' id='word_1_71' title='bbox 949 790 1213 826; x_wconf 87' lang='lat' dir='ltr'>admoventem</span> 
     </span>
     <span class='ocr_line' id='line_1_12' title="bbox 99 854 1213 905; baseline -0.005 -11"><span class='ocrx_word' id='word_1_72' title='bbox 99 859 229 901; x_wconf 85' lang='lat' dir='ltr'>muris,</span> <span class='ocrx_word' id='word_1_73' title='bbox 264 859 398 894; x_wconf 86' lang='lat' dir='ltr'>avertit</span> <span class='ocrx_word' id='word_1_74' title='bbox 431 858 532 894; x_wconf 86' lang='lat' dir='ltr'>fama</span> <span class='ocrx_word' id='word_1_75' title='bbox 563 857 805 905; x_wconf 86' lang='lat' dir='ltr'>redintegrati</span> <span class='ocrx_word' id='word_1_76' title='bbox 836 854 949 891; x_wconf 89' lang='lat' dir='ltr'>belli:</span> <span class='ocrx_word' id='word_1_77' title='bbox 982 854 1213 902; x_wconf 86' lang='lat' dir='ltr'>modicisque</span> 
     </span>
     <span class='ocr_line' id='line_1_13' title="bbox 101 918 1213 971; baseline -0.004 -15"><span class='ocrx_word' id='word_1_78' title='bbox 101 921 283 971; x_wconf 73' lang='lat' dir='ltr'>praesidiis</span> <span class='ocrx_word' id='word_1_79' title='bbox 313 921 359 957; x_wconf 86' lang='lat' dir='ltr'>ad</span> <span class='ocrx_word' id='word_1_80' title='bbox 379 922 541 970; x_wconf 89' lang='lat' dir='ltr'>speciem</span> <span class='ocrx_word' id='word_1_81' title='bbox 561 921 675 956; x_wconf 88' lang='lat' dir='ltr'>modo</span> <span class='ocrx_word' id='word_1_82' title='bbox 695 920 904 956; x_wconf 83' lang='lat' dir='ltr'>obsidionis</span> <span class='ocrx_word' id='word_1_83' title='bbox 923 924 1025 954; x_wconf 82' lang='lat' dir='ltr'>terra</span> <span class='ocrx_word' id='word_1_84' title='bbox 1043 918 1213 966; x_wconf 85' lang='lat' dir='ltr'>marique</span> 
     </span>
     <span class='ocr_line' id='line_1_14' title="bbox 100 982 1413 1037; baseline -0.002 -18"><span class='ocrx_word' id='word_1_85' title='bbox 100 984 255 1026; x_wconf 87' lang='lat' dir='ltr'>relictis,</span> <span class='ocrx_word' id='word_1_86' title='bbox 276 984 356 1034; x_wconf 86' lang='lat' dir='ltr'>ipse</span> <span class='ocrx_word' id='word_1_87' title='bbox 376 997 461 1019; x_wconf 92' lang='lat' dir='ltr'>cum</span> <span class='ocrx_word' id='word_1_88' title='bbox 480 984 616 1020; x_wconf 87' lang='lat' dir='ltr'>robore</span> <span class='ocrx_word' id='word_1_89' title='bbox 636 984 821 1019; x_wconf 85' lang='lat' dir='ltr'>exercitus</span> <span class='ocrx_word' id='word_1_90' title='bbox 842 983 895 1018; x_wconf 90' lang='lat' dir='ltr'>ire</span> <span class='ocrx_word' id='word_1_91' title='bbox 915 982 961 1018; x_wconf 88' lang='lat' dir='ltr'>ad</span> <span class='ocrx_word' id='word_1_92' title='bbox 980 982 1108 1018; x_wconf 86' lang='lat' dir='ltr'>hostes</span> <span class='ocrx_word' id='word_1_93' title='bbox 1129 994 1212 1031; x_wconf 79' lang='lat' dir='ltr'>per·</span> <span class='ocrx_word' id='word_1_94' title='bbox 1225 998 1285 1028; x_wconf 80' lang='lat' dir='ltr'>Eos</span> <span class='ocrx_word' id='word_1_95' title='bbox 1302 997 1413 1037; x_wconf 63' lang='lat' dir='ltr'>Psoeno</span> 
     </span>
     <span class='ocr_line' id='line_1_15' title="bbox 103 1041 1405 1098; baseline -0.002 -14"><span class='ocrx_word' id='word_1_96' title='bbox 103 1050 169 1098; x_wconf 85' lang='lat' dir='ltr'>git.</span> <span class='ocrx_word' id='word_1_97' title='bbox 225 1049 354 1085; x_wconf 86' lang='lat' dir='ltr'>Primo</span> <span class='ocrx_word' id='word_1_98' title='bbox 384 1050 422 1085; x_wconf 92' lang='lat' dir='ltr'>in</span> <span class='ocrx_word' id='word_1_99' title='bbox 452 1049 613 1091; x_wconf 89' lang='lat' dir='ltr'>tumulo,</span> <span class='ocrx_word' id='word_1_100' title='bbox 648 1054 811 1097; x_wconf 87' lang='lat' dir='ltr'>quatuor</span> <span class='ocrx_word' id='word_1_101' title='bbox 844 1047 961 1083; x_wconf 91' lang='lat' dir='ltr'>ferme</span> <span class='ocrx_word' id='word_1_102' title='bbox 993 1045 1112 1082; x_wconf 84' lang='lat' dir='ltr'>millia</span> <span class='ocrx_word' id='word_1_103' title='bbox 1137 1046 1212 1081; x_wconf 88' lang='lat' dir='ltr'>dis·</span> <span class='ocrx_word' id='word_1_104' title='bbox 1224 1043 1323 1090; x_wconf 60' lang='lat' dir='ltr'>vincit</span> <span class='ocrx_word' id='word_1_105' title='bbox 1338 1041 1405 1070; x_wconf 63' lang='grc' dir='ltr'>5οῑ-</span> 
     </span>
     <span class='ocr_line' id='line_1_16' title="bbox 102 1094 1289 1162; baseline -0.003 -13"><span class='ocrx_word' id='word_1_106' title='bbox 102 1120 208 1149; x_wconf 87' lang='lat' dir='ltr'>tante</span> <span class='ocrx_word' id='word_1_107' title='bbox 237 1113 284 1149; x_wconf 90' lang='lat' dir='ltr'>ab</span> <span class='ocrx_word' id='word_1_108' title='bbox 314 1114 444 1149; x_wconf 86' lang='lat' dir='ltr'>castris</span> <span class='ocrx_word' id='word_1_109' title='bbox 474 1113 601 1162; x_wconf 84' lang='lat' dir='ltr'>regiis,</span> <span class='ocrx_word' id='word_1_110' title='bbox 633 1113 829 1148; x_wconf 85' lang='lat' dir='ltr'>consedit:</span> <span class='ocrx_word' id='word_1_111' title='bbox 862 1118 1016 1161; x_wconf 83' lang='lat' dir='ltr'>postero</span> <span class='ocrx_word' id='word_1_112' title='bbox 1047 1111 1105 1146; x_wconf 89' lang='lat' dir='ltr'>die</span> <span class='ocrx_word' id='word_1_113' title='bbox 1129 1094 1289 1146; x_wconf 74' lang='lat' dir='ltr'>cump¹⁰&#39;</span> 
     </span>
     <span class='ocr_line' id='line_1_17' title="bbox 102 1173 1213 1225; baseline -0.002 -13"><span class='ocrx_word' id='word_1_114' title='bbox 102 1177 273 1225; x_wconf 86' lang='lat' dir='ltr'>equitatu</span> <span class='ocrx_word' id='word_1_115' title='bbox 302 1177 341 1212; x_wconf 91' lang='lat' dir='ltr'>in</span> <span class='ocrx_word' id='word_1_116' title='bbox 369 1176 535 1225; x_wconf 80' lang='lat' dir='ltr'>Magnos</span> <span class='ocrx_word' id='word_1_117' title='bbox 559 1177 630 1224; x_wconf 84' lang='lat' dir='ltr'>(ita</span> <span class='ocrx_word' id='word_1_118' title='bbox 649 1177 803 1221; x_wconf 76' lang='lat' dir='ltr'>vocant)</span> <span class='ocrx_word' id='word_1_119' title='bbox 828 1187 994 1224; x_wconf 71' lang='lat' dir='ltr'>camp05,</span> <span class='ocrx_word' id='word_1_120' title='bbox 1022 1173 1213 1223; x_wconf 80' lang='lat' dir='ltr'>subjectos</span> 
     </span>
     <span class='ocr_line' id='line_1_18' title="bbox 103 1239 1214 1289; baseline -0.002 -13"><span class='ocrx_word' id='word_1_121' title='bbox 103 1241 138 1276; x_wconf 82' lang='lat' dir='ltr'>ei</span> <span class='ocrx_word' id='word_1_122' title='bbox 157 1241 318 1283; x_wconf 79' lang='lat' dir='ltr'>tumulo,</span> <span class='ocrx_word' id='word_1_123' title='bbox 343 1241 552 1289; x_wconf 79' lang='lat' dir='ltr'>degressus,</span> <span class='ocrx_word' id='word_1_124' title='bbox 583 1240 817 1276; x_wconf 86' lang='lat' dir='ltr'>succedendo</span> <span class='ocrx_word' id='word_1_125' title='bbox 838 1239 884 1275; x_wconf 87' lang='lat' dir='ltr'>ad</span> <span class='ocrx_word' id='word_1_126' title='bbox 913 1239 1095 1274; x_wconf 79' lang='lat' dir='ltr'>stationes</span> <span class='ocrx_word' id='word_1_127' title='bbox 1124 1239 1214 1274; x_wconf 88' lang='lat' dir='ltr'>hos-</span> 
     </span>
     <span class='ocr_line' id='line_1_19' title="bbox 101 1302 1211 1354; baseline -0.002 -15"><span class='ocrx_word' id='word_1_128' title='bbox 101 1305 211 1347; x_wconf 83' lang='lat' dir='ltr'>tium,</span> <span class='ocrx_word' id='word_1_129' title='bbox 232 1305 524 1353; x_wconf 84' lang='lat' dir='ltr'>lacessendoque</span> <span class='ocrx_word' id='word_1_130' title='bbox 542 1305 685 1341; x_wconf 79' lang='lat' dir='ltr'>levibus</span> <span class='ocrx_word' id='word_1_131' title='bbox 706 1304 863 1354; x_wconf 77' lang='lat' dir='ltr'>proeliis,</span> <span class='ocrx_word' id='word_1_132' title='bbox 885 1304 981 1339; x_wconf 90' lang='lat' dir='ltr'>diem</span> <span class='ocrx_word' id='word_1_133' title='bbox 1005 1302 1211 1338; x_wconf 83' lang='lat' dir='ltr'>absumsit:</span> 
     </span>
     <span class='ocr_line' id='line_1_20' title="bbox 102 1366 1215 1417; baseline -0.001 -14"><span class='ocrx_word' id='word_1_134' title='bbox 102 1374 142 1403; x_wconf 88' lang='lat' dir='ltr'>et</span> <span class='ocrx_word' id='word_1_135' title='bbox 159 1380 225 1417; x_wconf 87' lang='lat' dir='ltr'>per</span> <span class='ocrx_word' id='word_1_136' title='bbox 244 1370 443 1417; x_wconf 81' lang='lat' dir='ltr'>insequens</span> <span class='ocrx_word' id='word_1_137' title='bbox 463 1369 618 1405; x_wconf 87' lang='lat' dir='ltr'>biduum</span> <span class='ocrx_word' id='word_1_138' title='bbox 639 1368 880 1404; x_wconf 83' lang='lat' dir='ltr'>tumultuosis</span> <span class='ocrx_word' id='word_1_139' title='bbox 911 1368 999 1403; x_wconf 88' lang='lat' dir='ltr'>hinc</span> <span class='ocrx_word' id='word_1_140' title='bbox 1028 1373 1140 1416; x_wconf 82' lang='lat' dir='ltr'>atque</span> <span class='ocrx_word' id='word_1_141' title='bbox 1169 1366 1215 1402; x_wconf 87' lang='lat' dir='ltr'>il-</span> 
     </span>
     <span class='ocr_line' id='line_1_21' title="bbox 101 1430 1216 1479; baseline 0.001 -12"><span class='ocrx_word' id='word_1_142' title='bbox 101 1430 178 1467; x_wconf 84' lang='lat' dir='ltr'>linc</span> <span class='ocrx_word' id='word_1_143' title='bbox 198 1432 481 1468; x_wconf 84' lang='lat' dir='ltr'>excursionibus</span> <span class='ocrx_word' id='word_1_144' title='bbox 501 1434 539 1468; x_wconf 91' lang='lat' dir='ltr'>in</span> <span class='ocrx_word' id='word_1_145' title='bbox 560 1434 691 1475; x_wconf 82' lang='lat' dir='ltr'>vicem,</span> <span class='ocrx_word' id='word_1_146' title='bbox 712 1433 808 1468; x_wconf 88' lang='lat' dir='ltr'>nihil</span> <span class='ocrx_word' id='word_1_147' title='bbox 827 1433 929 1469; x_wconf 78' lang='lat' dir='ltr'>dictu</span> <span class='ocrx_word' id='word_1_148' title='bbox 949 1432 1038 1467; x_wconf 87' lang='lat' dir='ltr'>satis</span> <span class='ocrx_word' id='word_1_149' title='bbox 1059 1431 1216 1479; x_wconf 80' lang='lat' dir='ltr'>dignum</span> 
     </span>
     <span class='ocr_line' id='line_1_22' title="bbox 102 1495 1216 1546; baseline -0.001 -15"><span class='ocrx_word' id='word_1_150' title='bbox 102 1495 296 1541; x_wconf 82' lang='lat' dir='ltr'>fecerunt3</span> <span class='ocrx_word' id='word_1_151' title='bbox 330 1504 465 1544; x_wconf 83' lang='lat' dir='ltr'>quarto</span> <span class='ocrx_word' id='word_1_152' title='bbox 485 1497 545 1532; x_wconf 91' lang='lat' dir='ltr'>die</span> <span class='ocrx_word' id='word_1_153' title='bbox 573 1498 759 1546; x_wconf 87' lang='lat' dir='ltr'>utrimque</span> <span class='ocrx_word' id='word_1_154' title='bbox 789 1498 828 1533; x_wconf 89' lang='lat' dir='ltr'>in</span> <span class='ocrx_word' id='word_1_155' title='bbox 857 1498 975 1532; x_wconf 86' lang='lat' dir='ltr'>aciem</span> <span class='ocrx_word' id='word_1_156' title='bbox 995 1496 1216 1531; x_wconf 81' lang='lat' dir='ltr'>descensum</span> 
     </span>
     <span class='ocr_line' id='line_1_23' title="bbox 104 1558 1217 1610; baseline 0 -16"><span class='ocrx_word' id='word_1_157' title='bbox 104 1565 172 1596; x_wconf 88' lang='lat' dir='ltr'>est.</span> <span class='ocrx_word' id='word_1_158' title='bbox 228 1558 425 1596; x_wconf 84' lang='lat' dir='ltr'>Romanus</span> <span class='ocrx_word' id='word_1_159' title='bbox 465 1562 653 1610; x_wconf 86' lang='lat' dir='ltr'>principes</span> <span class='ocrx_word' id='word_1_160' title='bbox 698 1568 785 1610; x_wconf 89' lang='lat' dir='ltr'>post</span> <span class='ocrx_word' id='word_1_161' title='bbox 821 1561 1058 1596; x_wconf 79' lang='lat' dir='ltr'>hastatorum</span> <span class='ocrx_word' id='word_1_162' title='bbox 1095 1560 1217 1609; x_wconf 83' lang='lat' dir='ltr'>prima</span> 
     </span>
     <span class='ocr_line' id='line_1_24' title="bbox 104 1623 1216 1671; baseline 0.001 -13"><span class='ocrx_word' id='word_1_163' title='bbox 104 1623 225 1671; x_wconf 82' lang='lat' dir='ltr'>signa,</span> <span class='ocrx_word' id='word_1_164' title='bbox 264 1624 303 1658; x_wconf 91' lang='lat' dir='ltr'>in</span> <span class='ocrx_word' id='word_1_165' title='bbox 340 1623 514 1659; x_wconf 78' lang='lat' dir='ltr'>subsidiis</span> <span class='ocrx_word' id='word_1_166' title='bbox 552 1625 702 1660; x_wconf 84' lang='lat' dir='ltr'>triarios</span> <span class='ocrx_word' id='word_1_167' title='bbox 741 1625 962 1659; x_wconf 84' lang='lat' dir='ltr'>constituit:</span> <span class='ocrx_word' id='word_1_168' title='bbox 1005 1624 1216 1671; x_wconf 80' lang='lat' dir='ltr'>equitatum</span> 
     </span>
     <span class='ocr_line' id='line_1_25' title="bbox 103 1684 1216 1730; baseline 0 -9"><span class='ocrx_word' id='word_1_169' title='bbox 103 1684 279 1722; x_wconf 82' lang='lat' dir='ltr'>Italicum</span> <span class='ocrx_word' id='word_1_170' title='bbox 300 1686 346 1722; x_wconf 87' lang='lat' dir='ltr'>ab</span> <span class='ocrx_word' id='word_1_171' title='bbox 377 1687 510 1722; x_wconf 75' lang='lat' dir='ltr'>dextro</span> <span class='ocrx_word' id='word_1_172' title='bbox 537 1700 669 1730; x_wconf 86' lang='lat' dir='ltr'>cornu,</span> <span class='ocrx_word' id='word_1_173' title='bbox 691 1687 736 1723; x_wconf 85' lang='lat' dir='ltr'>ab</span> <span class='ocrx_word' id='word_1_174' title='bbox 767 1687 861 1722; x_wconf 70' lang='lat' dir='ltr'>laevo</span> <span class='ocrx_word' id='word_1_175' title='bbox 882 1687 1065 1723; x_wconf 82' lang='lat' dir='ltr'>Numidas</span> <span class='ocrx_word' id='word_1_176' title='bbox 1094 1686 1216 1722; x_wconf 76' lang='lat' dir='ltr'>Masi-</span> 
     </span>
     <span class='ocr_line' id='line_1_26' title="bbox 103 1750 1216 1801; baseline 0.002 -17"><span class='ocrx_word' id='word_1_177' title='bbox 103 1751 318 1798; x_wconf 82' lang='lat' dir='ltr'>nissamque</span> <span class='ocrx_word' id='word_1_178' title='bbox 335 1750 525 1800; x_wconf 88' lang='lat' dir='ltr'>obposuit.</span> <span class='ocrx_word' id='word_1_179' title='bbox 575 1752 728 1801; x_wconf 84' lang='lat' dir='ltr'>Syphax</span> <span class='ocrx_word' id='word_1_180' title='bbox 748 1751 1056 1800; x_wconf 82' lang='lat' dir='ltr'>Hasdrubalque,</span> <span class='ocrx_word' id='word_1_181' title='bbox 1077 1750 1216 1786; x_wconf 85' lang='lat' dir='ltr'>Numi-</span> 
     </span>
     <span class='ocr_line' id='line_1_27' title="bbox 104 1813 1216 1865; baseline 0.002 -16"><span class='ocrx_word' id='word_1_182' title='bbox 104 1813 196 1849; x_wconf 76' lang='lat' dir='ltr'>dicis</span> <span class='ocrx_word' id='word_1_183' title='bbox 227 1815 401 1850; x_wconf 84' lang='lat' dir='ltr'>adversus</span> <span class='ocrx_word' id='word_1_184' title='bbox 432 1815 606 1851; x_wconf 89' lang='lat' dir='ltr'>Italicum</span> <span class='ocrx_word' id='word_1_185' title='bbox 636 1817 859 1864; x_wconf 82' lang='lat' dir='ltr'>equitatum,</span> <span class='ocrx_word' id='word_1_186' title='bbox 881 1816 1216 1865; x_wconf 84' lang='lat' dir='ltr'>Karthaginiensi-</span> 
     </span>
     <span class='ocr_line' id='line_1_28' title="bbox 99 1876 1218 1924; baseline 0.003 -12"><span class='ocrx_word' id='word_1_187' title='bbox 99 1876 170 1913; x_wconf 88' lang='lat' dir='ltr'>bus</span> <span class='ocrx_word' id='word_1_188' title='bbox 192 1885 324 1914; x_wconf 84' lang='lat' dir='ltr'>contra</span> <span class='ocrx_word' id='word_1_189' title='bbox 341 1878 583 1915; x_wconf 84' lang='lat' dir='ltr'>Masinissam</span> <span class='ocrx_word' id='word_1_190' title='bbox 603 1879 752 1924; x_wconf 86' lang='lat' dir='ltr'>locatis,</span> <span class='ocrx_word' id='word_1_191' title='bbox 771 1879 981 1916; x_wconf 87' lang='lat' dir='ltr'>Celtiberos</span> <span class='ocrx_word' id='word_1_192' title='bbox 1000 1880 1038 1915; x_wconf 88' lang='lat' dir='ltr'>in</span> <span class='ocrx_word' id='word_1_193' title='bbox 1055 1879 1218 1915; x_wconf 78' lang='lat' dir='ltr'>mediam</span> 
     </span>
     <span class='ocr_line' id='line_1_29' title="bbox 102 1942 1217 1994; baseline 0.003 -18"><span class='ocrx_word' id='word_1_194' title='bbox 102 1942 219 1977; x_wconf 83' lang='lat' dir='ltr'>aciem</span> <span class='ocrx_word' id='word_1_195' title='bbox 251 1942 287 1976; x_wconf 90' lang='lat' dir='ltr'>in</span> <span class='ocrx_word' id='word_1_196' title='bbox 318 1943 470 1979; x_wconf 74' lang='lat' dir='ltr'>adversa</span> <span class='ocrx_word' id='word_1_197' title='bbox 490 1944 597 1992; x_wconf 78' lang='lat' dir='ltr'>signa</span> <span class='ocrx_word' id='word_1_198' title='bbox 622 1944 815 1993; x_wconf 85' lang='lat' dir='ltr'>legionum</span> <span class='ocrx_word' id='word_1_199' title='bbox 844 1956 1043 1994; x_wconf 88' lang='lat' dir='ltr'>accepere:</span> <span class='ocrx_word' id='word_1_200' title='bbox 1078 1945 1130 1979; x_wconf 83' lang='lat' dir='ltr'>ita</span> <span class='ocrx_word' id='word_1_201' title='bbox 1158 1944 1217 1979; x_wconf 81' lang='lat' dir='ltr'>in-</span> 
     </span>
     <span class='ocr_line' id='line_1_30' title="bbox 103 2006 1217 2059; baseline 0.002 -18"><span class='ocrx_word' id='word_1_202' title='bbox 103 2006 235 2042; x_wconf 85' lang='lat' dir='ltr'>structi</span> <span class='ocrx_word' id='word_1_203' title='bbox 279 2014 519 2044; x_wconf 82' lang='lat' dir='ltr'>concurrunt.</span> <span class='ocrx_word' id='word_1_204' title='bbox 576 2008 705 2044; x_wconf 84' lang='lat' dir='ltr'>Primo</span> <span class='ocrx_word' id='word_1_205' title='bbox 742 2010 873 2059; x_wconf 87' lang='lat' dir='ltr'>inpetu</span> <span class='ocrx_word' id='word_1_206' title='bbox 911 2007 1021 2044; x_wconf 79' lang='lat' dir='ltr'>simul</span> <span class='ocrx_word' id='word_1_207' title='bbox 1060 2015 1217 2057; x_wconf 86' lang='lat' dir='ltr'>utraque</span> 
     </span>
     <span class='ocr_line' id='line_1_31' title="bbox 105 2071 1217 2122; baseline 0.003 -18"><span class='ocrx_word' id='word_1_208' title='bbox 105 2082 260 2113; x_wconf 82' lang='lat' dir='ltr'>cornua,</span> <span class='ocrx_word' id='word_1_209' title='bbox 281 2077 317 2106; x_wconf 92' lang='lat' dir='ltr'>et</span> <span class='ocrx_word' id='word_1_210' title='bbox 335 2071 510 2107; x_wconf 54' lang='lat' dir='ltr'>Numidae</span> <span class='ocrx_word' id='word_1_211' title='bbox 535 2079 572 2108; x_wconf 81' lang='lat' dir='ltr'>et</span> <span class='ocrx_word' id='word_1_212' title='bbox 600 2073 944 2122; x_wconf 81' lang='lat' dir='ltr'>Karthaginienses</span> <span class='ocrx_word' id='word_1_213' title='bbox 974 2072 1094 2122; x_wconf 77' lang='lat' dir='ltr'>pulsi:</span> <span class='ocrx_word' id='word_1_214' title='bbox 1128 2085 1217 2108; x_wconf 89' lang='lat' dir='ltr'>nam</span> 
     </span>
     <span class='ocr_line' id='line_1_32' title="bbox 105 2134 1218 2186; baseline 0.002 -17"><span class='ocrx_word' id='word_1_215' title='bbox 105 2146 226 2181; x_wconf 86' lang='lat' dir='ltr'>neque</span> <span class='ocrx_word' id='word_1_216' title='bbox 255 2134 444 2179; x_wconf 79' lang='lat' dir='ltr'>Numidae,</span> <span class='ocrx_word' id='word_1_217' title='bbox 477 2137 642 2172; x_wconf 83' lang='lat' dir='ltr'>maxima</span> <span class='ocrx_word' id='word_1_218' title='bbox 674 2150 758 2186; x_wconf 84' lang='lat' dir='ltr'>pars</span> <span class='ocrx_word' id='word_1_219' title='bbox 787 2144 969 2185; x_wconf 79' lang='lat' dir='ltr'>agreste8‚</span> <span class='ocrx_word' id='word_1_220' title='bbox 998 2137 1218 2172; x_wconf 84' lang='lat' dir='ltr'>Romanum</span> 
     </span>
     <span class='ocr_line' id='line_1_33' title="bbox 107 2199 1215 2251; baseline 0.004 -19"><span class='ocrx_word' id='word_1_221' title='bbox 107 2199 328 2246; x_wconf 82' lang='lat' dir='ltr'>equitatum,</span> <span class='ocrx_word' id='word_1_222' title='bbox 366 2213 487 2249; x_wconf 86' lang='lat' dir='ltr'>neque</span> <span class='ocrx_word' id='word_1_223' title='bbox 523 2202 879 2250; x_wconf 82' lang='lat' dir='ltr'>Karthaginienses,</span> <span class='ocrx_word' id='word_1_224' title='bbox 917 2208 954 2238; x_wconf 90' lang='lat' dir='ltr'>et</span> <span class='ocrx_word' id='word_1_225' title='bbox 983 2203 1062 2251; x_wconf 87' lang='lat' dir='ltr'>ipse</span> <span class='ocrx_word' id='word_1_226' title='bbox 1096 2213 1215 2237; x_wconf 85' lang='lat' dir='ltr'>novus</span> 
     </span>
     <span class='ocr_line' id='line_1_34' title="bbox 106 2261 1217 2315; baseline 0.005 -20"><span class='ocrx_word' id='word_1_227' title='bbox 106 2261 226 2304; x_wconf 87' lang='lat' dir='ltr'>miles,</span> <span class='ocrx_word' id='word_1_228' title='bbox 246 2262 502 2307; x_wconf 75' lang='lat' dir='ltr'>Masinis-sam,</span> <span class='ocrx_word' id='word_1_229' title='bbox 524 2266 664 2300; x_wconf 89' lang='lat' dir='ltr'>recenti</span> <span class='ocrx_word' id='word_1_230' title='bbox 689 2278 799 2315; x_wconf 86' lang='lat' dir='ltr'>super</span> <span class='ocrx_word' id='word_1_231' title='bbox 820 2273 944 2302; x_wconf 84' lang='lat' dir='ltr'>cetera</span> <span class='ocrx_word' id='word_1_232' title='bbox 965 2266 1121 2301; x_wconf 85' lang='lat' dir='ltr'>victoria</span> <span class='ocrx_word' id='word_1_233' title='bbox 1141 2270 1217 2300; x_wconf 84' lang='lat' dir='ltr'>ter-</span> 
     </span>
     <span class='ocr_line' id='line_1_35' title="bbox 107 2325 1215 2379; baseline 0.003 -19"><span class='ocrx_word' id='word_1_234' title='bbox 107 2325 268 2369; x_wconf 80' lang='lat' dir='ltr'>ribilem,</span> <span class='ocrx_word' id='word_1_235' title='bbox 291 2329 512 2366; x_wconf 78' lang='lat' dir='ltr'>sustinuere.</span> <span class='ocrx_word' id='word_1_236' title='bbox 553 2329 708 2365; x_wconf 79' lang='lat' dir='ltr'>Nudata</span> <span class='ocrx_word' id='word_1_237' title='bbox 729 2331 915 2379; x_wconf 81' lang='lat' dir='ltr'>utrimque</span> <span class='ocrx_word' id='word_1_238' title='bbox 932 2329 1108 2366; x_wconf 79' lang='lat' dir='ltr'>cornibus</span> <span class='ocrx_word' id='word_1_239' title='bbox 1130 2328 1215 2364; x_wconf 84' lang='lat' dir='ltr'>Cel-</span> 
     </span>
    </p>
   </div>
   <div class='ocr_carea' id='block_1_4' title="bbox 634 2391 709 2429">
    <p class='ocr_par' dir='ltr' id='par_1_4' title="bbox 634 2391 709 2429">
     <span class='ocr_line' id='line_1_36' title="bbox 634 2391 709 2429; baseline 0.013 -1"><span class='ocrx_word' id='word_1_240' title='bbox 634 2391 709 2429; x_wconf 81' lang='lat' dir='ltr'>L3</span> 
     </span>
    </p>
   </div>
  </div>
 </body>
</html>
