1507 2656
379 156 534 212 LJBER
556 179 724 210 xxvn.
756 179 870 209 CAP.
894 180 989 210 xn.
1194 180 1240 212 21

175 270 270 310 XII.
307 270 526 307 Transactis
564 269 755 314 omnibus,
794 282 876 320 quae
914 268 1049 306 Romae
1087 269 1429 318 agendaU.C.54a.

117 343 239 380 erant,
271 335 443 373 consules
474 336 521 372 ad
549 335 690 372 bellum
719 335 893 386 profecti.
950 335 1060 371 Prior
1079 333 1232 370 Fulvius
1247 320 1285 349 Α·
1302 317 1429 351 0'209'

117 412 345 451 praegressus
373 401 556 450 Capuam.
615 399 708 435 Post
736 412 877 450 paucos
897 399 973 435 dies
1008 404 1233 434 consecutus

117 464 281 508 Fabius;
314 464 377 512 qui
407 469 445 499 et
475 463 660 511 collegam
689 475 817 499 coram
848 462 1075 504 obtestatus,
1103 468 1140 497 et
1170 474 1236 511 per

116 527 242 564 literas
266 527 505 571 Marcellum,
528 534 569 563 ut
588 541 699 577 quam
726 528 909 564 acerrimo
928 526 1029 563 bello
1049 527 1236 562 detineret

115 591 387 635 Hannibalem,
423 593 511 628 dum
549 593 628 642 ipse
657 592 866 628 Tarentum
896 590 1157 640 obpugnaret:
1191 602 1235 625 ea
1250 600 1365 630 Fabius
1379 605 1441 631 sta·

1248 644 1309 673 tuit
1324 644 1445 673 Taren-

1248 693 1320 716 tum
1336 685 1394 715 ob-

112 721 275 764 sisteret,
306 734 376 757 nec
400 720 490 770 quid
518 721 633 757 fidum
666 721 869 771 respiceret
898 721 1069 763 habenti,
1098 731 1146 755 ne
1177 732 1234 755 re-
1248 738 1402 770 pugnare.

114 785 286 821 morandi
306 785 456 834 quidem
486 798 655 821 caussam
687 786 725 821 in
752 784 865 821 Italia
889 785 983 820 fore.
1040 783 1234 832 Rhegium

112 849 227 884 etiam
256 849 436 885 nuncium
464 850 585 885 mittit
609 850 655 886 ad
683 849 903 899 praefectum
930 848 1109 899 praesidii,
1130 848 1232 897 quod

116 911 162 948 ab
191 911 350 948 Laevino
384 911 539 948 consule
573 913 748 949 adversus
779 913 950 949 Bruttios
980 913 1033 948 ibi
1063 912 1230 948 locatum

115 657 207 693 urbe
227 657 377 693 ademta
403 657 505 693 hosti
525 656 607 707 jam
630 657 794 706 undique
823 656 947 706 pulso,
969 669 1038 691 nec
1058 655 1122 691 ubi
1143 667 1234 691 con-

116 981 211 1017 erat,
233 980 321 1011 octo
344 975 461 1011 millia
491 976 712 1012 hominum:
746 989 830 1027 pars
862 977 1028 1012 maxima
1059 976 1106 1011 ab
1127 977 1233 1024 Aga-

114 1039 253 1088 thyrna
274 1040 389 1087 (sicut
418 1045 530 1076 antea
556 1040 698 1076 dictum
724 1042 798 1086 est)
822 1054 866 1077 ex
889 1040 1018 1077 Sicilia
1044 1041 1232 1083 traducta,

114 1108 224 1152 rapto
261 1103 384 1139 vivere
421 1104 619 1139 hominum
665 1104 907 1141 adsuetorum
924 1120 930 1140 e
972 1104 1087 1140 additi
1125 1109 1234 1140 erant

113 1165 352 1202 Bruttiorum
379 1167 542 1204 indidem
566 1168 748 1217 perfugae,
770 1175 808 1204 et
827 1169 985 1204 audacia
1013 1175 1051 1204 et
1071 1167 1233 1204 audendi

114 1231 243 1266 omnia
261 1231 549 1267 necessitatibus
570 1244 690 1281 pareS.
748 1232 861 1268 Hanc
878 1245 1032 1268 manum
1053 1232 1099 1268 ad
1116 1231 1234 1267 Brut-

114 1295 208 1330 tium
228 1296 390 1345 primum
410 1308 542 1344 agrum
563 1296 870 1347 depopulandum
890 1296 973 1332 duci
993 1296 1124 1346 jussit,
1145 1295 1233 1331 inde

112 1359 159 1394 ad
180 1359 404 1395 Cauloniam
424 1359 555 1396 urbem
576 1361 883 1410 obpugnandam.
942 1361 1134 1410 Imperata
1154 1372 1232 1396 non

112 1422 258 1472 inpigre
279 1422 415 1466 solum,
437 1424 501 1459 sed
521 1425 635 1460 etiam
656 1425 777 1468 avide,
799 1426 981 1467 exsecuti,
999 1425 1153 1473 direptis
1171 1423 1231 1460 fu-

109 1486 282 1535 gatisque
302 1486 509 1523 cultoribus
537 1490 631 1537 agri,
653 1501 799 1525 summa
819 1491 852 1525 vi
879 1489 1009 1525 urbem
1030 1488 1230 1538 obpugna-

112 1549 216 1587 bant.
272 1550 492 1595 Marcellus,
515 1558 552 1587 et
571 1552 736 1588 consulis
763 1553 882 1589 literis
903 1554 1064 1596 excitus,
1086 1558 1123 1588 et
1142 1553 1230 1601 quia
1245 1563 1419 1595 Marcellus

1243 1608 1281 1636 ad
1299 1607 1408 1637 Canu-

111 1691 202 1714 num
220 1685 299 1715 tam
325 1693 454 1730 parem
480 1679 705 1724 Hannibali,
727 1694 840 1730 quam
871 1693 923 1724 se,
946 1693 1041 1724 esse,
1061 1680 1126 1716 ubi
1153 1682 1229 1730 pri·
1243 1650 1419 1723 {133³er

110 1754 213 1778 mum
229 1743 268 1778 in
283 1744 382 1791 agris
399 1744 527 1794 pabuli
544 1745 654 1793 copia
670 1745 756 1788 fuit,
774 1758 820 1780 ex
835 1744 1003 1780 hibernis
1020 1743 1227 1794 profectus,
1244 1738 1351 1766 currit.

112 1808 159 1844 ad
187 1808 394 1845 Canusium
427 1809 639 1846 Hannibali
670 1811 853 1847 obcurrit.
911 1810 1153 1846 Sollicitabat
1182 1810 1230 1845 ad

108 1871 359 1909 defectionem
386 1874 598 1910 Canusinos
620 1874 784 1910 Poenus:
817 1881 998 1917 ceterum,
1025 1881 1065 1909 ut
1090 1874 1228 1923 adpro-

109 1937 290 1986 pinquare
308 1937 533 1974 Marcellum
554 1939 710 1981 audivit,
732 1946 856 1974 castra
878 1939 965 1974 inde
984 1939 1114 1974 movit.
1171 1938 1227 1973 A-

110 2007 216 2051 perta
235 2009 314 2038 erat
339 2003 459 2051 regio,
480 2003 561 2038 sine
589 2002 673 2038 ullis
700 2003 746 2039 ad
766 2003 920 2038 insidias
940 2002 1093 2038 latebris
1111 2018 1120 2046 3
1153 2002 1227 2037 ita-

111 1614 164 1650 ita
191 1614 230 1650 in
260 1615 428 1652 animum
457 1616 671 1660 induxerat,
703 1617 894 1652 neminem
920 1618 1054 1653 ducem
1083 1616 1228 1652 Roma-

109 2066 238 2113 quein
266 2065 352 2102 loca
379 2066 546 2102 saltuosa
570 2067 700 2103 cedere
730 2067 816 2102 inde
836 2067 964 2116 coepit.
1021 2065 1226 2101 Marcellus

108 2129 274 2178 vestigiis
304 2130 485 2173 instabat,
510 2137 706 2179 castraque
737 2131 868 2166 castris
898 2129 1142 2166 conferebat:
1175 2135 1228 2173 et,

110 2206 223 2243 opere
251 2195 434 2243 perfecto,
457 2194 647 2245 extemplo
676 2196 715 2230 in
748 2196 865 2230 aciem
896 2194 1065 2242 legiones
1092 2193 1227 2229 educe-

110 2259 188 2296 bat.
244 2259 456 2304 Hannibal,
486 2262 681 2296 turmatim
714 2273 780 2310 per
809 2261 954 2309 equites
984 2260 1227 2310 peditumque

103 2321 333 2373 jaculatores
362 2324 460 2361 levia
488 2326 695 2361 certamina
716 2336 856 2368 serenS,
884 2335 1012 2360 casum
1042 2323 1226 2359 universa
