1538 2661
294 171 298 173 “
341 189 495 218 LIBER
517 185 690 216 xxv11.
723 183 921 213 cAP.1v.
1161 179 1184 222 7

73 292 141 330 par
172 262 348 316 nuinerus
381 278 648 315 Romanorum
682 275 961 322 sociorumque,
989 271 1123 308 eodem
1145 271 1185 307 in
1197 271 1289 345 g--g
1305 276 1388 346 {³3⁸⁷

73 344 288 394 praesidium
308 356 392 379 cum
411 342 604 378 frumento
622 340 726 376 missi
747 345 846 375 sunt.
1232 337 1238 344 ”
1282 335 1290 343 ”
1372 333 1382 344 ”

128 408 196 445 IV.
225 408 249 444 J
253 421 311 444 am
333 413 440 443 aestas
460 407 497 441 in
519 405 624 441 exitu
643 408 737 446 erat,
759 401 1075 449 comitiorumque
1093 411 1186 435 con-

75 471 254 525 sularium
283 470 450 506 instabat
478 475 624 518 tempus
642 482 650 503 :
683 465 748 502 sed
769 465 887 501 literae
911 462 1100 505 Marcelli,
1120 474 1186 498 ne·
1200 455 1404 530 Mfftefflz.

74 535 198 583 gantis
219 547 239 570 e
258 533 452 583 republica
470 544 565 574 esse,
584 530 784 578 vestigium
801 526 951 564 abscedi
971 525 1018 562 ab
1036 525 1188 562 Hanni·
1200 510 1314 574 :Rafi-

74 596 173 640 bale,
197 598 256 634 cui
287 597 434 633 cedenti
461 602 727 642 certamenque
755 590 938 628 abnuenti
957 590 1079 639 gravis
1110 589 1191 639 ipse

76 662 248 706 instaret,
283 674 412 698 curam
447 660 670 710 injecerant,
696 670 745 693 ne
778 662 844 692 aut
871 654 1080 699 consulem,
1110 661 1194 691 tum

76 727 240 761 maxime
259 738 316 762 res
346 730 536 774 agentem,
557 735 581 758 a
597 720 698 758 bello
729 725 946 762 avocarent,
967 725 1033 755 aut
1058 719 1097 754 iu
1125 731 1193 755 an-

77 802 170 825 num
189 790 361 826 consules
377 789 560 824 deessent.
618 785 818 835 Optimum
835 785 957 820 visum
977 790 1047 827 est,
1063 795 1195 832 quam·

78 865 190 901 quam
211 861 317 889 extra
337 852 488 888 Italiam
508 858 620 894 esset,
640 849 834 886 Valerium
853 849 980 898 potius
1001 847 1196 884 consulem

80 929 127 952 ex
147 916 275 952 Sicilia
293 917 474 954 revocari.
530 916 592 951 Ad
612 928 697 951 eum
714 914 832 950 literae
846 913 957 963 jussu
973 921 1124 948 senatus
1145 911 1196 948 ab

80 979 127 1017 L.
139 980 288 1017 Manlio
308 987 470 1031 praetore
494 979 597 1016 urbis
620 980 758 1022 missae,
780 991 865 1014 cum
893 977 1010 1013 literis
1031 975 1197 1012 consulis

81 1044 139 1081 M.
151 1045 326 1081 Marcelli
341 1060 348 1080 ι
381 1052 423 1081 ut
438 1058 483 1081 ex
503 1045 548 1080 iis
568 1050 756 1086 nosceret,
773 1056 856 1091 quae
872 1054 1004 1077 caussa
1018 1040 1197 1077 Patribus

83 1120 169 1145 eum
186 1110 329 1158 potius,
350 1122 462 1158 quam
489 1108 689 1156 collegam,
709 1106 911 1143 revocandi
931 1118 977 1141 ex
1003 1104 1200 1154 provincia

82 1179 192 1209 esset.
249 1173 309 1209 Eo
328 1173 407 1209 fere
425 1180 597 1222 tempore
615 1171 731 1220 legati
750 1171 797 1206 ab
817 1182 906 1218 rege
926 1169 1098 1219 Syphace
1118 1167 1199 1204 Ro·
1212 1156 1263 1238 15Εὲ
1257 1157 1368 1228 Ξῗξὲξ

83 1247 184 1272 mam
203 1243 401 1280 venerunt,
423 1250 505 1286 quae
526 1238 556 1272 is
577 1248 758 1286 prospera
777 1234 911 1284 proelia
930 1244 1016 1269 cum
1030 1232 1201 1270 Kartha-
1214 1242 1390 1274 Romanos.

84 1301 317 1348 giniensibus
336 1301 501 1345 fecisset,
523 1307 788 1337 memorantes
836 1299 971 1346 Regem
994 1309 1058 1334 nec
1083 1299 1202 1334 inimi,-

83 1366 214 1401 ciorem
232 1367 300 1402 ulli
325 1368 474 1415 populo,
496 1379 604 1414 quam
626 1366 936 1412 Karthaginien&
967 1376 1031 1400 nec
1055 1365 1203 1399 amicio-

83 1440 172 1470 rem,
203 1442 312 1477 quam
341 1430 518 1472 Romano,
549 1428 800 1465 adfirmabant
836 1440 931 1464 esse:
959 1429 1092 1464 misisse
1123 1440 1204 1464 eccm

82 1497 192 1528 antea
210 1494 346 1541 legatos
364 1497 402 1530 in
419 1494 636 1541 Hispaniam
660 1493 710 1528 ad
731 1492 794 1527 Cn.
808 1497 843 1527 et
863 1493 907 1527 P.
923 1491 1115 1535 Cornelios,
1137 1493 1204 1528 im-

82 1561 267 1604 peratores
290 1557 474 1593 Romanos
486 1574 498 1593 .·
526 1569 618 1593 nunc
646 1556 690 1592 ab
726 1557 801 1603 ipso
829 1556 927 1591 velut
948 1554 1059 1604 fonte
1085 1561 1205 1603 petere

84 1618 287 1656 Romanam
321 1623 520 1657 amicitiam
549 1621 711 1656 voluisse.
768 1619 930 1654 Senatus
961 1631 1039 1654 non
1070 1618 1204 1668 legatis

85 1683 198 1719 modo
217 1684 383 1733 benigne
404 1685 612 1734 respoudit,
634 1684 699 1720 sed
718 1690 756 1719 et
775 1684 855 1733 ipse
875 1682 1020 1731 legatos
1037 1696 1123 1719 cum
1139 1684 1207 1720 do-

85 1746 144 1781 nis
175 1748 222 1782 ad
250 1759 378 1796 regem
409 1750 524 1790 misit,
545 1749 591 1783 L.
606 1748 835 1789 Genucium,
864 1747 908 1784 P.
923 1747 1143 1792 Poetelium,
1163 1748 1206 1787 P.

86 1810 305 1859 Popillium.
362 1811 478 1848 Dona
497 1811 632 1853 tulere,
653 1817 807 1859 togam,¹
821 1818 859 1847 et
876 1812 1046 1848 tunicam
1065 1825 1208 1862 purpu-

85 1886 201 1917 ream,
229 1874 360 1911 sellam
386 1875 606 1917 eburneam,
627 1880 798 1924 pateram
817 1887 863 1910 ex
884 1876 1050 1924 quinque
1077 1877 1207 1926 pondo

86 1938 167 1972 auri
186 1934 338 1991 factffmf
395 1938 574 1974 Protinus
596 1944 634 1973 et
659 1937 754 1973 alios
774 1937 914 1974 Africae
935 1938 1086 1987 regulos
1108 1939 1209 1990 jussi

87 2001 214 2037 adire:
247 2003 291 2038 iis
312 2015 462 2051 quoque
482 2016 565 2052 quae
586 2003 779 2045 darentur,
800 2008 965 2052 portata,
986 2009 1086 2052 togae
1112 2017 1210 2054 prae-

86 2072 214 2109 textae,
246 2073 283 2103 et
311 2074 420 2103 terna
449 2068 577 2117 pondo
607 2076 747 2117 paterae
777 2081 911 2104 aureae.
968 2069 1021 2104 Et
1039 2068 1208 2106 Alexan·
1222 2083 1318 2114 Rom,
1335 2084 1428 2122 legati

84 2130 204 2167 driam
233 2132 279 2167 ad
311 2131 559 2168 Ptolemaeum
581 2132 899 2181 Cleopatr-amque
925 2145 1031 2181 reges
1052 2133 1108 2170 M.
1122 2126 1410 2176 Atj,Alexandfi-

86 2193 158 2230 lius
179 2201 217 2230 et
235 2195 305 2231 Μ’.
319 2195 463 2231 Acilius
485 2196 616 2245 legati,
638 2196 684 2232 ad
704 2197 1076 2233 commemorandam
1096 2210 1209 2234 reno·
1222 2179 1276 2200 am
1295 2179 1395 2199 mmm.

90 2259 324 2308 vandamque
344 2261 550 2297 amicitiam
570 2261 689 2303 missi,
707 2261 808 2297 dona
825 2261 958 2303 tulere,
978 2262 1058 2309 regi
1078 2269 1210 2310 togam

91 2326 128 2357 et
147 2322 314 2358 tunicam
344 2336 569 2375 purpuream
600 2336 685 2359 cum
712 2324 803 2360 sella
832 2324 1021 2367 eburnca;
1055 2326 1208 2375 reginae,

610 2387 686 2424 134
