1523 2666
119 261 161 292 U.
175 261 211 292 C.
229 269 302 294 552.

117 306 159 336 Α.
173 304 209 336 C.
227 312 301 338 200.

320 154 403 199 286
779 167 826 196 Τ.
849 165 983 198 mvn

317 261 418 294 tam:
446 268 522 300 nec,
542 256 592 294 ad
613 268 700 305 quos
720 259 903 306 pertineat
917 257 1084 307 facinus,
1103 260 1255 308 vestigia
1275 261 1354 298 ulla
1371 273 1430 298 ex-

311 327 419 359 stare.
476 321 639 370 Indigne
658 334 789 372 passus
807 330 974 366 senatus,
991 335 1070 358 non
1091 325 1230 360 cessari
1249 323 1297 361 ab
1313 325 1429 362 sacri-

311 386 436 436 legiis,
457 392 496 422 et
517 398 565 422 ne
583 385 813 423 Pleminium
832 387 997 437 quidem,
1017 394 1098 424 tam
1117 388 1261 425 clarum
1279 402 1429 427 recens-

312 464 386 500 que
405 463 516 487 noxae
536 450 649 487 simul
667 464 710 487 ac
730 464 854 501 poenae
870 451 1098 502 exemplum,
1116 452 1290 489 homines
1307 453 1431 489 deter-

312 529 407 554 rere.
465 516 511 553 C.
536 515 695 552 Aurelio
729 516 876 552 consuli
901 517 1100 566 negotium
1133 518 1278 562 datum,
1312 524 1356 554 ut
1385 519 1434 557 ad

311 587 516 633 praetorem
552 581 592 617 in
628 580 802 617 Bruttios
840 581 1044 618 scriberet:
1099 585 1239 620 senatui
1269 584 1430 632 placere,

312 647 541 694 quaestionem
563 646 606 681 de
631 646 800 694 expilatis
830 645 1006 682 thesauris
1030 648 1152 684 eodem
1174 648 1336 695 exemplo
1366 647 1431 683 ha-

309 712 396 756 beri,
418 724 486 760 quo
505 711 560 748 M.
583 712 804 760 Pomponius
818 717 954 761 praetor
972 714 1126 749 triennio
1145 718 1230 749 ante
1245 713 1433 751 habuisset,

313 777 401 818 Quae
431 778 574 812 inventa
600 778 756 824 pecunia
783 781 883 819 esset,
907 778 1033 824 reponi
1041 793 1053 820 ,-
1081 778 1112 812 si
1137 789 1205 825 quo
1229 778 1348 813 minus
1374 779 1430 814 in-

308 839 576 889 ventumforet,
598 843 733 890 expleri
746 858 759 877 .·
789 854 832 877 ac
846 842 1068 889 piacularia,
1087 843 1118 877 si
1135 842 1328 885 videretur,
1341 843 1447 893 sicut*

310 910 395 941 ante
415 905 601 953 pontifices
627 907 849 947 censuissent,
861 906 951 954 fieri
969 917 1093 941 caussa
1111 906 1297 953 expiandae
1314 906 1429 941 viola-

311 971 419 1007 tionis
438 968 510 1016 ejus
531 971 666 1018 templi.
722 969 905 1017 Prodigia
930 970 1044 1005 etiam
1070 968 1138 1005 sub
1159 969 1258 1006 idem
1277 975 1426 1019 tempus

308 1033 481 1084 pluribus
502 1035 594 1071 locis
616 1034 797 1069 nunciata
813 1033 1043 1070 acciderunt.
1100 1033 1147 1069 In
1166 1033 1333 1069 Lucanis
1348 1045 1427 1069 coe-

309 1097 388 1134 lum
419 1099 553 1134 arsisse
576 1096 811 1134 adferebant.
878 1097 1049 1132 Priverni
1076 1108 1210 1133 sereno
1235 1109 1303 1146 per
1328 1096 1427 1132 diem

309 1168 436 1198 totum
450 1161 607 1198 rubrum
627 1160 747 1196 solem
762 1159 890 1197 fuisse.
919 1161 1085 1197 Lanuvii
1105 1160 1248 1210 templo
1265 1160 1428 1210 Sospitae

309 1225 474 1262 Junonis
504 1231 618 1262 nocte
648 1225 848 1274 strepitum
871 1225 1066 1273 ingentem
1097 1230 1283 1260 exortum.
1339 1223 1428 1259 Jam

310 1290 532 1326 animalium
552 1290 725 1326 obscoeni
744 1289 860 1325 foetus
886 1288 1056 1339 pluribus
1076 1288 1170 1324 locis
1190 1287 1427 1324 nunciaban-

310 1361 392 1391 tur:
425 1355 465 1390 in
490 1353 640 1390 Sabinis
672 1355 838 1390 incertus
866 1354 992 1390 infans
1020 1358 1147 1396 natus,
1168 1351 1356 1388 masculus
1377 1364 1426 1388 an
1521 1353 1523 1376 1

307 1419 454 1456 femina
468 1425 589 1456 esset:
613 1418 708 1454 alter
728 1418 916 1454 sexdecim
929 1417 1010 1468 jam
1029 1430 1216 1454 annorum
1234 1417 1325 1453 item
1345 1429 1426 1458 am,-

307 1482 426 1533 biguo
452 1497 544 1521 sexu
569 1484 758 1520 inventus.
815 1482 1029 1519 Frusinone
1056 1495 1175 1531 agnus
1203 1494 1288 1518 cum
1314 1480 1426 1517 suillo

307 1548 446 1597 capite,
469 1547 655 1583 Sinuessae
682 1559 819 1597 porcus
844 1560 928 1582 cum
955 1548 1078 1596 capite
1097 1547 1266 1582 humano
1285 1551 1422 1581 natus:

305 1613 346 1648 in
370 1612 538 1649 Lucanis
570 1613 610 1648 in
639 1624 733 1661 agro
765 1611 919 1662 publico
949 1612 1129 1661 equuleus
1151 1624 1235 1647 cum
1258 1611 1424 1660 quinque

305 1676 475 1727 pedibus.
532 1677 652 1713 Foeda
671 1678 801 1713 omnia
831 1683 868 1713 et
897 1677 1096 1720 deformia,
1123 1676 1357 1724 errantisque
1383 1675 1423 1711 in

305 1740 449 1777 alienos
473 1741 589 1777 foetus
617 1746 763 1777 naturae
785 1741 877 1777 visa.
933 1741 1037 1777 Ante
1056 1740 1185 1776 omnia
1212 1738 1422 1775 abominati

304 1804 536 1847 semimares,
558 1804 746 1854 jussique,
779 1806 817 1841 in
850 1817 951 1840 mare
982 1803 1174 1854 extemplo
1201 1802 1416 1853 deportari:

303 1868 402 1904 sicut
434 1868 621 1918 proxime,
658 1869 702 1904 C.
735 1868 909 1910 Claudio,
948 1867 1006 1904 Μ.
1038 1867 1150 1903 Livio
1182 1866 1418 1909 consulibuS,

302 1931 524 1982 deportatus
545 1932 676 1968 similis
693 1933 857 1981 prodigii
876 1932 991 1968 foetus
1013 1939 1106 1968 erat.
1138 1931 1272 1967 Nihilo
1292 1931 1416 1966 minus

302 1995 534 2033 decemviros
569 1997 669 2032 adire
702 1997 819 2033 libros
854 1997 899 2033 de
928 2003 1108 2046 portento
1140 2009 1185 2032 eo
1204 1995 1415 2046 jusserunt.

300 2059 517 2096 Decemviri
538 2073 583 2095 ex
599 2059 704 2096 libris
722 2073 778 2096 res
797 2061 940 2096 divinas
962 2060 1126 2102 easdem,
1145 2073 1226 2108 quae
1246 2059 1418 2109 proxime

300 2126 508 2163 secundum
538 2126 577 2161 id
606 2126 822 2176 prodigium
852 2126 962 2162 factae
995 2132 1134 2168 essent,
1163 2126 1415 2175 imperarunt:

300 2204 453 2228 carmen
474 2198 657 2242 praeterea
678 2191 724 2227 ab
745 2198 803 2227 ter
825 2192 983 2228 novenis
1005 2190 1215 2239 virginibus
1243 2191 1326 2227 cani
1353 2203 1421 2240 per

299 2255 431 2293 urbem
457 2254 669 2307 jusserunt,
701 2256 918 2308 donumque
951 2256 1098 2294 Junoni
1126 2255 1288 2305 Reginae
1315 2254 1416 2292 ferri.
