1507 2656
22 1341 23 1362 1

21 1367 24 1450 ¹}

24 1589 25 1601 1

23 1603 25 1616 A

310 186 464 216 LIBER
487 181 680 212 xxvlll.
713 181 819 210 cAP.
843 181 975 209 XLII.
1129 182 1206 226 143

94 282 261 317 cerarium
293 290 360 314 non
390 279 530 325 potest:
556 278 795 322 prceterquam
824 273 933 320 quod,
963 273 1058 309 uncle
1085 272 1211 309 classes

92 350 269 386 tueamur,
290 343 382 379 unde
407 338 657 377 commeatibus
677 337 876 385 proebemlz's
899 337 1134 386 sulficiamus,
1153 339 1209 373 ni-

91 409 144 445 hil
162 409 291 457 reliqui
308 411 381 450 est,·
411 405 496 453 quid
509 405 530 440 .9
554 403 707 451 periculi
727 403 885 444 tandem,
907 406 1083 450 quantum
1101 403 1210 439 adea-

95 479 165 517 tur,
186 485 287 521 quem
301 470 445 519 fallit?
473 469 518 504 P.
533 468 695 504 Licinius
718 468 757 502 in
783 467 910 509 Italia,
933 467 978 503 P.
995 466 1118 515 Scipio
1137 467 1210 503 bel-

92 540 166 574 lum
184 539 221 573 in
240 535 368 584 Africa
383 538 495 581 geret.
544 533 641 573 Quid
654 533 675 567 ,9
701 532 732 567 si
750 532 863 579 (quod
882 543 1001 567 omnes
1020 531 1089 568 Dii
1109 543 1210 568 omen

91 604 269 642 avertant,
291 604 326 635 et
345 600 462 635 dicere
488 598 598 633 etiam
623 595 840 644 reformidat
864 597 1015 638 animus,
1036 598 1110 639 sed,
1133 609 1210 644 quae

89 666 309 707 acciderunt,
349 664 510 700 accidere
535 661 701 710 possunt)
741 665 776 696 et
801 662 917 696 victor
944 661 1132 696 Hannibal
1155 663 1208 697 ire

90 731 140 766 ad
173 729 294 765 urbem
326 732 457 777 pergat
468 744 480 771 ,-
519 732 596 762 tum
628 727 767 762 demum
802 729 836 760 te
871 726 1047 760 consulem
1083 737 1125 760 ex
1153 727 1206 761 Α-

78 794 195 844 frica,
221 794 314 829 sicut
340 793 382 833 Q.
397 792 562 828 Fulvium
580 802 603 825 a
630 789 770 837 Capua,
791 791 1039 824 arcessemus.9
1077 789 1172 830 Quicl
1187 791 1207 825 ,⁹

89 858 185 906 quod
202 858 240 893 in
255 855 387 904 Africa
403 867 540 904 quoque
556 854 661 890 Mars
680 854 875 889 communis
889 853 972 888 belli
991 854 1060 888 erit
1073 854 1094 889 .9
1121 854 1205 889 Do-

86 933 165 958 mus
183 920 246 956 tibi
267 925 342 962 tua,
358 924 466 967 pater
482 923 716 967 patruusque,
739 919 838 953 intra
864 918 1016 964 triginta
1035 918 1108 953 dies
1127 929 1207 953 cum

87 984 295 1023 exercitibus
319 987 410 1027 caesi,
442 984 652 1019 documento
669 984 766 1025 sint;
795 982 855 1017 ubi
879 994 947 1029 per
969 982 1109 1029 aliquot
1137 994 1204 1017 an-

86 1062 162 1093 nos,
183 1050 347 1085 maximis
370 1048 471 1084 rebus
500 1052 595 1083 terra
626 1048 791 1095 marique
815 1048 992 1094 gerendis,
1023 1047 1203 1094 amplissi-

86 1127 185 1151 mum
212 1126 338 1150 nomen
366 1114 464 1162 apud
492 1117 629 1148 exteras
647 1116 770 1159 gentes
795 1111 924 1159 populi
943 1111 1100 1146 Romani
1127 1123 1204 1146 ves-

88 1185 218 1227 troeque
236 1178 396 1227 familiae
417 1177 599 1226 fecerant.
657 1177 749 1212 Dies
781 1186 836 1210 me
863 1175 1019 1224 deficiat,
1048 1175 1078 1210 si
1107 1186 1205 1222 reges

86 1245 399 1292 imperatoresque,
429 1247 556 1278 temere
583 1243 619 1277 in
648 1240 802 1276 hostium
829 1244 943 1275 terras
969 1244 1205 1286 transgressos

89 1321 168 1344 cum
186 1308 351 1343 maximis
371 1307 531 1343 cladibus
557 1307 629 1342 suis
654 1307 940 1352 exercituumque
958 1316 1113 1346 suorum,
1134 1316 1204 1340 nu-

85 1385 224 1409 merare
242 1373 358 1408 velim.
406 1372 649 1412 Athenienses,
667 1371 948 1417 prudentissima
968 1370 1107 1411 civitas,
1130 1369 1202 1404 bel-

89 1437 123 1472 lo
143 1437 239 1472 (lomi
258 1436 396 1477 relicto,
418 1439 563 1470 auctore
588 1446 684 1482 aeque
704 1435 844 1481 inpigro
871 1445 914 1468 ac
931 1433 1041 1468 nobili
1056 1431 1201 1477 juvene,

87 1513 219 1548 magna
239 1501 347 1535 classe
368 1501 402 1534 in
422 1499 589 1534 Siciliam
610 1499 828 1539 transmissa,
850 1510 921 1533 una
940 1498 1063 1533 navali
1077 1509 1204 1544 pugna

74 1565 267 1615 florentem
285 1564 537 1611 rempublicam
556 1575 659 1598 suam
678 1564 714 1598 in
730 1567 942 1610 perpetuum
964 1561 1191 1610 adflixerunt.

140 1627 272 1664 XLII.
303 1628 466 1663 Externa
505 1632 540 1663 et
570 1628 676 1662 nimis
707 1628 859 1674 antiqua
891 1630 1023 1673 repeto.
1069 1624 1203 1673 Africa

88 1693 210 1728 eadem
238 1693 307 1726 ista
336 1696 371 1726 et
400 1691 454 1726 M.
475 1691 625 1732 Atilius,
662 1691 801 1736 insigne
830 1691 1014 1736 utriusque
1038 1688 1205 1736 fortunce

88 1757 300 1804 exemplum,
322 1755 419 1791 nobis
437 1756 644 1791 documento
663 1756 743 1789 sint.
800 1754 866 1789 Nae
886 1754 961 1795 tibi,
984 1754 1028 1788 P.
1045 1753 1201 1794 Corneli,

88 1832 194 1869 quum
214 1831 255 1855 ex
273 1820 349 1855 alto
366 1819 534 1868 Africam
553 1819 783 1866 conspexeris,
803 1819 908 1853 ludus
926 1823 961 1853 et
970 1816 1074 1863 jocus
1082 1816 1203 1865 fuisse

86 1885 274 1932 Hispaniae
296 1889 365 1920 tuce
384 1884 605 1919 videbuntur.
664 1884 762 1924 Quicl
780 1885 869 1918 enim
893 1882 1042 1918 simile.9
1068 1886 1201 1929 pacato

86 1949 179 1983 mari
202 1951 333 1995 practer
362 1959 462 1982 oram
484 1947 605 1982 Italiae
629 1938 833 1994 Galliaque
857 1950 974 1981 vectus
992 1946 1199 1993 Emporias,

86 2013 124 2046 in
143 2011 262 2046 urbem
288 2011 476 2053 sociorum,
499 2011 645 2045 classem
674 2011 872 2057 adpulisti:
901 2010 1076 2056 expositos
1101 2009 1199 2044 mili-

90 2080 152 2117 tes,
177 2086 242 2123 per
271 2076 446 2111 tutissima
475 2077 607 2116 omnia,
639 2076 687 2110 ad
714 2076 825 2110 socios
853 2078 886 2108 et
914 2075 1047 2108 amicos
1071 2073 1201 2120 populi

90 2139 246 2174 Romani
287 2139 524 2174 Tarraconem
561 2139 720 2174 duxisti:
748 2138 792 2173 ab
831 2138 1035 2172 Tarracone
1071 2137 1200 2172 deinde

87 2205 155 2238 iter
170 2214 236 2251 per
251 2204 419 2250 praesiclia
439 2203 632 2238 Romana:
661 2204 755 2238 circa
776 2202 915 2237 Iberum
935 2202 1107 2236 exercitus
1128 2211 1198 2247 pa-

89 2268 152 2302 tris
175 2268 367 2314 patruique
395 2269 460 2310 tui,
478 2272 561 2315 post
587 2268 731 2302 amissos
750 2268 982 2313 imperatores
999 2264 1200 2312 ferociores

87 2336 121 2367 et
143 2331 348 2368 calamitate
376 2334 480 2381 ipsa:
508 2334 580 2369 dux
611 2332 868 2368 tumultuarius
886 2330 1030 2379 quidem
1063 2329 1125 2365 ille
1152 2327 1198 2365 L.

1223 275 1264 305 U.
1277 275 1314 306 C.
1333 283 1407 313 3⁴7.

1223 319 1262 350 A.
1277 319 1314 351 C.
1331 328 1407 355 ⁴203.
