1507 2656
342 219 496 249 LIBER
519 218 666 247 XXIX·
697 218 803 247 CAP.
826 219 984 248 XVIII.
1142 211 1217 253 11821

113 315 186 346 tros
202 312 289 347 satis
307 310 460 353 haberet,
481 322 590 346 unam
606 310 828 359 profundam
854 314 994 360 quidem
1017 315 1221 361 voraginem
1232 317 1276 390 X
1288 316 1327 390 g
1340 322 1412 348 5422

1264 381 1271 388 .
1318 381 1326 390 .
1340 367 1424 391 204..

112 378 230 410 tamen
243 376 420 422 patientia
444 379 566 409 nostra
585 376 823 422 expleremus:
851 388 947 411 nunc
964 389 1082 413 omnes
1100 383 1221 415 centu-

110 439 226 474 riones
243 440 440 487 militesque
464 443 595 474 vestros
623 439 730 485 (adeo
752 441 788 475 in
809 442 1012 487 promiscuo
1039 442 1223 478 licentiam

111 506 219 548 atque
236 502 488 549 inprobitatem
507 514 578 538 esse
596 503 726 546 voluit)
750 503 946 539 Pleminios
953 503 1051 551 fecit
1064 521 1077 541 .·
1105 517 1223 541 omnes

108 566 271 611 rapiunt,
290 567 460 613 spoliant,
480 566 679 608 verberant,
699 566 902 609 vulnerant,
920 569 1112 604 occidunt:
1136 581 1221 605 con-

109 632 279 676 stuprant
295 635 492 673 matronas,
517 632 685 678 virgines,
711 632 894 678 ingenuos,
918 637 1043 680 raptos
1064 645 1106 669 ex
1125 645 1221 669 com-

105 692 215 738 plexu
230 698 433 740 parentum.
493 695 662 735 Quotidie
687 695 830 742 capitur
847 695 929 731 urbs
945 701 1081 739 nostra,
1103 698 1221 745 quoti·

108 756 167 791 die
184 757 379 805 diripitur5
408 760 482 794 dies
505 763 694 806 noctesque
722 762 843 794 omnia
868 761 1001 807 passim
1028 762 1221 797 mulierum

105 833 378 871 puerorumque,
401 825 461 872 qui
480 825 672 871 rapiuntur
696 828 804 871 atque
828 829 1075 871 asportantur,
1092 826 1220 873 ploras

108 885 198 921 tibus
215 892 354 924 sonant.
411 888 581 930 Iffiretur,
602 889 663 935 qui
680 889 784 929 sciat,
802 889 978 935 quomodo
996 893 1061 925 aut
1084 901 1147 925 nos
1171 890 1222 925 ad

106 951 316 996 patiendum
334 951 570 1000 subjiciamus,
592 957 657 987 aut
683 952 776 993 illos,
805 953 866 999 qui
877 952 1042 1000 faciunt,
1063 955 1222 989 nondum

108 1018 293 1049 tantarum
312 1013 526 1060 injuriarum
544 1017 692 1051 satietas
711 1018 855 1062 ceperit.
896 1017 1022 1064 Neque
1040 1029 1104 1064 ego
1124 1029 1220 1053 exse-

107 1081 168 1127 qui
191 1092 345 1126 possum,
372 1093 436 1117 nec
453 1082 549 1117 vobis
574 1093 690 1129 opera>
718 1087 769 1117 est
797 1083 923 1118 audire
953 1081 1111 1128 singula,
1145 1093 1222 1129 quae

104 1145 201 1189 passi
235 1155 375 1179 sumus:
422 1148 655 1181 communiter
687 1147 806 1182 omnia
843 1145 1054 1193 amplectar.
1118 1145 1220 1192 Nego

107 1207 252 1243 domum
280 1209 394 1244 ullam
425 1209 572 1252 Locris,-
602 1222 690 1257 nego
719 1222 931 1258 quemquam
957 1209 1133 1246 hominem
1159 1221 1220 1244 exr-

103 1275 242 1318 pertem
263 1271 402 1318 injurioe
421 1285 491 1308 esse
502 1290 513 1317 ,-
543 1285 632 1321 nego
651 1275 767 1310 ullum
787 1285 897 1321 genus
921 1273 1075 1315 sceleris,
1097 1272 1221 1308 libidi-

107 1335 174 1376 nis,
196 1336 359 1371 avaritiae
379 1347 566 1384 superesse,
588 1338 682 1383 quod
701 1338 737 1372 in
756 1338 844 1380 ullo,
866 1338 927 1384 qui
946 1338 1028 1384 pati
1043 1338 1221 1384 potuerit}

103 1401 380 1446 praetermissum
408 1402 465 1436 sit.
529 1401 594 1436 Vix
625 1402 720 1437 ratio
739 1403 822 1437 iniri
849 1405 981 1449 potest,
1008 1405 1090 1436 uter
1119 1412 1221 1436 casus

106 1464 260 1499 civitatis
277 1466 323 1499 sit
342 1465 595 1507 detestabilior,
616 1477 725 1512 quum
755 1465 868 1501 hostes
895 1465 986 1501 bello
1013 1465 1133 1500 urbem
1162 1476 1221 1501 ce-

102 1539 202 1575 pere,
223 1540 269 1563 an
289 1541 395 1577 quum
420 1529 610 1565 exitiabilis
636 1534 808 1577 tyrannus
831 1531 867 1564 vi
893 1534 1000 1577 atque
1021 1530 1134 1564 armis
1159 1529 1220 1564 ob·

100 1578 242 1639 pressit.
302 1592 444 1635 Omnia,
465 1605 542 1641 quae
560 1598 675 1641 captae
695 1593 796 1629 urbes
816 1595 1024 1641 patiuntur,
1040 1594 1140 1640 passi
1157 1604 1219 1628 su-

106 1667 196 1698 mus,
216 1660 252 1691 et
270 1668 378 1703 quum
395 1657 551 1692 maxime
563 1658 743 1704 patimur,
764 1656 895 1693 P-atres
913 1657 1102 1704 conscripti
1108 1672 1121 1699 ,-
1141 1668 1220 1692 om=¹

106 1720 180 1761 nia,
202 1731 280 1766 qua>
298 1719 533 1755 crudelissimi
554 1725 661 1768 atque
681 1720 1128 1768 inportunissimityranni
1145 1730 1220 1755 sce-

108 1782 182 1817 lera
199 1783 237 1817 in
256 1782 432 1830 obpressos
450 1784 540 1819 cives
558 1785 681 1825 edunt,
702 1783 903 1819 Pleminius
921 1783 959 1818 in
978 1794 1053 1825 nos,
1075 1782 1220 1818 libero&-

108 1857 175 1893 que
192 1851 340 1889 nostros,
360 1845 593 1894 et‘conjuges‚
607 1848 734 1884 edidit.

157 1908 312 1947 XVJII.
349 1910 466 1947 Unum
486 1915 550 1954 est,
578 1911 622 1947 de
648 1923 717 1960 quo
735 1911 950 1947 nominatim
978 1915 1013 1946 et
1039 1923 1101 1947 nos
1119 1913 1219 1959 queri

106 1975 234 2023 religio
259 1976 371 2024 infixa
394 1977 524 2012 animis
549 1981 666 2023 cogat,
687 1981 722 2012 et
745 1988 806 2012 vos
831 1978 971 2018 audire,
991 1980 1026 2012 et
1044 1976 1220 2011 exsolvere

107 2039 361 2087 rempublicam
387 2045 541 2076 vestram
567 2042 751 2087 religione,
771 2042 811 2076 si.
831 2041 884 2076 ita
909 2040 1003 2076 vobis
1026 2039 1219 2081 videbitur,

104 2105 265 2146 velimus,
286 2104 418 2140 Patres
435 2106 637 2152 conscripti.
677 2104 838 2140 Vidimus
855 2106 962 2146 enim,
977 2115 1063 2139 cum
1082 2108 1222 2151 quanta·

106 2169 303 2203 ceremonia
328 2179 401 2203 non
424 2172 556 2203 vestros
583 2169 696 2203 solum
725 2168 851 2203 colatis
879 2167 991 2209 Deos,
1019 2167 1081 2202 sed
1108 2167 1223 2202 etiam

105 2236 265 2269 externos
288 2233 486 2280 accipiatis.
544 2232 681 2268 Fanum
701 2236 751 2268 est
771 2232 870 2279 apud
895 2243 958 2266 nos
978 2230 1218 2278 Proserpinoe,

105 2294 261 2341 decujus
278 2299 469 2333 sanctitate
489 2297 612 2345 templi
631 2297 732 2332 credo
751 2297 914 2344 aliquam
923 2294 1072 2344 famam
1092 2294 1140 2330 ad
1157 2306 1219 2330 vos

96 2362 297 2407 pervenisse
315 2360 450 2409 Pyrrhi
469 2360 581 2397 bello:
611 2362 671 2409 qui
691 2372 813 2408 quum,
837 2371 883 2396 ex?
903 2360 1046 2396 Sicilia
1060 2359 1218 2400 rediens,
