<?xml version="1.0" encoding="UTF-8"?>
<!DOCTYPE html PUBLIC "-//W3C//DTD XHTML 1.0 Transitional//EN"
    "http://www.w3.org/TR/xhtml1/DTD/xhtml1-transitional.dtd">
<html xmlns="http://www.w3.org/1999/xhtml" xml:lang="en" lang="en">
 <head>
  <title>
</title>
<meta http-equiv="Content-Type" content="text/html;charset=utf-8" />
  <meta name='ocr-system' content='tesseract 3.04.00' />
  <meta name='ocr-capabilities' content='ocr_page ocr_carea ocr_par ocr_line ocrx_word'/>
</head>
<body>
  <div class='ocr_page' id='page_1' title='image "./historiarumquaes03livyuoft/historiarumquaes03livyuoft_0229.png"; bbox 0 0 1507 2656; ppageno 0'>
   <div class='ocr_carea' id='block_1_1' title="bbox 394 191 1230 233">
    <p class='ocr_par' dir='ltr' id='par_1_1' title="bbox 394 191 1230 233">
     <span class='ocr_line' id='line_1_1' title="bbox 394 191 1230 233; baseline -0.004 -10"><span class='ocrx_word' id='word_1_1' title='bbox 394 193 547 223; x_wconf 62' lang='lat' dir='ltr'>maes</span> <span class='ocrx_word' id='word_1_2' title='bbox 570 192 690 221; x_wconf 80' lang='lat' dir='ltr'>xxx.</span> <span class='ocrx_word' id='word_1_3' title='bbox 724 191 947 220; x_wconf 68' lang='lat' dir='ltr'>cAP.vr1.</span> <span class='ocrx_word' id='word_1_4' title='bbox 1149 191 1230 233; x_wconf 86' lang='lat'>219</span> 
     </span>
    </p>
   </div>
   <div class='ocr_carea' id='block_1_2' title="bbox 6 280 1429 2392">
    <p class='ocr_par' dir='ltr' id='par_1_2' title="bbox 6 280 1429 1991">
     <span class='ocr_line' id='line_1_2' title="bbox 120 280 1428 334; baseline -0.003 -14"><span class='ocrx_word' id='word_1_5' title='bbox 120 296 187 320; x_wconf 84' lang='lat' dir='ltr'>sua</span> <span class='ocrx_word' id='word_1_6' title='bbox 215 290 349 334; x_wconf 91' lang='lat' dir='ltr'>sponte</span> <span class='ocrx_word' id='word_1_7' title='bbox 378 282 592 319; x_wconf 84' lang='lat' dir='ltr'>incendium</span> <span class='ocrx_word' id='word_1_8' title='bbox 621 287 769 318; x_wconf 84' lang='lat' dir='ltr'>ortum:</span> <span class='ocrx_word' id='word_1_9' title='bbox 803 287 840 316; x_wconf 90' lang='lat' dir='ltr'>et</span> <span class='ocrx_word' id='word_1_10' title='bbox 869 280 1010 316; x_wconf 87' lang='lat' dir='ltr'>clamor</span> <span class='ocrx_word' id='word_1_11' title='bbox 1035 280 1135 316; x_wconf 87' lang='lat' dir='ltr'>inter</span> <span class='ocrx_word' id='word_1_12' title='bbox 1160 293 1232 317; x_wconf 84' lang='lat' dir='ltr'>cae-</span> <span class='ocrx_word' id='word_1_13' title='bbox 1246 286 1335 316; x_wconf 90' lang='lat' dir='ltr'><strong>U.C.</strong></span> <span class='ocrx_word' id='word_1_14' title='bbox 1354 292 1428 316; x_wconf 73' lang='lat'><strong>5⁴0.</strong></span> 
     </span>
     <span class='ocr_line' id='line_1_3' title="bbox 122 330 1429 396; baseline -0.002 -11"><span class='ocrx_word' id='word_1_15' title='bbox 122 348 205 384; x_wconf 88' lang='lat' dir='ltr'>dem</span> <span class='ocrx_word' id='word_1_16' title='bbox 232 356 270 385; x_wconf 89' lang='lat' dir='ltr'>et</span> <span class='ocrx_word' id='word_1_17' title='bbox 297 347 453 385; x_wconf 89' lang='lat' dir='ltr'>vulnera</span> <span class='ocrx_word' id='word_1_18' title='bbox 484 346 668 390; x_wconf 82' lang='lat' dir='ltr'>sublatus,</span> <span class='ocrx_word' id='word_1_19' title='bbox 703 359 751 383; x_wconf 88' lang='lat' dir='ltr'>an</span> <span class='ocrx_word' id='word_1_20' title='bbox 781 358 827 382; x_wconf 85' lang='lat' dir='ltr'>ex</span> <span class='ocrx_word' id='word_1_21' title='bbox 860 346 1112 396; x_wconf 77' lang='lat' dir='ltr'>trepidatione</span> <span class='ocrx_word' id='word_1_22' title='bbox 1139 358 1233 382; x_wconf 86' lang='lat' dir='ltr'>noc·</span> <span class='ocrx_word' id='word_1_23' title='bbox 1245 330 1429 363; x_wconf 70' lang='lat' dir='ltr'><strong>A·C·²⁰³⁹</strong></span> 
     </span>
     <span class='ocr_line' id='line_1_4' title="bbox 121 409 1237 460; baseline -0.002 -12"><span class='ocrx_word' id='word_1_24' title='bbox 121 418 233 449; x_wconf 83' lang='lat' dir='ltr'>turna</span> <span class='ocrx_word' id='word_1_25' title='bbox 252 419 363 456; x_wconf 85' lang='lat' dir='ltr'>esset,</span> <span class='ocrx_word' id='word_1_26' title='bbox 385 411 578 456; x_wconf 90' lang='lat' dir='ltr'>confusus,</span> <span class='ocrx_word' id='word_1_27' title='bbox 600 423 751 447; x_wconf 88' lang='lat' dir='ltr'>sensum</span> <span class='ocrx_word' id='word_1_28' title='bbox 770 411 848 447; x_wconf 85' lang='lat' dir='ltr'>veri</span> <span class='ocrx_word' id='word_1_29' title='bbox 867 410 1068 447; x_wconf 85' lang='lat' dir='ltr'>adimebat.</span> <span class='ocrx_word' id='word_1_30' title='bbox 1112 409 1237 460; x_wconf 86' lang='lat' dir='ltr'><strong>Igitur</strong></span> 
     </span>
     <span class='ocr_line' id='line_1_5' title="bbox 119 475 1237 528; baseline -0.001 -15"><span class='ocrx_word' id='word_1_31' title='bbox 119 490 188 527; x_wconf 91' lang='lat' dir='ltr'>pro</span> <span class='ocrx_word' id='word_1_32' title='bbox 208 490 248 514; x_wconf 89' lang='lat' dir='ltr'>se</span> <span class='ocrx_word' id='word_1_33' title='bbox 266 479 423 528; x_wconf 86' lang='lat' dir='ltr'>quisque</span> <span class='ocrx_word' id='word_1_34' title='bbox 442 478 617 520; x_wconf 87' lang='lat' dir='ltr'>inermes,</span> <span class='ocrx_word' id='word_1_35' title='bbox 637 483 681 512; x_wconf 93' lang='lat' dir='ltr'>ut</span> <span class='ocrx_word' id='word_1_36' title='bbox 701 475 835 525; x_wconf 88' lang='lat' dir='ltr'>quibus</span> <span class='ocrx_word' id='word_1_37' title='bbox 864 475 960 511; x_wconf 85' lang='lat' dir='ltr'>nihil</span> <span class='ocrx_word' id='word_1_38' title='bbox 987 475 1126 511; x_wconf 89' lang='lat' dir='ltr'>hostile</span> <span class='ocrx_word' id='word_1_39' title='bbox 1154 488 1237 512; x_wconf 89' lang='lat' dir='ltr'>sus-</span> 
     </span>
     <span class='ocr_line' id='line_1_6' title="bbox 121 540 1235 593; baseline -0.003 -14"><span class='ocrx_word' id='word_1_40' title='bbox 121 548 272 593; x_wconf 89' lang='lat' dir='ltr'>pectum</span> <span class='ocrx_word' id='word_1_41' title='bbox 291 549 402 587; x_wconf 86' lang='lat' dir='ltr'>esset,</span> <span class='ocrx_word' id='word_1_42' title='bbox 423 542 600 579; x_wconf 89' lang='lat' dir='ltr'>omnibus</span> <span class='ocrx_word' id='word_1_43' title='bbox 620 542 755 592; x_wconf 85' lang='lat' dir='ltr'>portis,</span> <span class='ocrx_word' id='word_1_44' title='bbox 772 554 847 590; x_wconf 85' lang='lat' dir='ltr'>qua</span> <span class='ocrx_word' id='word_1_45' title='bbox 866 541 1001 589; x_wconf 87' lang='lat' dir='ltr'>cuique</span> <span class='ocrx_word' id='word_1_46' title='bbox 1020 540 1235 590; x_wconf 86' lang='lat' dir='ltr'>proximum</span> 
     </span>
     <span class='ocr_line' id='line_1_7' title="bbox 120 603 1236 656; baseline -0.001 -15"><span class='ocrx_word' id='word_1_47' title='bbox 120 612 214 650; x_wconf 88' lang='lat' dir='ltr'>erat,</span> <span class='ocrx_word' id='word_1_48' title='bbox 235 619 280 643; x_wconf 89' lang='lat' dir='ltr'>ea</span> <span class='ocrx_word' id='word_1_49' title='bbox 301 606 430 650; x_wconf 88' lang='lat' dir='ltr'>modo,</span> <span class='ocrx_word' id='word_1_50' title='bbox 451 619 534 656; x_wconf 81' lang='lat' dir='ltr'>quae</span> <span class='ocrx_word' id='word_1_51' title='bbox 562 605 835 654; x_wconf 86' lang='lat' dir='ltr'>restinguendo</span> <span class='ocrx_word' id='word_1_52' title='bbox 866 605 948 653; x_wconf 84' lang='lat' dir='ltr'>igni</span> <span class='ocrx_word' id='word_1_53' title='bbox 975 603 1116 648; x_wconf 88' lang='lat' dir='ltr'>forent,</span> <span class='ocrx_word' id='word_1_54' title='bbox 1146 617 1236 655; x_wconf 90' lang='lat' dir='ltr'>por-</span> 
     </span>
     <span class='ocr_line' id='line_1_8' title="bbox 119 667 1236 720; baseline -0.001 -15"><span class='ocrx_word' id='word_1_55' title='bbox 119 674 259 714; x_wconf 88' lang='lat' dir='ltr'>tantes,</span> <span class='ocrx_word' id='word_1_56' title='bbox 280 671 319 707; x_wconf 92' lang='lat' dir='ltr'>in</span> <span class='ocrx_word' id='word_1_57' title='bbox 339 683 474 720; x_wconf 82' lang='lat' dir='ltr'><strong>agmen</strong></span> <span class='ocrx_word' id='word_1_58' title='bbox 493 670 713 707; x_wconf 88' lang='lat' dir='ltr'>Romanum</span> <span class='ocrx_word' id='word_1_59' title='bbox 735 668 907 705; x_wconf 82' lang='lat' dir='ltr'>ruebant.</span> <span class='ocrx_word' id='word_1_60' title='bbox 964 667 1113 708; x_wconf 87' lang='lat' dir='ltr'><strong>Quibus</strong></span> <span class='ocrx_word' id='word_1_61' title='bbox 1131 669 1236 704; x_wconf 70' lang='lat' dir='ltr'>caesis</span> 
     </span>
     <span class='ocr_line' id='line_1_9' title="bbox 123 734 1236 786; baseline -0.002 -15"><span class='ocrx_word' id='word_1_62' title='bbox 123 735 313 779; x_wconf 89' lang='lat' dir='ltr'>omnibus,</span> <span class='ocrx_word' id='word_1_63' title='bbox 347 742 597 786; x_wconf 79' lang='lat' dir='ltr'>praeterquam</span> <span class='ocrx_word' id='word_1_64' title='bbox 625 734 756 771; x_wconf 85' lang='lat' dir='ltr'>hostili</span> <span class='ocrx_word' id='word_1_65' title='bbox 789 734 893 777; x_wconf 84' lang='lat' dir='ltr'>odio,</span> <span class='ocrx_word' id='word_1_66' title='bbox 922 734 1037 770; x_wconf 86' lang='lat' dir='ltr'>etiam</span> <span class='ocrx_word' id='word_1_67' title='bbox 1070 746 1119 770; x_wconf 91' lang='lat' dir='ltr'>ne</span> <span class='ocrx_word' id='word_1_68' title='bbox 1153 734 1236 783; x_wconf 80' lang='lat' dir='ltr'>quis</span> 
     </span>
     <span class='ocr_line' id='line_1_10' title="bbox 123 798 1240 850; baseline -0.001 -15"><span class='ocrx_word' id='word_1_69' title='bbox 123 801 283 836; x_wconf 89' lang='lat' dir='ltr'>nuncius</span> <span class='ocrx_word' id='word_1_70' title='bbox 313 801 507 850; x_wconf 86' lang='lat' dir='ltr'>effugeret,</span> <span class='ocrx_word' id='word_1_71' title='bbox 528 799 720 850; x_wconf 84' lang='lat' dir='ltr'>extemplo</span> <span class='ocrx_word' id='word_1_72' title='bbox 741 799 868 850; x_wconf 89' lang='lat' dir='ltr'>Scipio</span> <span class='ocrx_word' id='word_1_73' title='bbox 892 798 1099 847; x_wconf 87' lang='lat' dir='ltr'>neglectas,</span> <span class='ocrx_word' id='word_1_74' title='bbox 1129 804 1172 834; x_wconf 92' lang='lat' dir='ltr'>ut</span> <span class='ocrx_word' id='word_1_75' title='bbox 1199 800 1240 835; x_wconf 90' lang='lat' dir='ltr'>in</span> 
     </span>
     <span class='ocr_line' id='line_1_11' title="bbox 124 863 1241 915; baseline 0 -16"><span class='ocrx_word' id='word_1_76' title='bbox 124 863 192 899; x_wconf 89' lang='lat' dir='ltr'>tali</span> <span class='ocrx_word' id='word_1_77' title='bbox 212 864 391 908; x_wconf 86' lang='lat' dir='ltr'>tumultu,</span> <span class='ocrx_word' id='word_1_78' title='bbox 411 871 541 915; x_wconf 87' lang='lat' dir='ltr'>portas</span> <span class='ocrx_word' id='word_1_79' title='bbox 562 864 729 901; x_wconf 88' lang='lat' dir='ltr'>invadit:</span> <span class='ocrx_word' id='word_1_80' title='bbox 760 863 987 913; x_wconf 82' lang='lat' dir='ltr'>ignibusque</span> <span class='ocrx_word' id='word_1_81' title='bbox 1007 864 1047 899; x_wconf 91' lang='lat' dir='ltr'>in</span> <span class='ocrx_word' id='word_1_82' title='bbox 1066 863 1241 913; x_wconf 86' lang='lat' dir='ltr'>proxima</span> 
     </span>
     <span class='ocr_line' id='line_1_12' title="bbox 123 926 1242 978; baseline 0 -15"><span class='ocrx_word' id='word_1_83' title='bbox 123 933 225 968; x_wconf 81' lang='lat' dir='ltr'>tecta</span> <span class='ocrx_word' id='word_1_84' title='bbox 254 927 451 978; x_wconf 87' lang='lat' dir='ltr'>conjectis,</span> <span class='ocrx_word' id='word_1_85' title='bbox 483 928 600 964; x_wconf 85' lang='lat' dir='ltr'>effusa</span> <span class='ocrx_word' id='word_1_86' title='bbox 634 928 785 964; x_wconf 85' lang='lat' dir='ltr'>flamma</span> <span class='ocrx_word' id='word_1_87' title='bbox 813 928 935 978; x_wconf 89' lang='lat' dir='ltr'>primo</span> <span class='ocrx_word' id='word_1_88' title='bbox 967 926 1085 963; x_wconf 85' lang='lat' dir='ltr'>veluti</span> <span class='ocrx_word' id='word_1_89' title='bbox 1112 939 1242 977; x_wconf 86' lang='lat' dir='ltr'>sparsa</span> 
     </span>
     <span class='ocr_line' id='line_1_13' title="bbox 124 990 1241 1042; baseline 0.002 -16"><span class='ocrx_word' id='word_1_90' title='bbox 124 990 293 1042; x_wconf 90' lang='lat' dir='ltr'>pluribus</span> <span class='ocrx_word' id='word_1_91' title='bbox 310 992 403 1029; x_wconf 91' lang='lat' dir='ltr'>locis</span> <span class='ocrx_word' id='word_1_92' title='bbox 420 992 572 1036; x_wconf 86' lang='lat' dir='ltr'>reluxit,</span> <span class='ocrx_word' id='word_1_93' title='bbox 593 993 678 1028; x_wconf 88' lang='lat' dir='ltr'>dein</span> <span class='ocrx_word' id='word_1_94' title='bbox 699 1005 766 1042; x_wconf 88' lang='lat' dir='ltr'>per</span> <span class='ocrx_word' id='word_1_95' title='bbox 782 993 963 1028; x_wconf 87' lang='lat' dir='ltr'>continua</span> <span class='ocrx_word' id='word_1_96' title='bbox 979 1004 1145 1042; x_wconf 89' lang='lat' dir='ltr'>serpens,</span> <span class='ocrx_word' id='word_1_97' title='bbox 1163 1004 1241 1028; x_wconf 89' lang='lat' dir='ltr'>uno</span> 
     </span>
     <span class='ocr_line' id='line_1_14' title="bbox 124 1056 1241 1106; baseline 0.001 -15"><span class='ocrx_word' id='word_1_98' title='bbox 124 1063 278 1106; x_wconf 88' lang='lat' dir='ltr'>repente</span> <span class='ocrx_word' id='word_1_99' title='bbox 307 1058 437 1094; x_wconf 86' lang='lat' dir='ltr'>omnia</span> <span class='ocrx_word' id='word_1_100' title='bbox 465 1057 642 1093; x_wconf 87' lang='lat' dir='ltr'>incendio</span> <span class='ocrx_word' id='word_1_101' title='bbox 668 1057 807 1095; x_wconf 84' lang='lat' dir='ltr'>hausit.</span> <span class='ocrx_word' id='word_1_102' title='bbox 862 1056 1041 1093; x_wconf 85' lang='lat' dir='ltr'>Ambusti</span> <span class='ocrx_word' id='word_1_103' title='bbox 1068 1056 1241 1093; x_wconf 86' lang='lat' dir='ltr'>homines</span> 
     </span>
     <span class='ocr_line' id='line_1_15' title="bbox 120 1118 1241 1172; baseline 0.002 -16"><span class='ocrx_word' id='word_1_104' title='bbox 120 1118 371 1170; x_wconf 84' lang='lat' dir='ltr'>jumentaque</span> <span class='ocrx_word' id='word_1_105' title='bbox 390 1121 493 1158; x_wconf 85' lang='lat' dir='ltr'>foeda</span> <span class='ocrx_word' id='word_1_106' title='bbox 519 1122 682 1172; x_wconf 88' lang='lat' dir='ltr'>primum</span> <span class='ocrx_word' id='word_1_107' title='bbox 701 1121 806 1171; x_wconf 85' lang='lat' dir='ltr'>fuga,</span> <span class='ocrx_word' id='word_1_108' title='bbox 828 1121 914 1157; x_wconf 87' lang='lat' dir='ltr'>dein</span> <span class='ocrx_word' id='word_1_109' title='bbox 943 1127 1082 1171; x_wconf 83' lang='lat' dir='ltr'>strage,</span> <span class='ocrx_word' id='word_1_110' title='bbox 1103 1121 1241 1160; x_wconf 85' lang='lat' dir='ltr'>obrue-</span> 
     </span>
     <span class='ocr_line' id='line_1_16' title="bbox 127 1184 1241 1236; baseline 0.001 -16"><span class='ocrx_word' id='word_1_111' title='bbox 127 1190 213 1221; x_wconf 84' lang='lat' dir='ltr'>rant</span> <span class='ocrx_word' id='word_1_112' title='bbox 232 1185 369 1221; x_wconf 87' lang='lat' dir='ltr'>itinera</span> <span class='ocrx_word' id='word_1_113' title='bbox 388 1192 597 1235; x_wconf 86' lang='lat' dir='ltr'>portarum.</span> <span class='ocrx_word' id='word_1_114' title='bbox 645 1185 752 1225; x_wconf 87' lang='lat' dir='ltr'>Quos</span> <span class='ocrx_word' id='word_1_115' title='bbox 769 1198 847 1222; x_wconf 90' lang='lat' dir='ltr'>non</span> <span class='ocrx_word' id='word_1_116' title='bbox 868 1184 1107 1236; x_wconf 83' lang='lat' dir='ltr'>obpresserat</span> <span class='ocrx_word' id='word_1_117' title='bbox 1126 1185 1241 1234; x_wconf 83' lang='lat' dir='ltr'>ignis,</span> 
     </span>
     <span class='ocr_line' id='line_1_17' title="bbox 127 1247 1242 1299; baseline 0.002 -15"><span class='ocrx_word' id='word_1_118' title='bbox 127 1247 229 1284; x_wconf 89' lang='lat' dir='ltr'>ferro</span> <span class='ocrx_word' id='word_1_119' title='bbox 266 1248 455 1285; x_wconf 87' lang='lat' dir='ltr'>absumti:</span> <span class='ocrx_word' id='word_1_120' title='bbox 491 1249 655 1299; x_wconf 86' lang='lat' dir='ltr'>binaque</span> <span class='ocrx_word' id='word_1_121' title='bbox 692 1256 816 1286; x_wconf 80' lang='lat' dir='ltr'>castra</span> <span class='ocrx_word' id='word_1_122' title='bbox 853 1249 956 1286; x_wconf 83' lang='lat' dir='ltr'>clade</span> <span class='ocrx_word' id='word_1_123' title='bbox 994 1263 1069 1286; x_wconf 85' lang='lat' dir='ltr'>una</span> <span class='ocrx_word' id='word_1_124' title='bbox 1106 1249 1242 1286; x_wconf 86' lang='lat' dir='ltr'>deleta.</span> 
     </span>
     <span class='ocr_line' id='line_1_18' title="bbox 126 1311 1243 1356; baseline 0.001 -8"><span class='ocrx_word' id='word_1_125' title='bbox 126 1311 254 1349; x_wconf 87' lang='lat' dir='ltr'>Duces</span> <span class='ocrx_word' id='word_1_126' title='bbox 282 1319 409 1350; x_wconf 83' lang='lat' dir='ltr'>tamen</span> <span class='ocrx_word' id='word_1_127' title='bbox 440 1313 567 1356; x_wconf 87' lang='lat' dir='ltr'>ambo,</span> <span class='ocrx_word' id='word_1_128' title='bbox 595 1319 633 1350; x_wconf 87' lang='lat' dir='ltr'>et</span> <span class='ocrx_word' id='word_1_129' title='bbox 662 1325 708 1350; x_wconf 84' lang='lat' dir='ltr'>ex</span> <span class='ocrx_word' id='word_1_130' title='bbox 734 1319 792 1349; x_wconf 90' lang='lat' dir='ltr'>tot</span> <span class='ocrx_word' id='word_1_131' title='bbox 818 1313 984 1350; x_wconf 85' lang='lat' dir='ltr'>millibus</span> <span class='ocrx_word' id='word_1_132' title='bbox 1011 1320 1243 1350; x_wconf 75' lang='lat' dir='ltr'>armatorum</span> 
     </span>
     <span class='ocr_line' id='line_1_19' title="bbox 128 1375 1243 1426; baseline 0.001 -15"><span class='ocrx_word' id='word_1_133' title='bbox 128 1375 203 1412; x_wconf 92' lang='lat' dir='ltr'>duo</span> <span class='ocrx_word' id='word_1_134' title='bbox 223 1376 341 1412; x_wconf 84' lang='lat' dir='ltr'>millia</span> <span class='ocrx_word' id='word_1_135' title='bbox 369 1376 538 1426; x_wconf 89' lang='lat' dir='ltr'>peditum</span> <span class='ocrx_word' id='word_1_136' title='bbox 559 1383 597 1412; x_wconf 91' lang='lat' dir='ltr'>et</span> <span class='ocrx_word' id='word_1_137' title='bbox 622 1377 820 1426; x_wconf 82' lang='lat' dir='ltr'>quingenti</span> <span class='ocrx_word' id='word_1_138' title='bbox 841 1378 983 1426; x_wconf 75' lang='lat' dir='ltr'>equites</span> <span class='ocrx_word' id='word_1_139' title='bbox 1014 1377 1243 1419; x_wconf 82' lang='lat' dir='ltr'>semiermes,</span> 
     </span>
     <span class='ocr_line' id='line_1_20' title="bbox 127 1441 1244 1491; baseline 0.001 -15"><span class='ocrx_word' id='word_1_140' title='bbox 127 1451 267 1489; x_wconf 86' lang='lat' dir='ltr'>magua</span> <span class='ocrx_word' id='word_1_141' title='bbox 294 1453 378 1491; x_wconf 88' lang='lat' dir='ltr'>pars</span> <span class='ocrx_word' id='word_1_142' title='bbox 410 1442 542 1484; x_wconf 85' lang='lat' dir='ltr'>saucii,</span> <span class='ocrx_word' id='word_1_143' title='bbox 573 1441 773 1490; x_wconf 88' lang='lat' dir='ltr'>adflatique</span> <span class='ocrx_word' id='word_1_144' title='bbox 801 1442 991 1484; x_wconf 87' lang='lat' dir='ltr'>incendio,</span> <span class='ocrx_word' id='word_1_145' title='bbox 1018 1441 1244 1490; x_wconf 83' lang='lat' dir='ltr'>effugerunt.</span> 
     </span>
     <span class='ocr_line' id='line_1_21' title="bbox 126 1504 1242 1553; baseline 0 -14"><span class='ocrx_word' id='word_1_146' title='bbox 126 1504 234 1540; x_wconf 85' lang='lat' dir='ltr'>Caesa</span> <span class='ocrx_word' id='word_1_147' title='bbox 253 1511 318 1540; x_wconf 86' lang='lat' dir='ltr'>aut</span> <span class='ocrx_word' id='word_1_148' title='bbox 344 1504 480 1540; x_wconf 85' lang='lat' dir='ltr'>hausta</span> <span class='ocrx_word' id='word_1_149' title='bbox 510 1504 668 1540; x_wconf 81' lang='lat' dir='ltr'>flammis</span> <span class='ocrx_word' id='word_1_150' title='bbox 690 1504 942 1553; x_wconf 82' lang='lat' dir='ltr'>quadraginta</span> <span class='ocrx_word' id='word_1_151' title='bbox 971 1504 1087 1540; x_wconf 83' lang='lat' dir='ltr'>millia</span> <span class='ocrx_word' id='word_1_152' title='bbox 1115 1505 1242 1540; x_wconf 84' lang='lat' dir='ltr'>homi-</span> 
     </span>
     <span class='ocr_line' id='line_1_22' title="bbox 6 1568 1243 1618; baseline 0.001 -15"><span class='ocrx_word' id='word_1_153' title='bbox 6 1570 11 1618; x_wconf 45' lang='lat' dir='ltr'>l</span> <span class='ocrx_word' id='word_1_154' title='bbox 126 1579 216 1604; x_wconf 90' lang='lat' dir='ltr'>num</span> <span class='ocrx_word' id='word_1_155' title='bbox 246 1574 347 1611; x_wconf 87' lang='lat' dir='ltr'>sunt,</span> <span class='ocrx_word' id='word_1_156' title='bbox 369 1574 480 1618; x_wconf 88' lang='lat' dir='ltr'>capta</span> <span class='ocrx_word' id='word_1_157' title='bbox 503 1581 615 1618; x_wconf 85' lang='lat' dir='ltr'>supra</span> <span class='ocrx_word' id='word_1_158' title='bbox 636 1569 800 1617; x_wconf 85' lang='lat' dir='ltr'>quinque</span> <span class='ocrx_word' id='word_1_159' title='bbox 830 1568 969 1605; x_wconf 87' lang='lat' dir='ltr'>millia:</span> <span class='ocrx_word' id='word_1_160' title='bbox 1003 1568 1111 1605; x_wconf 89' lang='lat' dir='ltr'>multi</span> <span class='ocrx_word' id='word_1_161' title='bbox 1142 1568 1243 1605; x_wconf 87' lang='lat' dir='ltr'>Kar-</span> 
     </span>
     <span class='ocr_line' id='line_1_23' title="bbox 12 1632 1243 1682; baseline 0.001 -14"><span class='ocrx_word' id='word_1_162' title='bbox 12 1633 13 1639; x_wconf 74' lang='grc'>’</span> <span class='ocrx_word' id='word_1_163' title='bbox 124 1632 420 1681; x_wconf 85' lang='lat' dir='ltr'>thaginiensium</span> <span class='ocrx_word' id='word_1_164' title='bbox 440 1633 601 1676; x_wconf 87' lang='lat' dir='ltr'>nobiles,</span> <span class='ocrx_word' id='word_1_165' title='bbox 623 1633 795 1668; x_wconf 82' lang='lat' dir='ltr'>undecim</span> <span class='ocrx_word' id='word_1_166' title='bbox 816 1639 1024 1677; x_wconf 85' lang='lat' dir='ltr'>senatores,</span> <span class='ocrx_word' id='word_1_167' title='bbox 1045 1634 1154 1682; x_wconf 85' lang='lat' dir='ltr'>signa</span> <span class='ocrx_word' id='word_1_168' title='bbox 1173 1633 1243 1669; x_wconf 85' lang='lat' dir='ltr'>mi-</span> 
     </span>
     <span class='ocr_line' id='line_1_24' title="bbox 8 1694 1243 1746; baseline 0.002 -15"><span class='ocrx_word' id='word_1_169' title='bbox 8 1695 15 1735; x_wconf 61' lang='lat' dir='ltr'>i</span> <span class='ocrx_word' id='word_1_170' title='bbox 126 1694 254 1732; x_wconf 82' lang='lat' dir='ltr'>litaria</span> <span class='ocrx_word' id='word_1_171' title='bbox 281 1703 432 1732; x_wconf 90' lang='lat' dir='ltr'>centum</span> <span class='ocrx_word' id='word_1_172' title='bbox 463 1697 706 1746; x_wconf 84' lang='lat' dir='ltr'>septuaginta</span> <span class='ocrx_word' id='word_1_173' title='bbox 725 1702 902 1745; x_wconf 85' lang='lat' dir='ltr'>quatuor,</span> <span class='ocrx_word' id='word_1_174' title='bbox 932 1698 1018 1746; x_wconf 88' lang='lat' dir='ltr'>equi</span> <span class='ocrx_word' id='word_1_175' title='bbox 1047 1697 1243 1734; x_wconf 80' lang='lat' dir='ltr'>Numidici</span> 
     </span>
     <span class='ocr_line' id='line_1_25' title="bbox 17 1753 1238 1813; baseline 0.002 -19"><span class='ocrx_word' id='word_1_176' title='bbox 17 1753 19 1755; x_wconf 55' lang='grc'>’</span> <span class='ocrx_word' id='word_1_177' title='bbox 129 1771 241 1809; x_wconf 86' lang='lat' dir='ltr'>supra</span> <span class='ocrx_word' id='word_1_178' title='bbox 265 1760 341 1795; x_wconf 89' lang='lat' dir='ltr'>duo</span> <span class='ocrx_word' id='word_1_179' title='bbox 371 1759 489 1796; x_wconf 88' lang='lat' dir='ltr'>millia</span> <span class='ocrx_word' id='word_1_180' title='bbox 519 1761 765 1810; x_wconf 86' lang='lat' dir='ltr'>septingenti,</span> <span class='ocrx_word' id='word_1_181' title='bbox 794 1760 987 1811; x_wconf 84' lang='lat' dir='ltr'>elephanti</span> <span class='ocrx_word' id='word_1_182' title='bbox 1017 1774 1082 1798; x_wconf 88' lang='lat' dir='ltr'>sex</span> <span class='ocrx_word' id='word_1_183' title='bbox 1109 1763 1238 1813; x_wconf 78' lang='lat' dir='ltr'>capti3</span> 
     </span>
     <span class='ocr_line' id='line_1_26' title="bbox 128 1824 1242 1875; baseline 0.003 -16"><span class='ocrx_word' id='word_1_184' title='bbox 128 1829 218 1860; x_wconf 91' lang='lat' dir='ltr'>octo</span> <span class='ocrx_word' id='word_1_185' title='bbox 237 1824 387 1860; x_wconf 86' lang='lat' dir='ltr'>flamma</span> <span class='ocrx_word' id='word_1_186' title='bbox 406 1824 581 1873; x_wconf 88' lang='lat' dir='ltr'>ferroque</span> <span class='ocrx_word' id='word_1_187' title='bbox 600 1824 779 1868; x_wconf 84' lang='lat' dir='ltr'>absumti,</span> <span class='ocrx_word' id='word_1_188' title='bbox 802 1838 1016 1875; x_wconf 85' lang='lat' dir='ltr'>magnaque</span> <span class='ocrx_word' id='word_1_189' title='bbox 1034 1827 1089 1862; x_wconf 79' lang='lat' dir='ltr'>vis</span> <span class='ocrx_word' id='word_1_190' title='bbox 1117 1839 1242 1863; x_wconf 81' lang='lat' dir='ltr'>armo·</span> 
     </span>
     <span class='ocr_line' id='line_1_27' title="bbox 128 1890 1243 1943; baseline 0.004 -17"><span class='ocrx_word' id='word_1_191' title='bbox 128 1901 211 1926; x_wconf 89' lang='lat' dir='ltr'>rum</span> <span class='ocrx_word' id='word_1_192' title='bbox 239 1896 362 1940; x_wconf 83' lang='lat' dir='ltr'>capta.</span> <span class='ocrx_word' id='word_1_193' title='bbox 417 1890 476 1927; x_wconf 77' lang='lat' dir='ltr'>Ea</span> <span class='ocrx_word' id='word_1_194' title='bbox 506 1891 635 1927; x_wconf 90' lang='lat' dir='ltr'>omnia</span> <span class='ocrx_word' id='word_1_195' title='bbox 661 1891 868 1943; x_wconf 88' lang='lat' dir='ltr'>imperator</span> <span class='ocrx_word' id='word_1_196' title='bbox 893 1892 1067 1930; x_wconf 83' lang='lat' dir='ltr'>Vulcano</span> <span class='ocrx_word' id='word_1_197' title='bbox 1095 1898 1243 1939; x_wconf 76' lang='lat' dir='ltr'>sacrata</span> 
     </span>
     <span class='ocr_line' id='line_1_28' title="bbox 126 1954 304 1991; baseline 0.006 -2"><span class='ocrx_word' id='word_1_198' title='bbox 126 1954 304 1991; x_wconf 88' lang='lat' dir='ltr'>incendit.</span> 
     </span>
    </p>

    <p class='ocr_par' dir='ltr' id='par_1_3' title="bbox 127 2018 1246 2392">
     <span class='ocr_line' id='line_1_29' title="bbox 180 2018 1243 2071; baseline 0.005 -18"><span class='ocrx_word' id='word_1_199' title='bbox 180 2018 270 2055; x_wconf 91' lang='lat' dir='ltr'>VII.</span> <span class='ocrx_word' id='word_1_200' title='bbox 301 2019 520 2057; x_wconf 85' lang='lat' dir='ltr'>Hasdrubal</span> <span class='ocrx_word' id='word_1_201' title='bbox 553 2033 599 2057; x_wconf 88' lang='lat' dir='ltr'>ex</span> <span class='ocrx_word' id='word_1_202' title='bbox 627 2020 732 2070; x_wconf 84' lang='lat' dir='ltr'>fuga,</span> <span class='ocrx_word' id='word_1_203' title='bbox 764 2033 849 2057; x_wconf 85' lang='lat' dir='ltr'>cum</span> <span class='ocrx_word' id='word_1_204' title='bbox 881 2021 1026 2071; x_wconf 85' lang='lat' dir='ltr'>paucis,</span> <span class='ocrx_word' id='word_1_205' title='bbox 1060 2021 1243 2059; x_wconf 79' lang='lat' dir='ltr'>Afrorum</span> 
     </span>
     <span class='ocr_line' id='line_1_30' title="bbox 127 2082 1243 2135; baseline 0.004 -17"><span class='ocrx_word' id='word_1_206' title='bbox 127 2082 259 2119; x_wconf 85' lang='lat' dir='ltr'>urbem</span> <span class='ocrx_word' id='word_1_207' title='bbox 287 2085 497 2134; x_wconf 84' lang='lat' dir='ltr'>proximam</span> <span class='ocrx_word' id='word_1_208' title='bbox 526 2086 711 2135; x_wconf 84' lang='lat' dir='ltr'>petierat:</span> <span class='ocrx_word' id='word_1_209' title='bbox 756 2097 877 2134; x_wconf 89' lang='lat' dir='ltr'>eoque</span> <span class='ocrx_word' id='word_1_210' title='bbox 906 2098 1053 2130; x_wconf 88' lang='lat' dir='ltr'>omnes,</span> <span class='ocrx_word' id='word_1_211' title='bbox 1085 2087 1147 2135; x_wconf 86' lang='lat' dir='ltr'>qui</span> <span class='ocrx_word' id='word_1_212' title='bbox 1182 2099 1243 2122; x_wconf 89' lang='lat' dir='ltr'>su-</span> 
     </span>
     <span class='ocr_line' id='line_1_31' title="bbox 128 2149 1242 2198; baseline 0.004 -18"><span class='ocrx_word' id='word_1_213' title='bbox 128 2153 316 2195; x_wconf 85' lang='lat' dir='ltr'>pererant,</span> <span class='ocrx_word' id='word_1_214' title='bbox 343 2149 503 2196; x_wconf 85' lang='lat' dir='ltr'>vestigia</span> <span class='ocrx_word' id='word_1_215' title='bbox 529 2149 632 2185; x_wconf 88' lang='lat' dir='ltr'>ducis</span> <span class='ocrx_word' id='word_1_216' title='bbox 663 2156 877 2198; x_wconf 87' lang='lat' dir='ltr'>sequentes,</span> <span class='ocrx_word' id='word_1_217' title='bbox 913 2161 952 2185; x_wconf 89' lang='lat' dir='ltr'>se</span> <span class='ocrx_word' id='word_1_218' title='bbox 978 2149 1242 2186; x_wconf 85' lang='lat' dir='ltr'>contulerant:</span> 
     </span>
     <span class='ocr_line' id='line_1_32' title="bbox 129 2210 1245 2264; baseline 0.005 -20"><span class='ocrx_word' id='word_1_219' title='bbox 129 2215 232 2245; x_wconf 86' lang='lat' dir='ltr'>metu</span> <span class='ocrx_word' id='word_1_220' title='bbox 261 2210 407 2254; x_wconf 88' lang='lat' dir='ltr'>deinde,</span> <span class='ocrx_word' id='word_1_221' title='bbox 438 2225 486 2248; x_wconf 90' lang='lat' dir='ltr'>ne</span> <span class='ocrx_word' id='word_1_222' title='bbox 512 2213 710 2250; x_wconf 85' lang='lat' dir='ltr'>dederetur</span> <span class='ocrx_word' id='word_1_223' title='bbox 739 2213 922 2264; x_wconf 87' lang='lat' dir='ltr'>Scipioni,</span> <span class='ocrx_word' id='word_1_224' title='bbox 954 2213 1046 2249; x_wconf 90' lang='lat' dir='ltr'>urbe</span> <span class='ocrx_word' id='word_1_225' title='bbox 1073 2214 1245 2251; x_wconf 82' lang='lat' dir='ltr'>excessit.</span> 
     </span>
     <span class='ocr_line' id='line_1_33' title="bbox 129 2272 1246 2329; baseline 0.005 -21"><span class='ocrx_word' id='word_1_226' title='bbox 129 2272 226 2310; x_wconf 87' lang='lat' dir='ltr'>Mox</span> <span class='ocrx_word' id='word_1_227' title='bbox 246 2275 378 2311; x_wconf 89' lang='lat' dir='ltr'>eodem</span> <span class='ocrx_word' id='word_1_228' title='bbox 397 2277 617 2325; x_wconf 85' lang='lat' dir='ltr'>patentibus</span> <span class='ocrx_word' id='word_1_229' title='bbox 637 2278 758 2328; x_wconf 83' lang='lat' dir='ltr'>portis</span> <span class='ocrx_word' id='word_1_230' title='bbox 787 2276 954 2314; x_wconf 87' lang='lat' dir='ltr'>Romani</span> <span class='ocrx_word' id='word_1_231' title='bbox 976 2278 1120 2329; x_wconf 89' lang='lat' dir='ltr'>accepti</span> <span class='ocrx_word' id='word_1_232' title='bbox 1137 2293 1144 2314; x_wconf 88' lang='lat'><strong>:</strong></span> <span class='ocrx_word' id='word_1_233' title='bbox 1176 2290 1246 2314; x_wconf 88' lang='lat' dir='ltr'>nec</span> 
     </span>
     <span class='ocr_line' id='line_1_34' title="bbox 129 2337 1244 2392; baseline 0.004 -20"><span class='ocrx_word' id='word_1_234' title='bbox 129 2337 331 2387; x_wconf 82' lang='lat' dir='ltr'>quidquam</span> <span class='ocrx_word' id='word_1_235' title='bbox 367 2340 518 2386; x_wconf 76' lang='lat' dir='ltr'>hostile,</span> <span class='ocrx_word' id='word_1_236' title='bbox 554 2342 643 2392; x_wconf 84' lang='lat' dir='ltr'>quia</span> <span class='ocrx_word' id='word_1_237' title='bbox 673 2340 870 2378; x_wconf 85' lang='lat' dir='ltr'>voluntate</span> <span class='ocrx_word' id='word_1_238' title='bbox 907 2348 1172 2380; x_wconf 66' lang='lat' dir='ltr'>concesserant</span> <span class='ocrx_word' id='word_1_239' title='bbox 1207 2343 1244 2390; x_wconf 70' lang='lat' dir='ltr'>in</span> 
     </span>
    </p>
   </div>
   <div class='ocr_carea' id='block_1_3' title="bbox 641 2406 719 2445">
    <p class='ocr_par' dir='ltr' id='par_1_4' title="bbox 641 2406 719 2445">
     <span class='ocr_line' id='line_1_35' title="bbox 641 2406 719 2445; baseline -0.026 0"><span class='ocrx_word' id='word_1_240' title='bbox 641 2406 719 2445; x_wconf 67' lang='lat' dir='ltr'>La</span> 
     </span>
    </p>
   </div>
   <div class='ocr_carea' id='block_1_4' title="bbox 2 1753 47 2656">
    <p class='ocr_par' dir='ltr' id='par_1_5' title="bbox 2 1753 47 2656">
     <span class='ocr_line' id='line_1_36' title="bbox 2 1753 47 2656; baseline 0 0"><span class='ocrx_word' id='word_1_241' title='bbox 2 1753 47 2656; x_wconf 95' lang='lat' dir='ltr'> </span> 
     </span>
    </p>
   </div>
  </div>
 </body>
</html>
