1507 2656
297 170 451 199 Lrssiziz
474 169 594 199 xxx.
627 169 735 198 cAr.
758 171 939 200 xxxvi.
1098 168 1178 217 259

67 259 188 293 omnis
213 270 295 309 spes
317 266 427 302 esset,
449 259 585 296 milites
606 260 946 309 Karthaginienses
967 262 1176 313 Afrosque:
1194 275 1282 306 [Le.
1301 282 1375 306 550.

70 328 123 365 ut,
146 323 321 359 omnibus
341 324 452 360 rebus
474 324 555 360 aliis
582 338 704 374 pareS,
727 338 786 368 eo,
808 326 908 374 quod
937 327 1075 375 integri
1097 342 1182 364 cum
1194 319 1284 351 A·C·
1301 326 1376 350 ²02'

66 385 174 422 fessis
195 399 238 422 ae
265 389 399 424 sauciis
430 395 658 438 pugnarent,
680 390 890 439 superiores
921 400 1068 426 essent:
1102 391 1182 428 Ita·-

66 449 174 493 licos,
201 451 399 488 intervallo
420 466 570 502 quoque
600 454 794 497 diremtos,
816 455 980 490 incertos
1011 456 1104 491 socii
1134 468 1182 492 an

68 513 194 550 hostes
216 522 354 559 essent,
375 517 414 552 in
434 524 665 566 postremam
688 519 807 554 aciem
827 519 1036 556 submotos.
1094 519 1184 557 Hoc

68 578 169 613 edito
198 579 300 615 velut
329 580 463 617 ultimo
492 583 640 618 virtutis
668 596 795 633 opere,
825 583 1036 627 Hannibal,
1067 597 1184 634 quum

68 643 319 681 Adi-umerum
355 647 570 696 refugisset,
603 649 822 698 adcitusque
854 650 942 686 inde
974 650 1186 699 Karthagi-

69 719 155 743 nem
174 716 282 745 sexto
304 723 347 746 ac
367 712 563 760 trigesimo
583 721 670 763 post
699 727 814 757 anno,
836 727 949 764 quam
977 728 1071 765 puer
1099 715 1187 752 inde

69 772 260 821 profectus
295 782 387 819 crat,
422 778 590 821 redisset,
626 778 746 814 fassus
781 779 821 814 in
858 780 962 815 curia
999 786 1069 822 est,
1106 791 1187 816 non

70 836 204 885 proelio
225 840 338 876 niodo
359 853 411 884 se,
433 843 497 879 sed
525 843 625 878 bello
648 844 804 887 victum,
825 856 894 880 nec
923 856 1029 896 spem
1055 843 1186 880 salutis

72 898 175 942 alibi,
196 914 308 949 quam
328 905 366 939 in
386 918 478 954 pace
498 907 723 956 inpetranda
743 920 836 944 esse.

124 962 320 1003 XXXVI.
351 968 492 1018 ScipiO,
521 971 723 1008 confestim
753 985 775 1008 a
804 972 942 1022 proelio
962 972 1186 1022 expugnatis

71 1027 238 1066 hostium
265 1034 395 1068 castris
426 1034 671 1084 direptisque,
702 1050 787 1073 cum
818 1038 965 1085 ingenti
990 1037 1115 1087 praeda
1141 1036 1189 1072 ad

71 1103 173 1129 mare
200 1107 243 1130 ac
270 1108 382 1133 naves
410 1099 544 1145 rediit3
577 1100 720 1136 nuncio
750 1100 890 1144 adlato,
918 1101 961 1136 P.
981 1099 1190 1136 Lentulum

70 1167 155 1192 cum
185 1158 461 1209 quinquaginta
489 1165 677 1207 rostratis,
700 1171 853 1200 centum
884 1165 1082 1206 onerariis,
1104 1176 1191 1200 cum

69 1221 174 1256 omni
195 1234 332 1270 genere
353 1234 601 1270 commeatus,
623 1229 670 1264 ad
690 1228 845 1265 Uticam
866 1229 1079 1265 accessisse.
1110 1227 1191 1263 Ad-

68 1286 297 1323 movendum
327 1290 444 1338 igitur
471 1292 636 1341 undique
666 1300 850 1330 terrorem
878 1293 1058 1344 perculsae
1087 1292 1192 1328 Kar-

70 1348 219 1398 thagini
250 1359 367 1398 ratus,
403 1357 519 1393 misso
549 1357 670 1394 Laelio
706 1358 873 1396 Romam
904 1371 989 1395 cum
1022 1358 1191 1394 victoriae

69 1416 225 1459 nuncio,
248 1418 317 1456 Cn.
339 1420 541 1460 Octavium
561 1426 731 1461 terrestri
750 1426 885 1462 itinere
908 1426 1042 1462 ducere
1071 1424 1192 1472 legio-

66 1489 133 1516 nes
171 1481 452 1533 Karthaginem
478 1486 616 1538 jubet:
660 1490 755 1540 ipse,
794 1490 841 1526 ad
879 1502 987 1526 suam
1022 1494 1193 1525 veterem

69 1555 170 1580 nova
198 1544 354 1583 Lentuli
387 1547 505 1585 classe
536 1549 730 1600 adjuncta,
764 1549 957 1600 profectus
991 1548 1038 1585 ab
1074 1548 1191 1585 Utica

70 1616 223 1659 portum
260 1612 512 1662 Karthaginis
551 1616 659 1665 petit.
717 1614 835 1651 Haud
874 1614 1008 1665 procul
1044 1614 1191 1657 aberat,

71 1688 187 1724 quum
219 1676 343 1713 velata
371 1678 500 1715 infulis
532 1681 721 1729 ramisque
754 1680 847 1716 oleae
884 1680 1188 1728 Karthaginien-

72 1740 166 1776 sium
189 1740 358 1777 obcurrit
380 1743 497 1779 navis.
554 1742 700 1780 Decem
727 1743 843 1792 legati
864 1750 972 1780 erant
1000 1743 1188 1793 principes
1203 1735 1410 1810 ΞῖἔέἲΕΞῙ-Πῗ·

72 1804 250 1848 civitatis,
273 1812 427 1842 auctore
448 1806 667 1843 Hannibale
689 1808 793 1844 missi
821 1808 868 1844 ad
893 1808 1095 1858 petendam
1121 1820 1187 1857 pa·
1202 1831 1274 1852 cern
1291 1790 1346 1863 ΡΞ-

73 1881 176 1905 eem:
209 1870 272 1918 qui
293 1882 408 1919 quum
427 1871 474 1906 ad
494 1871 651 1920 puppim
680 1872 866 1921 praetorioe
885 1872 989 1908 navis
1011 1872 1189 1909 accessis·
1204 1872 1287 1896 tunt.

72 1940 170 1977 sent,
191 1934 401 1970 velamenta
425 1935 636 1985 supplicum
665 1937 917 1985 porrigentes,
943 1942 1109 1979 oranteS,
1131 1936 1190 1971 in-

70 1997 337 2048 plorantesque
357 1998 467 2035 fidem
487 2006 525 2034 et
544 2000 839 2036 misericordiam
856 2000 1043 2050 Scipionis
1062 2016 1072 2045 5
1105 1999 1191 2035 nul-

71 2062 150 2098 lum
175 2063 219 2098 iis
246 2063 346 2100 aliud
374 2077 598 2114 responsum
626 2064 770 2107 datum,
794 2076 906 2113 quam
933 2070 974 2100 ut
998 2063 1189 2100 Tunetem

71 2127 267 2172 venirent,
301 2140 345 2163 eo
369 2141 407 2163 se
437 2135 629 2164 moturum
660 2135 807 2164 castra:
840 2129 919 2178 ipse
948 2128 994 2164 ab
1016 2135 1190 2164 contem-

72 2188 176 2238 plato
207 2191 281 2226 situ
310 2190 577 2240 Karthaginis,
602 2205 682 2227 non
707 2198 785 2228 tam
811 2192 992 2228 noscendi
1018 2192 1057 2227 in
1090 2204 1187 2242 prae-

73 2255 208 2298 sentia,
232 2267 342 2303 quam
364 2256 593 2306 deprimendi
623 2257 742 2293 hostis
763 2270 908 2300 caussa,
930 2256 1097 2299 Uticam,
1120 2268 1187 2291 eo-

73 2317 157 2354 dem
186 2326 222 2355 et
242 2318 405 2356 Octavio
431 2327 621 2362 revocato,
644 2320 764 2357 rediit.
823 2321 916 2358 Inde
946 2320 1187 2371 procedenti-
