<?xml version="1.0" encoding="UTF-8"?>
<!DOCTYPE html PUBLIC "-//W3C//DTD XHTML 1.0 Transitional//EN"
    "http://www.w3.org/TR/xhtml1/DTD/xhtml1-transitional.dtd">
<html xmlns="http://www.w3.org/1999/xhtml" xml:lang="en" lang="en">
 <head>
  <title>
</title>
<meta http-equiv="Content-Type" content="text/html;charset=utf-8" />
  <meta name='ocr-system' content='tesseract 3.04.00' />
  <meta name='ocr-capabilities' content='ocr_page ocr_carea ocr_par ocr_line ocrx_word'/>
</head>
<body>
  <div class='ocr_page' id='page_1' title='image "./historiarumquaes03livyuoft_0072.png"; bbox 0 0 1523 2666; ppageno 0'>
   <div class='ocr_carea' id='block_1_1' title="bbox 296 125 958 169">
    <p class='ocr_par' dir='ltr' id='par_1_1' title="bbox 296 125 958 169">
     <span class='ocr_line' id='line_1_1' title="bbox 296 125 958 169; baseline -0.008 -3"><span class='ocrx_word' id='word_1_1' title='bbox 296 125 351 169; x_wconf 81' lang='lat'>62</span> <span class='ocrx_word' id='word_1_2' title='bbox 753 133 800 162; x_wconf 80' lang='grc' dir='ltr'>Τ.</span> <span class='ocrx_word' id='word_1_3' title='bbox 825 133 958 162; x_wconf 83' lang='lat' dir='ltr'>L1v11</span> 
     </span>
    </p>
   </div>
   <div class='ocr_carea' id='block_1_2' title="bbox 229 220 1421 1108">
    <p class='ocr_par' dir='ltr' id='par_1_2' title="bbox 229 220 1421 1108">
     <span class='ocr_line' id='line_1_2' title="bbox 231 220 1408 274; baseline 0.001 -15"><span class='ocrx_word' id='word_1_4' title='bbox 231 224 411 274; x_wconf 64' lang='lat' dir='ltr'>cis-quod,</span> <span class='ocrx_word' id='word_1_5' title='bbox 441 222 512 261; x_wconf 80' lang='lat' dir='ltr'>etsi</span> <span class='ocrx_word' id='word_1_6' title='bbox 546 235 590 259; x_wconf 82' lang='lat' dir='ltr'>ea</span> <span class='ocrx_word' id='word_1_7' title='bbox 623 227 754 258; x_wconf 79' lang='lat' dir='ltr'><strong>aestate</strong></span> <span class='ocrx_word' id='word_1_8' title='bbox 786 223 1038 259; x_wconf 86' lang='lat' dir='ltr'>transiturum</span> <span class='ocrx_word' id='word_1_9' title='bbox 1072 221 1111 258; x_wconf 90' lang='lat' dir='ltr'>in</span> <span class='ocrx_word' id='word_1_10' title='bbox 1145 220 1298 259; x_wconf 85' lang='lat' dir='ltr'>Italiam</span> <span class='ocrx_word' id='word_1_11' title='bbox 1330 222 1408 260; x_wconf 84' lang='lat' dir='ltr'>fra-</span> 
     </span>
     <span class='ocr_line' id='line_1_3' title="bbox 229 278 1410 335; baseline -0.003 -9"><span class='ocrx_word' id='word_1_12' title='bbox 229 278 391 326; x_wconf 76' lang='lat' dir='ltr'>O7‘t1·em</span> <span class='ocrx_word' id='word_1_13' title='bbox 422 287 645 330; x_wconf 84' lang='lat' dir='ltr'>crediderat,</span> <span class='ocrx_word' id='word_1_14' title='bbox 676 286 913 323; x_wconf 84' lang='lat' dir='ltr'>recordando</span> <span class='ocrx_word' id='word_1_15' title='bbox 943 299 1025 335; x_wconf 86' lang='lat' dir='ltr'>quae</span> <span class='ocrx_word' id='word_1_16' title='bbox 1055 286 1135 335; x_wconf 90' lang='lat' dir='ltr'>ipse</span> <span class='ocrx_word' id='word_1_17' title='bbox 1168 286 1208 322; x_wconf 90' lang='lat' dir='ltr'>in</span> <span class='ocrx_word' id='word_1_18' title='bbox 1244 287 1410 323; x_wconf 83' lang='lat' dir='ltr'>transitu</span> 
     </span>
     <span class='ocr_line' id='line_1_4' title="bbox 294 349 1410 400; baseline -0.004 -10"><span class='ocrx_word' id='word_1_19' title='bbox 294 366 397 391; x_wconf 88' lang='lat' dir='ltr'>nunc</span> <span class='ocrx_word' id='word_1_20' title='bbox 430 351 627 394; x_wconf 84' lang='lat' dir='ltr'>Rhodani,</span> <span class='ocrx_word' id='word_1_21' title='bbox 658 362 760 386; x_wconf 86' lang='lat' dir='ltr'>nunc</span> <span class='ocrx_word' id='word_1_22' title='bbox 789 349 960 400; x_wconf 86' lang='lat' dir='ltr'>Alpium,</span> <span class='ocrx_word' id='word_1_23' title='bbox 987 362 1074 386; x_wconf 90' lang='lat' dir='ltr'>cum</span> <span class='ocrx_word' id='word_1_24' title='bbox 1104 349 1322 386; x_wconf 86' lang='lat' dir='ltr'>hominibus</span> <span class='ocrx_word' id='word_1_25' title='bbox 1350 350 1410 386; x_wconf 93' lang='lat' dir='ltr'>lo-</span> 
     </span>
     <span class='ocr_line' id='line_1_5' title="bbox 294 413 1408 466; baseline -0.004 -12"><span class='ocrx_word' id='word_1_26' title='bbox 294 417 424 466; x_wconf 80' lang='lat' dir='ltr'>cisque</span> <span class='ocrx_word' id='word_1_27' title='bbox 453 415 660 466; x_wconf 85' lang='lat' dir='ltr'>pugnando</span> <span class='ocrx_word' id='word_1_28' title='bbox 690 427 757 464; x_wconf 89' lang='lat' dir='ltr'>per</span> <span class='ocrx_word' id='word_1_29' title='bbox 787 415 954 464; x_wconf 85' lang='lat' dir='ltr'>quinque</span> <span class='ocrx_word' id='word_1_30' title='bbox 982 426 1130 450; x_wconf 85' lang='lat' dir='ltr'>meuses</span> <span class='ocrx_word' id='word_1_31' title='bbox 1158 413 1408 458; x_wconf 83' lang='lat' dir='ltr'>exhausisset,</span> 
     </span>
     <span class='ocr_line' id='line_1_6' title="bbox 294 477 1421 530; baseline -0.004 -12"><span class='ocrx_word' id='word_1_32' title='bbox 294 482 586 530; x_wconf 83' lang='lat' dir='ltr'><strong>haudquaquam</strong></span> <span class='ocrx_word' id='word_1_33' title='bbox 619 485 700 515; x_wconf 88' lang='lat' dir='ltr'>tam</span> <span class='ocrx_word' id='word_1_34' title='bbox 727 477 880 516; x_wconf 83' lang='lat' dir='ltr'><strong>facilem</strong></span> <span class='ocrx_word' id='word_1_35' title='bbox 912 484 1178 527; x_wconf 87' lang='lat' dir='ltr'>maturumque</span> <span class='ocrx_word' id='word_1_36' title='bbox 1207 478 1421 514; x_wconf 61' lang='lat' dir='ltr'>transitum&lt;</span> 
     </span>
     <span class='ocr_line' id='line_1_7' title="bbox 293 543 1409 596; baseline -0.004 -13"><span class='ocrx_word' id='word_1_37' title='bbox 293 546 564 596; x_wconf 76' lang='lat' dir='ltr'>exspectabat:</span> <span class='ocrx_word' id='word_1_38' title='bbox 598 557 642 580; x_wconf 88' lang='lat' dir='ltr'>ea</span> <span class='ocrx_word' id='word_1_39' title='bbox 661 544 804 579; x_wconf 82' lang='lat' dir='ltr'>tardius</span> <span class='ocrx_word' id='word_1_40' title='bbox 825 543 1002 580; x_wconf 81' lang='lat' dir='ltr'>movendi</span> <span class='ocrx_word' id='word_1_41' title='bbox 1022 556 1069 580; x_wconf 90' lang='lat' dir='ltr'>ex</span> <span class='ocrx_word' id='word_1_42' title='bbox 1087 543 1254 580; x_wconf 85' lang='lat' dir='ltr'>hibernis</span> <span class='ocrx_word' id='word_1_43' title='bbox 1275 555 1409 579; x_wconf 88' lang='lat' dir='ltr'>caussa</span> 
     </span>
     <span class='ocr_line' id='line_1_8' title="bbox 291 607 1410 657; baseline -0.004 -10"><span class='ocrx_word' id='word_1_44' title='bbox 291 610 379 648; x_wconf 86' lang='lat' dir='ltr'>fuit.</span> <span class='ocrx_word' id='word_1_45' title='bbox 437 611 616 646; x_wconf 84' lang='lat' dir='ltr'>Ceterum</span> <span class='ocrx_word' id='word_1_46' title='bbox 647 607 879 644; x_wconf 84' lang='lat' dir='ltr'>Hasdrubali</span> <span class='ocrx_word' id='word_1_47' title='bbox 913 614 951 644; x_wconf 88' lang='lat' dir='ltr'>et</span> <span class='ocrx_word' id='word_1_48' title='bbox 983 621 1051 644; x_wconf 86' lang='lat' dir='ltr'>sua</span> <span class='ocrx_word' id='word_1_49' title='bbox 1083 614 1120 644; x_wconf 89' lang='lat' dir='ltr'>et</span> <span class='ocrx_word' id='word_1_50' title='bbox 1150 607 1310 644; x_wconf 84' lang='lat' dir='ltr'>aliorum</span> <span class='ocrx_word' id='word_1_51' title='bbox 1343 619 1410 657; x_wconf 86' lang='lat' dir='ltr'>spe</span> 
     </span>
     <span class='ocr_line' id='line_1_9' title="bbox 292 672 1409 723; baseline -0.003 -12"><span class='ocrx_word' id='word_1_52' title='bbox 292 675 422 711; x_wconf 85' lang='lat' dir='ltr'>omnia</span> <span class='ocrx_word' id='word_1_53' title='bbox 448 674 632 711; x_wconf 82' lang='lat' dir='ltr'>celeriora</span> <span class='ocrx_word' id='word_1_54' title='bbox 650 679 763 722; x_wconf 82' lang='lat' dir='ltr'>atque</span> <span class='ocrx_word' id='word_1_55' title='bbox 790 673 1026 723; x_wconf 79' lang='lat' dir='ltr'>expeditiora</span> <span class='ocrx_word' id='word_1_56' title='bbox 1048 673 1174 710; x_wconf 89' lang='lat' dir='ltr'>fuere:</span> <span class='ocrx_word' id='word_1_57' title='bbox 1207 685 1285 708; x_wconf 89' lang='lat' dir='ltr'>non</span> <span class='ocrx_word' id='word_1_58' title='bbox 1307 672 1409 708; x_wconf 86' lang='lat' dir='ltr'>enim</span> 
     </span>
     <span class='ocr_line' id='line_1_10' title="bbox 293 735 1407 788; baseline -0.003 -13"><span class='ocrx_word' id='word_1_59' title='bbox 293 741 516 788; x_wconf 77' lang='lat' dir='ltr'>receperunt</span> <span class='ocrx_word' id='word_1_60' title='bbox 551 738 666 774; x_wconf 87' lang='lat' dir='ltr'>modo</span> <span class='ocrx_word' id='word_1_61' title='bbox 703 738 864 774; x_wconf 85' lang='lat' dir='ltr'>Arverni</span> <span class='ocrx_word' id='word_1_62' title='bbox 902 750 1001 780; x_wconf 87' lang='lat' dir='ltr'>eum,</span> <span class='ocrx_word' id='word_1_63' title='bbox 1036 738 1287 786; x_wconf 81' lang='lat' dir='ltr'>deincepsque</span> <span class='ocrx_word' id='word_1_64' title='bbox 1323 735 1407 772; x_wconf 85' lang='lat' dir='ltr'>aliae</span> 
     </span>
     <span class='ocr_line' id='line_1_11' title="bbox 291 801 1405 851; baseline -0.004 -12"><span class='ocrx_word' id='word_1_65' title='bbox 291 803 449 839; x_wconf 70' lang='lat' dir='ltr'>Gallicae</span> <span class='ocrx_word' id='word_1_66' title='bbox 483 811 595 851; x_wconf 83' lang='lat' dir='ltr'>atque</span> <span class='ocrx_word' id='word_1_67' title='bbox 628 802 778 851; x_wconf 80' lang='lat' dir='ltr'>Alpinae</span> <span class='ocrx_word' id='word_1_68' title='bbox 816 808 973 849; x_wconf 82' lang='lat' dir='ltr'>gentes3</span> <span class='ocrx_word' id='word_1_69' title='bbox 1014 801 1078 836; x_wconf 89' lang='lat' dir='ltr'>sed</span> <span class='ocrx_word' id='word_1_70' title='bbox 1116 801 1230 836; x_wconf 88' lang='lat' dir='ltr'>etiam</span> <span class='ocrx_word' id='word_1_71' title='bbox 1267 806 1405 836; x_wconf 84' lang='lat' dir='ltr'>secutae</span> 
     </span>
     <span class='ocr_line' id='line_1_12' title="bbox 291 864 1403 916; baseline -0.002 -14"><span class='ocrx_word' id='word_1_72' title='bbox 291 873 379 903; x_wconf 77' lang='lat' dir='ltr'>sunt</span> <span class='ocrx_word' id='word_1_73' title='bbox 406 867 450 902; x_wconf 83' lang='lat' dir='ltr'>ad</span> <span class='ocrx_word' id='word_1_74' title='bbox 471 866 631 902; x_wconf 84' lang='lat' dir='ltr'>bellum:</span> <span class='ocrx_word' id='word_1_75' title='bbox 659 872 695 901; x_wconf 85' lang='lat' dir='ltr'>et</span> <span class='ocrx_word' id='word_1_76' title='bbox 717 879 830 914; x_wconf 80' lang='lat' dir='ltr'>quum</span> <span class='ocrx_word' id='word_1_77' title='bbox 851 878 918 915; x_wconf 89' lang='lat' dir='ltr'>per</span> <span class='ocrx_word' id='word_1_78' title='bbox 936 866 1083 902; x_wconf 88' lang='lat' dir='ltr'>munita</span> <span class='ocrx_word' id='word_1_79' title='bbox 1102 864 1279 916; x_wconf 82' lang='lat' dir='ltr'>pleraque</span> <span class='ocrx_word' id='word_1_80' title='bbox 1299 872 1403 900; x_wconf 87' lang='lat' dir='ltr'>tran-</span> 
     </span>
     <span class='ocr_line' id='line_1_13' title="bbox 289 928 1404 978; baseline -0.001 -12"><span class='ocrx_word' id='word_1_81' title='bbox 289 931 365 966; x_wconf 76' lang='lat' dir='ltr'>situ</span> <span class='ocrx_word' id='word_1_82' title='bbox 384 930 525 973; x_wconf 81' lang='lat' dir='ltr'>fratris,</span> <span class='ocrx_word' id='word_1_83' title='bbox 547 943 629 978; x_wconf 67' lang='lat' dir='ltr'>quae</span> <span class='ocrx_word' id='word_1_84' title='bbox 656 937 769 965; x_wconf 81' lang='lat' dir='ltr'>antea</span> <span class='ocrx_word' id='word_1_85' title='bbox 795 930 897 965; x_wconf 84' lang='lat' dir='ltr'>invia</span> <span class='ocrx_word' id='word_1_86' title='bbox 915 929 1081 972; x_wconf 86' lang='lat' dir='ltr'>fuerant,</span> <span class='ocrx_word' id='word_1_87' title='bbox 1103 928 1288 973; x_wconf 81' lang='lat' dir='ltr'>ducebat3</span> <span class='ocrx_word' id='word_1_88' title='bbox 1321 934 1404 965; x_wconf 88' lang='lat' dir='ltr'>tum</span> 
     </span>
     <span class='ocr_line' id='line_1_14' title="bbox 288 992 1401 1043; baseline -0.002 -13"><span class='ocrx_word' id='word_1_89' title='bbox 288 996 417 1037; x_wconf 74' lang='lat' dir='ltr'>etiam,</span> <span class='ocrx_word' id='word_1_90' title='bbox 449 994 646 1030; x_wconf 74' lang='lat' dir='ltr'>duodecim</span> <span class='ocrx_word' id='word_1_91' title='bbox 676 1006 860 1029; x_wconf 84' lang='lat' dir='ltr'>annorum</span> <span class='ocrx_word' id='word_1_92' title='bbox 886 993 1135 1029; x_wconf 83' lang='lat' dir='ltr'>adsuetudine</span> <span class='ocrx_word' id='word_1_93' title='bbox 1163 993 1301 1043; x_wconf 80' lang='lat' dir='ltr'>perviis</span> <span class='ocrx_word' id='word_1_94' title='bbox 1331 992 1401 1028; x_wconf 88' lang='lat' dir='ltr'>Al-</span> 
     </span>
     <span class='ocr_line' id='line_1_15' title="bbox 288 1057 1403 1108; baseline 0 -14"><span class='ocrx_word' id='word_1_95' title='bbox 288 1059 398 1108; x_wconf 78' lang='lat' dir='ltr'>pibus</span> <span class='ocrx_word' id='word_1_96' title='bbox 425 1059 550 1101; x_wconf 77' lang='lat' dir='ltr'>factis,</span> <span class='ocrx_word' id='word_1_97' title='bbox 579 1059 678 1094; x_wconf 84' lang='lat' dir='ltr'>inter</span> <span class='ocrx_word' id='word_1_98' title='bbox 711 1058 863 1094; x_wconf 82' lang='lat' dir='ltr'>mitiora</span> <span class='ocrx_word' id='word_1_99' title='bbox 885 1057 968 1107; x_wconf 82' lang='lat' dir='ltr'>jam</span> <span class='ocrx_word' id='word_1_100' title='bbox 996 1058 1195 1093; x_wconf 83' lang='lat' dir='ltr'>hominum</span> <span class='ocrx_word' id='word_1_101' title='bbox 1215 1057 1403 1094; x_wconf 79' lang='lat' dir='ltr'>transibat</span> 
     </span>
    </p>
   </div>
   <div class='ocr_carea' id='block_1_3' title="bbox 96 226 224 304">
    <p class='ocr_par' dir='ltr' id='par_1_3' title="bbox 96 226 224 304">
     <span class='ocr_line' id='line_1_16' title="bbox 98 226 224 259; baseline 0.008 -1"><span class='ocrx_word' id='word_1_102' title='bbox 98 226 190 259; x_wconf 86' lang='lat' dir='ltr'><strong>U.C.</strong></span> <span class='ocrx_word' id='word_1_103' title='bbox 209 236 224 259; x_wconf 74' lang='lat'>5</span> 
     </span>
     <span class='ocr_line' id='line_1_17' title="bbox 96 271 224 304; baseline -0.008 0"><span class='ocrx_word' id='word_1_104' title='bbox 96 273 137 304; x_wconf 80' lang='lat' dir='ltr'>A.</span> <span class='ocrx_word' id='word_1_105' title='bbox 155 271 191 302; x_wconf 90' lang='lat' dir='ltr'>C.</span> <span class='ocrx_word' id='word_1_106' title='bbox 208 279 224 303; x_wconf 77' lang='lat'><strong>2</strong></span> 
     </span>
    </p>
   </div>
   <div class='ocr_carea' id='block_1_4' title="bbox 83 1122 1422 2266">
    <p class='ocr_par' dir='ltr' id='par_1_4' title="bbox 83 1122 1422 2266">
     <span class='ocr_line' id='line_1_18' title="bbox 287 1122 1403 1171; baseline 0 -13"><span class='ocrx_word' id='word_1_107' title='bbox 287 1124 452 1171; x_wconf 76' lang='lat' dir='ltr'>ingenia.</span> <span class='ocrx_word' id='word_1_108' title='bbox 512 1123 703 1160; x_wconf 64' lang='lat' dir='ltr'>Invisitati</span> <span class='ocrx_word' id='word_1_109' title='bbox 733 1135 893 1171; x_wconf 78' lang='lat' dir='ltr'>uanique</span> <span class='ocrx_word' id='word_1_110' title='bbox 924 1132 1037 1159; x_wconf 82' lang='lat' dir='ltr'>antea</span> <span class='ocrx_word' id='word_1_111' title='bbox 1066 1122 1303 1170; x_wconf 82' lang='lat' dir='ltr'>alienigenis,</span> <span class='ocrx_word' id='word_1_112' title='bbox 1332 1135 1403 1159; x_wconf 87' lang='lat' dir='ltr'>nec</span> 
     </span>
     <span class='ocr_line' id='line_1_19' title="bbox 286 1186 1402 1237; baseline -0.001 -14"><span class='ocrx_word' id='word_1_113' title='bbox 286 1188 413 1223; x_wconf 71' lang='lat' dir='ltr'>&#39;ridere</span> <span class='ocrx_word' id='word_1_114' title='bbox 450 1188 523 1237; x_wconf 79' lang='lat' dir='ltr'>ipsi</span> <span class='ocrx_word' id='word_1_115' title='bbox 559 1187 740 1222; x_wconf 77' lang='lat' dir='ltr'>advenam</span> <span class='ocrx_word' id='word_1_116' title='bbox 778 1187 815 1222; x_wconf 88' lang='lat' dir='ltr'>in</span> <span class='ocrx_word' id='word_1_117' title='bbox 855 1199 922 1223; x_wconf 89' lang='lat' dir='ltr'>sua</span> <span class='ocrx_word' id='word_1_118' title='bbox 958 1193 1060 1223; x_wconf 83' lang='lat' dir='ltr'>terra</span> <span class='ocrx_word' id='word_1_119' title='bbox 1098 1188 1258 1230; x_wconf 86' lang='lat' dir='ltr'>adsueti,</span> <span class='ocrx_word' id='word_1_120' title='bbox 1297 1186 1402 1223; x_wconf 90' lang='lat' dir='ltr'>omni</span> 
     </span>
     <span class='ocr_line' id='line_1_20' title="bbox 285 1250 1400 1300; baseline 0 -14"><span class='ocrx_word' id='word_1_121' title='bbox 285 1252 414 1299; x_wconf 82' lang='lat' dir='ltr'>generi</span> <span class='ocrx_word' id='word_1_122' title='bbox 446 1252 613 1286; x_wconf 81' lang='lat' dir='ltr'>humano</span> <span class='ocrx_word' id='word_1_123' title='bbox 645 1250 884 1286; x_wconf 78' lang='lat' dir='ltr'>insociabiles</span> <span class='ocrx_word' id='word_1_124' title='bbox 923 1257 1042 1287; x_wconf 86' lang='lat' dir='ltr'>erant.</span> <span class='ocrx_word' id='word_1_125' title='bbox 1099 1251 1153 1287; x_wconf 86' lang='lat' dir='ltr'>Et</span> <span class='ocrx_word' id='word_1_126' title='bbox 1185 1251 1308 1300; x_wconf 91' lang='lat' dir='ltr'>primo</span> <span class='ocrx_word' id='word_1_127' title='bbox 1340 1251 1400 1299; x_wconf 84' lang='lat' dir='ltr'>ig-</span> 
     </span>
     <span class='ocr_line' id='line_1_21' title="bbox 284 1314 1401 1365; baseline 0.002 -16"><span class='ocrx_word' id='word_1_128' title='bbox 284 1314 382 1357; x_wconf 78' lang='lat' dir='ltr'>nari,</span> <span class='ocrx_word' id='word_1_129' title='bbox 413 1327 487 1363; x_wconf 88' lang='lat' dir='ltr'>quo</span> <span class='ocrx_word' id='word_1_130' title='bbox 515 1315 655 1350; x_wconf 69' lang='lat' dir='ltr'>Poenus</span> <span class='ocrx_word' id='word_1_131' title='bbox 684 1322 870 1363; x_wconf 75' lang='lat' dir='ltr'>pergeret,</span> <span class='ocrx_word' id='word_1_132' title='bbox 899 1328 983 1351; x_wconf 87' lang='lat' dir='ltr'>suas</span> <span class='ocrx_word' id='word_1_133' title='bbox 1013 1328 1123 1365; x_wconf 88' lang='lat' dir='ltr'>rupes</span> <span class='ocrx_word' id='word_1_134' title='bbox 1150 1328 1291 1364; x_wconf 86' lang='lat' dir='ltr'>suaque</span> <span class='ocrx_word' id='word_1_135' title='bbox 1318 1327 1401 1351; x_wconf 88' lang='lat' dir='ltr'>cas-</span> 
     </span>
     <span class='ocr_line' id='line_1_22' title="bbox 284 1379 1422 1429; baseline 0.004 -18"><span class='ocrx_word' id='word_1_136' title='bbox 284 1379 389 1421; x_wconf 63' lang='lat' dir='ltr'>tella,</span> <span class='ocrx_word' id='word_1_137' title='bbox 411 1385 448 1415; x_wconf 87' lang='lat' dir='ltr'>et</span> <span class='ocrx_word' id='word_1_138' title='bbox 468 1391 645 1428; x_wconf 78' lang='lat' dir='ltr'>pecorum</span> <span class='ocrx_word' id='word_1_139' title='bbox 660 1379 933 1427; x_wconf 81' lang='lat' dir='ltr'>hominumque</span> <span class='ocrx_word' id='word_1_140' title='bbox 953 1379 1117 1429; x_wconf 64' lang='lat' dir='ltr'>praedam</span> <span class='ocrx_word' id='word_1_141' title='bbox 1137 1379 1215 1429; x_wconf 84' lang='lat' dir='ltr'>peti</span> <span class='ocrx_word' id='word_1_142' title='bbox 1232 1379 1400 1415; x_wconf 87' lang='lat' dir='ltr'>credide-</span> <span class='ocrx_word' id='word_1_143' title='bbox 1415 1383 1422 1387; x_wconf 80' lang='grc'><strong><em>’</em></strong></span> 
     </span>
     <span class='ocr_line' id='line_1_23' title="bbox 285 1442 1398 1491; baseline 0.001 -13"><span class='ocrx_word' id='word_1_144' title='bbox 285 1450 390 1478; x_wconf 79' lang='lat' dir='ltr'>rant:</span> <span class='ocrx_word' id='word_1_145' title='bbox 413 1442 514 1478; x_wconf 78' lang='lat' dir='ltr'>fania</span> <span class='ocrx_word' id='word_1_146' title='bbox 534 1442 667 1478; x_wconf 85' lang='lat' dir='ltr'>deinde</span> <span class='ocrx_word' id='word_1_147' title='bbox 688 1442 822 1477; x_wconf 78' lang='lat' dir='ltr'>Punici</span> <span class='ocrx_word' id='word_1_148' title='bbox 839 1443 942 1485; x_wconf 69' lang='lat' dir='ltr'>beili,</span> <span class='ocrx_word' id='word_1_149' title='bbox 960 1456 1035 1491; x_wconf 89' lang='lat' dir='ltr'>quo</span> <span class='ocrx_word' id='word_1_150' title='bbox 1048 1443 1313 1479; x_wconf 83' lang='lat' dir='ltr'>duodecimum</span> <span class='ocrx_word' id='word_1_151' title='bbox 1330 1456 1398 1479; x_wconf 94' lang='lat' dir='ltr'>an-</span> 
     </span>
     <span class='ocr_line' id='line_1_24' title="bbox 285 1505 1400 1550; baseline 0.003 -9"><span class='ocrx_word' id='word_1_152' title='bbox 285 1506 514 1542; x_wconf 78' lang='lat' dir='ltr'>nninltalia</span> <span class='ocrx_word' id='word_1_153' title='bbox 545 1505 735 1548; x_wconf 79' lang='lat' dir='ltr'>urebatur,</span> <span class='ocrx_word' id='word_1_154' title='bbox 758 1507 848 1541; x_wconf 78' lang='lat' dir='ltr'>satis</span> <span class='ocrx_word' id='word_1_155' title='bbox 880 1506 1098 1550; x_wconf 86' lang='lat' dir='ltr'>edocuerat,</span> <span class='ocrx_word' id='word_1_156' title='bbox 1121 1507 1220 1543; x_wconf 88' lang='lat' dir='ltr'>viam</span> <span class='ocrx_word' id='word_1_157' title='bbox 1247 1514 1400 1544; x_wconf 85' lang='lat' dir='ltr'>tantum</span> 
     </span>
     <span class='ocr_line' id='line_1_25' title="bbox 283 1569 1398 1620; baseline 0.002 -15"><span class='ocrx_word' id='word_1_158' title='bbox 283 1570 400 1620; x_wconf 79' lang='lat' dir='ltr'>Alpes</span> <span class='ocrx_word' id='word_1_159' title='bbox 421 1582 523 1605; x_wconf 80' lang='lat' dir='ltr'>esse:</span> <span class='ocrx_word' id='word_1_160' title='bbox 557 1569 646 1605; x_wconf 81' lang='lat' dir='ltr'>duas</span> <span class='ocrx_word' id='word_1_161' title='bbox 666 1569 886 1619; x_wconf 68' lang='lat' dir='ltr'>praevalidas</span> <span class='ocrx_word' id='word_1_162' title='bbox 916 1569 1043 1614; x_wconf 86' lang='lat' dir='ltr'>urbes,</span> <span class='ocrx_word' id='word_1_163' title='bbox 1065 1583 1207 1619; x_wconf 81' lang='lat' dir='ltr'>magno</span> <span class='ocrx_word' id='word_1_164' title='bbox 1232 1571 1331 1607; x_wconf 85' lang='lat' dir='ltr'>inter</span> <span class='ocrx_word' id='word_1_165' title='bbox 1358 1583 1398 1607; x_wconf 90' lang='lat' dir='ltr'>se</span> 
     </span>
     <span class='ocr_line' id='line_1_26' title="bbox 283 1634 1401 1685; baseline 0.002 -16"><span class='ocrx_word' id='word_1_166' title='bbox 283 1635 395 1670; x_wconf 78' lang='lat' dir='ltr'>maris</span> <span class='ocrx_word' id='word_1_167' title='bbox 424 1640 683 1681; x_wconf 85' lang='lat' dir='ltr'>terrarumque</span> <span class='ocrx_word' id='word_1_168' title='bbox 712 1635 836 1683; x_wconf 84' lang='lat' dir='ltr'>spatio</span> <span class='ocrx_word' id='word_1_169' title='bbox 868 1634 1061 1678; x_wconf 88' lang='lat' dir='ltr'>discretas,</span> <span class='ocrx_word' id='word_1_170' title='bbox 1092 1635 1137 1671; x_wconf 91' lang='lat' dir='ltr'>de</span> <span class='ocrx_word' id='word_1_171' title='bbox 1168 1635 1328 1685; x_wconf 87' lang='lat' dir='ltr'>imperio</span> <span class='ocrx_word' id='word_1_172' title='bbox 1362 1641 1401 1671; x_wconf 90' lang='lat' dir='ltr'>et</span> 
     </span>
     <span class='ocr_line' id='line_1_27' title="bbox 281 1698 1401 1749; baseline 0.003 -16"><span class='ocrx_word' id='word_1_173' title='bbox 281 1698 420 1748; x_wconf 85' lang='lat' dir='ltr'>opibus</span> <span class='ocrx_word' id='word_1_174' title='bbox 448 1705 617 1734; x_wconf 77' lang='lat' dir='ltr'>certare:</span> <span class='ocrx_word' id='word_1_175' title='bbox 649 1698 707 1734; x_wconf 83' lang='lat' dir='ltr'>llae</span> <span class='ocrx_word' id='word_1_176' title='bbox 734 1710 874 1734; x_wconf 65' lang='lat' dir='ltr'>caussae</span> <span class='ocrx_word' id='word_1_177' title='bbox 906 1705 1133 1748; x_wconf 83' lang='lat' dir='ltr'>aperuerant</span> <span class='ocrx_word' id='word_1_178' title='bbox 1153 1699 1268 1749; x_wconf 84' lang='lat' dir='ltr'>Alpes</span> <span class='ocrx_word' id='word_1_179' title='bbox 1298 1699 1401 1736; x_wconf 84' lang='lat' dir='ltr'>Has-</span> 
     </span>
     <span class='ocr_line' id='line_1_28' title="bbox 88 1762 1400 1813; baseline 0.002 -15"><span class='ocrx_word' id='word_1_180' title='bbox 88 1772 219 1803; x_wconf 74' lang='lat' dir='ltr'>Placen-</span> <span class='ocrx_word' id='word_1_181' title='bbox 285 1762 442 1798; x_wconf 78' lang='lat' dir='ltr'>drubali.</span> <span class='ocrx_word' id='word_1_182' title='bbox 501 1762 677 1797; x_wconf 87' lang='lat' dir='ltr'>Ceterum</span> <span class='ocrx_word' id='word_1_183' title='bbox 709 1762 810 1810; x_wconf 85' lang='lat' dir='ltr'>quod</span> <span class='ocrx_word' id='word_1_184' title='bbox 845 1762 1038 1798; x_wconf 84' lang='lat' dir='ltr'>celeritate</span> <span class='ocrx_word' id='word_1_185' title='bbox 1071 1764 1218 1799; x_wconf 85' lang='lat' dir='ltr'>itineris</span> <span class='ocrx_word' id='word_1_186' title='bbox 1251 1764 1400 1813; x_wconf 86' lang='lat' dir='ltr'>profec-</span> 
     </span>
     <span class='ocr_line' id='line_1_29' title="bbox 83 1817 1399 1890; baseline 0.001 -27"><span class='ocrx_word' id='word_1_187' title='bbox 83 1817 239 1890; x_wconf 45' lang='lat' dir='ltr'>sigbw-</span> <span class='ocrx_word' id='word_1_188' title='bbox 286 1833 366 1863; x_wconf 82' lang='lat' dir='ltr'>tum</span> <span class='ocrx_word' id='word_1_189' title='bbox 397 1833 490 1870; x_wconf 82' lang='lat' dir='ltr'>erat,</span> <span class='ocrx_word' id='word_1_190' title='bbox 512 1827 551 1862; x_wconf 81' lang='lat' dir='ltr'>id</span> <span class='ocrx_word' id='word_1_191' title='bbox 579 1839 686 1862; x_wconf 87' lang='lat' dir='ltr'>mora</span> <span class='ocrx_word' id='word_1_192' title='bbox 716 1826 761 1862; x_wconf 86' lang='lat' dir='ltr'>ad</span> <span class='ocrx_word' id='word_1_193' title='bbox 783 1826 1031 1870; x_wconf 80' lang='lat' dir='ltr'>Placentiam,</span> <span class='ocrx_word' id='word_1_194' title='bbox 1052 1827 1141 1864; x_wconf 84' lang='lat' dir='ltr'>dum</span> <span class='ocrx_word' id='word_1_195' title='bbox 1160 1827 1301 1864; x_wconf 82' lang='lat' dir='ltr'>frustra</span> <span class='ocrx_word' id='word_1_196' title='bbox 1329 1828 1399 1865; x_wconf 90' lang='lat' dir='ltr'>ob-</span> 
     </span>
     <span class='ocr_line' id='line_1_30' title="bbox 284 1891 1401 1942; baseline 0.002 -15"><span class='ocrx_word' id='word_1_197' title='bbox 284 1892 383 1927; x_wconf 79' lang='lat' dir='ltr'>sidet</span> <span class='ocrx_word' id='word_1_198' title='bbox 400 1892 536 1939; x_wconf 77' lang='lat' dir='ltr'>magiS,</span> <span class='ocrx_word' id='word_1_199' title='bbox 558 1904 670 1940; x_wconf 85' lang='lat' dir='ltr'>quain</span> <span class='ocrx_word' id='word_1_200' title='bbox 698 1891 910 1941; x_wconf 83' lang='lat' dir='ltr'>obpugnat,</span> <span class='ocrx_word' id='word_1_201' title='bbox 932 1892 1119 1942; x_wconf 86' lang='lat' dir='ltr'>conrupit.</span> <span class='ocrx_word' id='word_1_202' title='bbox 1181 1893 1401 1929; x_wconf 88' lang='lat' dir='ltr'>Crediderat</span> 
     </span>
     <span class='ocr_line' id='line_1_31' title="bbox 282 1955 1402 2005; baseline 0.002 -14"><span class='ocrx_word' id='word_1_203' title='bbox 282 1956 502 2005; x_wconf 77' lang='lat' dir='ltr'>campestris</span> <span class='ocrx_word' id='word_1_204' title='bbox 534 1956 663 2005; x_wconf 87' lang='lat' dir='ltr'>oppidi</span> <span class='ocrx_word' id='word_1_205' title='bbox 693 1955 840 1991; x_wconf 84' lang='lat' dir='ltr'>facilem</span> <span class='ocrx_word' id='word_1_206' title='bbox 871 1956 1192 2005; x_wconf 77' lang='lat' dir='ltr'>expugnationem</span> <span class='ocrx_word' id='word_1_207' title='bbox 1227 1969 1330 1993; x_wconf 87' lang='lat' dir='ltr'>esse:</span> <span class='ocrx_word' id='word_1_208' title='bbox 1363 1963 1402 1994; x_wconf 84' lang='lat' dir='ltr'>et</span> 
     </span>
     <span class='ocr_line' id='line_1_32' title="bbox 281 2020 1398 2070; baseline 0.004 -15"><span class='ocrx_word' id='word_1_209' title='bbox 281 2020 461 2056; x_wconf 73' lang='lat' dir='ltr'>nobiiitas</span> <span class='ocrx_word' id='word_1_210' title='bbox 493 2020 652 2056; x_wconf 66' lang='lat' dir='ltr'>coioniae</span> <span class='ocrx_word' id='word_1_211' title='bbox 682 2021 886 2056; x_wconf 81' lang='lat' dir='ltr'>induxerat</span> <span class='ocrx_word' id='word_1_212' title='bbox 915 2033 1015 2064; x_wconf 87' lang='lat' dir='ltr'>eum,</span> <span class='ocrx_word' id='word_1_213' title='bbox 1047 2033 1226 2070; x_wconf 85' lang='lat' dir='ltr'>magnum</span> <span class='ocrx_word' id='word_1_214' title='bbox 1256 2034 1295 2058; x_wconf 86' lang='lat' dir='ltr'>se</span> <span class='ocrx_word' id='word_1_215' title='bbox 1332 2035 1398 2059; x_wconf 84' lang='lat' dir='ltr'>ex-</span> 
     </span>
     <span class='ocr_line' id='line_1_33' title="bbox 282 2083 1400 2136; baseline 0.004 -17"><span class='ocrx_word' id='word_1_216' title='bbox 282 2084 381 2119; x_wconf 89' lang='lat' dir='ltr'>cidio</span> <span class='ocrx_word' id='word_1_217' title='bbox 403 2083 482 2134; x_wconf 85' lang='lat' dir='ltr'>ejus</span> <span class='ocrx_word' id='word_1_218' title='bbox 512 2083 613 2120; x_wconf 81' lang='lat' dir='ltr'>urbis</span> <span class='ocrx_word' id='word_1_219' title='bbox 639 2090 822 2120; x_wconf 86' lang='lat' dir='ltr'>terrorem</span> <span class='ocrx_word' id='word_1_220' title='bbox 843 2086 976 2121; x_wconf 86' lang='lat' dir='ltr'>ceteris</span> <span class='ocrx_word' id='word_1_221' title='bbox 1005 2091 1130 2121; x_wconf 82' lang='lat' dir='ltr'>ratuni</span> <span class='ocrx_word' id='word_1_222' title='bbox 1159 2084 1400 2136; x_wconf 84' lang='lat' dir='ltr'>injecturum.</span> 
     </span>
     <span class='ocr_line' id='line_1_34' title="bbox 280 2146 1416 2200; baseline 0.002 -16"><span class='ocrx_word' id='word_1_223' title='bbox 280 2146 374 2184; x_wconf 86' lang='lat' dir='ltr'>Non</span> <span class='ocrx_word' id='word_1_224' title='bbox 390 2148 513 2197; x_wconf 83' lang='lat' dir='ltr'>ipsum</span> <span class='ocrx_word' id='word_1_225' title='bbox 529 2147 651 2184; x_wconf 87' lang='lat' dir='ltr'>solum</span> <span class='ocrx_word' id='word_1_226' title='bbox 669 2160 713 2184; x_wconf 89' lang='lat' dir='ltr'>ea</span> <span class='ocrx_word' id='word_1_227' title='bbox 728 2147 968 2199; x_wconf 82' lang='lat' dir='ltr'>obpugnatio</span> <span class='ocrx_word' id='word_1_228' title='bbox 988 2150 1148 2200; x_wconf 81' lang='lat' dir='ltr'>inpedi&#39;t</span> <span class='ocrx_word' id='word_1_229' title='bbox 1163 2165 1170 2186; x_wconf 91' lang='lat'>:</span> <span class='ocrx_word' id='word_1_230' title='bbox 1203 2151 1268 2187; x_wconf 89' lang='lat' dir='ltr'>sed</span> <span class='ocrx_word' id='word_1_231' title='bbox 1286 2150 1398 2188; x_wconf 87' lang='lat' dir='ltr'>Han·</span> <span class='ocrx_word' id='word_1_232' title='bbox 1414 2168 1416 2171; x_wconf 96' lang='lat'>·</span> 
     </span>
     <span class='ocr_line' id='line_1_35' title="bbox 281 2211 1397 2266; baseline 0.006 -20"><span class='ocrx_word' id='word_1_233' title='bbox 281 2211 447 2247; x_wconf 83' lang='lat' dir='ltr'>nibalem</span> <span class='ocrx_word' id='word_1_234' title='bbox 477 2219 567 2263; x_wconf 86' lang='lat' dir='ltr'>post</span> <span class='ocrx_word' id='word_1_235' title='bbox 585 2212 727 2249; x_wconf 84' lang='lat' dir='ltr'>famam</span> <span class='ocrx_word' id='word_1_236' title='bbox 755 2214 938 2250; x_wconf 82' lang='lat' dir='ltr'>transitus</span> <span class='ocrx_word' id='word_1_237' title='bbox 968 2213 1064 2264; x_wconf 85' lang='lat' dir='ltr'>ejus,</span> <span class='ocrx_word' id='word_1_238' title='bbox 1094 2221 1203 2251; x_wconf 88' lang='lat' dir='ltr'>tanto</span> <span class='ocrx_word' id='word_1_239' title='bbox 1233 2228 1299 2266; x_wconf 87' lang='lat' dir='ltr'>spe</span> <span class='ocrx_word' id='word_1_240' title='bbox 1329 2229 1397 2253; x_wconf 79' lang='lat' dir='ltr'>sua</span> 
     </span>
    </p>
   </div>
   <div class='ocr_carea' id='block_1_5' title="bbox 252 2275 1395 2328">
    <p class='ocr_par' dir='ltr' id='par_1_5' title="bbox 252 2275 1395 2328">
     <span class='ocr_line' id='line_1_36' title="bbox 252 2275 1395 2328; baseline 0.006 -17"><span class='ocrx_word' id='word_1_241' title='bbox 252 2298 254 2301; x_wconf 90' lang='lat'><em>-</em></span> <span class='ocrx_word' id='word_1_242' title='bbox 278 2275 518 2321; x_wconf 59' lang='lat' dir='ltr'>celeriorem,</span> <span class='ocrx_word' id='word_1_243' title='bbox 532 2275 614 2328; x_wconf 77' lang='lat' dir='ltr'>jam</span> <span class='ocrx_word' id='word_1_244' title='bbox 634 2284 852 2316; x_wconf 81' lang='lat' dir='ltr'>moventem</span> <span class='ocrx_word' id='word_1_245' title='bbox 869 2291 915 2316; x_wconf 79' lang='lat' dir='ltr'>ex</span> <span class='ocrx_word' id='word_1_246' title='bbox 933 2279 1115 2325; x_wconf 88' lang='lat' dir='ltr'>hibernis,</span> <span class='ocrx_word' id='word_1_247' title='bbox 1130 2280 1395 2319; x_wconf 84' lang='lat' dir='ltr'>continuerat:</span> 
     </span>
    </p>
   </div>
  </div>
 </body>
</html>
