1507 2656
206 464 561 514 EPITOME
607 464 832 513 LIBRI
876 465 1122 514 XXXIV.

471 631 834 655 ...φ-

110 764 229 846 LE
237 765 279 801 X
303 766 434 814 Oppia,
455 776 564 814 quam
592 763 630 800 C.
649 764 785 812 Oppius
805 763 966 799 tribunus
990 763 1105 812 plebis
1133 764 1225 802 bello

221 831 358 866 Punico
388 831 431 866 de
447 830 618 879 finiendis
636 833 884 865 matronarum
904 829 1056 865 cultibus
1077 831 1224 874 tulerat,

109 908 190 933 cum
214 907 348 942 magna
376 896 598 930 contentione
626 893 799 941 abrogata
829 898 879 929 est
895 910 907 936 ,·
936 906 1046 941 quum
1074 895 1228 932 Porcius

111 960 202 996 Cato
238 964 365 995 auctor
389 958 537 1008 fuisset,
576 970 620 994 ne
651 970 693 994 ea
731 959 787 994 lex
819 958 1032 995 aboleretur.
1102 960 1151 1003 Is,
1191 962 1228 997 in

109 1026 326 1074 Hispaniam
351 1024 546 1073 profectus,
575 1025 677 1067 bello,
706 1026 798 1072 quod
826 1025 1007 1073 Emporiis
1035 1039 1132 1062 ors-us
1161 1032 1226 1070 est,

109 1092 309 1128 citeriorem
339 1090 557 1138 Hispaniam
582 1091 741 1138 paca-vit.
806 1091 845 1125 T.
872 1090 1059 1131 Quinctius
1086 1092 1226 1128 Flami-

109 1157 212 1192 ninus
239 1156 370 1192 bellum
398 1156 565 1191 adversus
585 1155 875 1191 Lacedaemonios
894 1160 929 1191 et
949 1160 1142 1204 tyrannum
1167 1169 1227 1193 eo-

109 1232 190 1256 rum
210 1219 388 1256 Nabidem
410 1231 578 1267 prospere
603 1224 754 1266 gestum,
775 1220 864 1255 data
892 1221 935 1255 iis
958 1232 1063 1268 pace,
1085 1222 1230 1268 qualem

108 1287 181 1333 ipse
205 1285 330 1327 voluit,
354 1284 579 1332 liberatisque
596 1285 719 1331 Argis,
740 1286 802 1332 qui
828 1284 891 1320 sub
920 1285 1054 1321 ditione
1084 1288 1229 1333 tyranni

110 1355 228 1393 crant,
235 1351 374 1399 finivit.
431 1349 585 1385 Senatus
605 1353 689 1385 tunc
703 1351 863 1397 primum
881 1355 1032 1386 secretus
1051 1363 1073 1386 a
1090 1352 1228 1399 populo

111 1416 212 1450 ludos
239 1414 442 1462 spectavit:
469 1417 510 1448 ut
539 1414 576 1449 id
591 1413 715 1461 fieret,
738 1413 819 1449 Sex.
838 1414 964 1450 AElius
990 1414 1112 1450 Pictus
1130 1420 1165 1450 et
1187 1414 1228 1452 C.

112 1479 296 1514 Cornelius
335 1476 509 1524 Cethegus
543 1488 698 1513 censores
738 1478 1014 1520 intervenerunt,
1053 1491 1134 1514 cum
1170 1480 1227 1515 in-

109 1543 316 1590 dignatione
348 1541 473 1589 plebis.
533 1541 689 1576 Coloniae
722 1542 904 1589 pleraeque
940 1543 1102 1578 deductae
1131 1548 1227 1580 sunt.

110 1607 163 1643 M.
186 1607 337 1643 Porcius
358 1605 448 1642 Cato
468 1606 512 1641 de
529 1606 710 1654 Hispania
731 1606 979 1654 triumphavit.
1038 1607 1108 1643 Res
1129 1620 1227 1655 prce-

108 1677 203 1707 terea
223 1672 260 1707 in
280 1671 476 1719 Hispania,
497 1675 532 1706 et
550 1671 720 1706 adversus
739 1670 847 1705 Boios
865 1675 899 1706 et
919 1670 1080 1707 Insubres
1100 1672 1228 1708 Gallos

97 1737 264 1785 feliciter
289 1740 396 1783 gestae
423 1734 639 1784 referuntur.
702 1736 741 1770 T.
768 1735 958 1776 Quinctius
986 1735 1225 1780 Flamininus,

108 1803 169 1849 qui
200 1801 410 1849 Philippum
440 1800 683 1836 Macedonum
710 1812 828 1847 regem
854 1805 890 1836 et
911 1801 1089 1837 Nabidem
1108 1801 1224 1838 Lace-

109 1866 363 1901 daemoniorum
396 1869 590 1911 tyrannum
622 1866 771 1907 vicerat,
807 1866 1053 1915 Graeciamque
1083 1879 1224 1904 omnem

108 1929 333 1972 liberaverat,
354 1928 394 1964 ob
414 1929 506 1965 hanc
523 1941 643 1965 rerum
661 1933 844 1976 gestarum
864 1930 1133 1975 multitudinmn
1154 1933 1221 1967 tri-

106 1996 176 2031 duo
207 1994 453 2042 triumphavit.
510 1993 644 2041 Legati
676 1994 1036 2042 Karthaginiensium
1067 1998 1220 2031 ‘nuncia-

105 2064 243 2100 verunt,
276 2057 530 2101 Hannibalem,
563 2060 622 2106 qui
657 2059 706 2094 ad
737 2059 956 2095 Antiochum
993 2058 1218 2108 confugerat,

106 2123 235 2159 bellum
265 2134 345 2157 cum
376 2133 415 2158 eo
446 2123 579 2158 moliri.
641 2123 857 2159 Tentaverat
885 2129 1007 2160 autem
1034 2124 1220 2160 Hannibal

103 2199 168 2237 per
186 2187 390 2222 Aristonem
415 2186 574 2233 Tyrium,
595 2187 670 2222 sine
699 2187 811 2222 literis
840 2187 1100 2236 Karthaginem
1131 2189 1216 2222 vnis-

106 2263 194 2293 sum,
216 2251 263 2286 ad
281 2249 523 2286 rebellandum
547 2250 672 2286 Poenos
691 2252 879 2287 concitare·

28 2322 38 2534 ἱ
154 2419 252 2458 VoL.
284 2419 358 2458 111.
632 2421 669 2458 U
