1507 2656
354 195 510 224 LIBER
534 192 700 222 xxvn.
733 191 839 221 CAP.
863 191 1019 222 XVIII.
1187 192 1240 236 33

125 282 293 319 armatis.
365 282 557 326 Ceterum,
587 294 816 332 quamquam
849 281 1048 317 adscensus
1079 280 1237 317 difficilis
1253 282 1294 311 U.
1309 279 1345 310 C·
1364 286 1436 310 ⁵4¹³·

122 354 220 390 erat,
241 354 277 383 et
304 359 421 398 prope
449 346 708 384 obruebantur
737 345 822 382 telis
853 347 1041 395 saxisque,
1064 346 1238 382 adsuetu-
1251 323 1341 356 A.C.
1357 331 1430 358 ‘²⁰⁹‘

122 410 212 447 dine
230 419 359 448 tamen
382 412 603 448 succedendi
632 425 774 455 muros,
805 418 842 447 et
871 411 1080 462 pertinacia
1107 411 1238 453 animi,

120 475 322 513 subierunt
349 477 472 527 primi.
529 477 621 520 Qui,
658 476 771 513 simul
804 488 936 527 cepere
969 475 1110 525 aliquid
1143 475 1241 525 aequi

123 538 213 583 loci,
233 541 298 577 ubi
318 541 426 578 firmo
456 542 708 578 consisterent
731 541 861 590 gradu,
882 541 1002 577 levem
1023 547 1061 577 et
1080 553 1241 577 concur-

123 610 287 641 satorem
307 606 471 651 hostem,
493 613 606 656 atque
634 606 835 643 intervallo
853 612 994 649 tutum,
1016 619 1130 655 quum
1151 619 1240 656 pro-

120 668 185 704 cul
216 670 420 707 missilibus
454 684 583 722 pugna
612 670 788 714 eluditur,
821 670 1038 707 instabilem
1069 671 1242 707 eumdem

119 732 169 768 ad
189 734 359 770 cominus
380 735 629 771 conserendas
658 746 806 778 manus,
828 734 1053 784 expulerunt
1082 734 1182 776 loco,
1204 740 1243 770 et

123 810 210 834 cum
229 799 329 836 caede
348 811 488 849 magna
513 800 551 836 in
578 800 698 836 aciem
727 798 854 835 altiori
884 806 1160 848 superstantem
1180 807 1242 834 tu-

122 861 228 897 mulo
260 863 449 913 inpegere.
506 863 599 900 Inde
634 863 775 913 Scipio,
802 862 920 913 jussis
955 864 1128 899 adversus
1162 876 1242 898 me-

123 925 223 962 diam
243 927 399 963 evadere
427 929 546 964 aciem
576 928 801 972 victoribus,
831 936 972 965 ceteras
999 929 1126 978 copias
1155 942 1243 965 cum

123 987 246 1026 Laelio
276 990 436 1038 dividit3
469 999 583 1041 atque
613 1005 699 1028 eum
728 1000 834 1043 parte
855 993 987 1029 dextra
1015 992 1150 1028 tumuli
1170 994 1242 1028 cir-

122 1055 280 1098 cumire,
314 1057 434 1093 donec
463 1057 648 1093 mollioris
680 1058 881 1094 adscensus
912 1058 1012 1093 viam
1042 1058 1241 1101 inveniret,

117 1118 231 1169 jubet
249 1134 256 1155 :
289 1121 369 1169 ipse
388 1121 435 1157 ab
452 1120 559 1165 laeva,
578 1122 739 1158 circuitu
757 1122 858 1158 haud
883 1134 1036 1170 magno,
1058 1122 1096 1157 in
1116 1129 1241 1157 trans-

124 1195 250 1219 versos
284 1185 412 1222 hostes
449 1187 621 1223 incurrit.
678 1186 772 1222 Inde
801 1187 924 1237 primo
958 1186 1112 1222 turbata
1141 1187 1240 1221 acies

122 1254 193 1291 est,
211 1248 300 1285 dum
318 1250 363 1286 ad
383 1250 726 1287 circumsonantem
745 1252 909 1300 undique
930 1250 1133 1286 clamorem
1153 1250 1241 1286 flec-

122 1317 203 1347 tere
222 1325 365 1349 cornua
393 1321 431 1349 et
459 1314 657 1351 obvertere
686 1316 835 1351 ordines
865 1315 1009 1351 volunt.
1067 1314 1158 1350 Hoc
1181 1322 1242 1351 tu-

123 1374 246 1411 multu
264 1382 303 1412 et
322 1376 461 1413 Laelius
482 1378 599 1414 subiit
615 1395 624 1424 ;
658 1385 710 1422 et,
731 1379 819 1415 dum
837 1379 971 1428 pedem
992 1378 1173 1421 referunt,
1195 1392 1243 1415 ue

125 1439 172 1476 ab
190 1446 299 1489 tergo
318 1441 619 1485 vulnerarentur,
639 1442 768 1479 laxata
787 1444 908 1493 prima
927 1444 1039 1485 acies,
1062 1443 1243 1491 locusque

124 1503 170 1540 ad
198 1505 428 1542 evadendum
448 1514 485 1542 et
506 1507 637 1542 mediis
659 1508 767 1544 datus
788 1514 872 1553 est,
906 1509 969 1556 qui
989 1521 1054 1557 per
1072 1515 1151 1543 tam
1168 1509 1241 1543 ini-

123 1580 239 1616 quum
267 1567 408 1613 locum,
430 1570 618 1606 stantibus
643 1572 801 1620 integris
822 1571 1033 1614 ordinibus,
1061 1571 1240 1621 elephan-

124 1632 247 1680 tisque
293 1640 382 1668 ante
428 1634 536 1682 signa
581 1633 733 1678 locatis,
773 1648 980 1683 numquam
1022 1636 1242 1672 evasissent.

124 1696 252 1734 Quum
273 1696 320 1731 ab
340 1698 445 1732 omni
464 1704 572 1747 parte
599 1699 716 1734 caedes
738 1699 858 1741 fieret,
882 1700 1023 1748 Scipio,
1052 1701 1114 1747 qui
1146 1699 1241 1735 laevo

123 1771 243 1796 cornu
262 1761 300 1795 in
320 1761 493 1798 dextrum
514 1763 784 1806 incucurrerat,
810 1764 971 1799 maxime
992 1764 1029 1798 iu
1050 1765 1151 1799 nuda
1171 1764 1240 1799 ho-

124 1824 239 1860 stium
269 1823 388 1860 latera
420 1826 627 1875 pugnabat.
684 1827 736 1862 Et
763 1826 847 1877 jam
878 1840 925 1863 ne
959 1827 1057 1875 fugae
1092 1829 1240 1877 quidem
1255 1841 1372 1872 Vicht.

121 1885 276 1936 patebat
293 1887 398 1923 locus
417 1902 424 1923 :
456 1901 546 1924 nam
566 1896 603 1924 et
623 1890 807 1926 stationes
837 1891 1025 1938 utrimque
1055 1889 1240 1926 Romanae

123 1950 256 1987 dextra
280 1950 448 2000 laevaque
477 1952 693 1988 insederant
723 1954 826 1989 vias:
861 1960 897 1988 et
927 1960 1076 2002 portani
1097 1960 1240 1988 castro—

122 2026 205 2050 rum
225 2015 329 2052 ducis
358 2016 646 2066 principumque
666 2017 757 2066 fuga
777 2017 985 2062 clauserat3
1021 2018 1146 2053 addita
1166 2026 1241 2052 tre-

122 2078 317 2128 pidatione
346 2068 648 2129 elephaiitorum,
680 2094 773 2129 quos
809 2082 960 2116 territos
995 2094 1097 2128 aeque
1129 2090 1241 2129 utque

123 2143 251 2179 hostes
268 2143 466 2181 timebant.
525 2145 634 2180 Caesa
653 2145 769 2194 igitur
789 2145 835 2181 ad
854 2152 942 2181 octo
973 2145 1091 2180 millia
1118 2146 1241 2181 homi-

128 2220 229 2244 num.

177 2270 294 2308 XIX.
324 2270 544 2309 Hasdrubal
564 2271 649 2323 jam
677 2279 780 2317 ante,
802 2286 915 2322 quam
944 2273 1153 2316 dimicaret,
1175 2286 1240 2322 pe—

128 2335 240 2372 cunia
268 2342 390 2388 rapta,
421 2335 707 2389 elephantisque
737 2337 954 2389 praemissu,
975 2350 1086 2388 quam
1124 2336 1241 2388 pluri-

634 2401 706 2440 C5
