1523 2666
97 280 139 311 U.
154 280 189 310 C.
206 289 277 314 549.

93 325 134 355 A.
152 324 186 354 C.
205 331 278 356 203.

289 179 371 221 226
745 192 789 220 T.
814 193 948 221 L1v11

291 286 360 322 est,
383 292 496 329 quum
516 285 582 316 aut
601 280 836 317 vincentibus
858 293 956 331 spes,
975 287 1041 318 aut
1059 280 1176 332 pulsis
1195 281 1252 318 ira
1271 282 1402 331 adgre-

290 350 356 392 gat
375 356 475 380 suos.
533 343 593 380 Ita
612 351 693 380 tum
713 358 735 380 a
754 345 882 395 paucis
900 345 1036 395 proelio
1057 357 1231 390 accenso,
1251 357 1404 382 omnem

289 408 477 457 utrimque
510 415 703 458 postremo
741 410 950 457 equitatum
988 409 1204 446 certaminis
1238 409 1405 445 studium

290 471 442 508 effudit:
475 485 532 514 ae,
564 472 652 508 dum
686 472 874 508 sincerum
906 480 1078 522 equestre
1103 472 1281 523 proelium
1311 478 1405 516 erat,

96 545 244 576 Vincitur
260 536 491 576 amultitudo
521 536 825 585 Masaesylorum,
852 537 1025 585 ingentia
1054 538 1206 585 agmina
1236 537 1407 587 Syphace

97 589 192 619 Laelio
208 597 239 619 et

96 631 275 664 Masinissa.

97 1509 237 1548 Capitur.

291 601 501 642 emittente,
529 600 705 635 sustineri
735 601 798 636 vix
831 607 1004 650 poterat3
1038 601 1185 643 deinde,
1224 607 1266 637 ut
1294 601 1407 651 pedes

289 665 487 701 Romanus
522 665 722 714 repentino
753 677 819 714 per
851 671 993 701 turmas
1029 678 1113 701 suas
1140 666 1240 701 viam
1274 665 1405 701 dantes

289 730 503 766 intercursu
523 729 696 765 stabilem
727 731 846 766 aciem
867 729 972 773 fecit,
994 729 1272 778 absterruitque
1292 729 1407 765 effuse

288 795 531 830 invehentem
552 806 631 830 sese
651 794 815 837 hostem,
837 795 960 844 primo
979 793 1132 830 barbari
1151 794 1301 842 segnius
1322 805 1407 843 per-

288 858 439 894 mittere
460 870 601 906 equos3
635 858 770 893 deinde
793 866 893 894 stare
913 870 956 894 ac
986 870 1103 907 prope
1132 857 1276 893 turbari
1306 869 1407 893 novo

288 934 425 970 genere
446 936 609 972 puguae3
642 929 851 973 postremo,
872 935 950 958 non
974 922 1091 972 pediti
1119 921 1239 958 solum
1261 921 1406 964 cedere,

289 987 352 1023 sed
378 1000 425 1023 ne
455 988 621 1036 equitem
654 988 805 1036 quidem
835 988 1034 1029 sustinere,
1066 987 1201 1036 peditis
1232 985 1408 1036 praesidio

289 1052 502 1089 audentem.
558 1052 645 1088 Jam
672 1053 781 1101 signa
800 1065 950 1101 quoque
979 1051 1173 1100 legionum
1203 1050 1407 1100 adpropin-

289 1117 480 1166 quabant:
516 1123 597 1153 tum
634 1129 723 1153 vero
756 1116 949 1165 Masaesyli
981 1129 1059 1152 non
1092 1116 1207 1152 modo
1244 1115 1408 1165 primum

287 1183 474 1232 inpetum,
496 1182 559 1218 sed
576 1194 624 1217 ne
640 1188 885 1231 conspectum
906 1181 1055 1229 quidem
1082 1181 1276 1229 signorum
1296 1185 1410 1228 atque

290 1259 494 1290 armorum,
527 1246 719 1283 tulerunt:
752 1251 902 1281 tantum
931 1257 997 1280 seu
1027 1245 1210 1281 memoria
1238 1244 1408 1294 priorum

291 1311 467 1355 cladium,
489 1324 553 1347 seu
573 1323 737 1361 praesens
758 1317 881 1346 terror
899 1309 1029 1346 valuit.

344 1375 440 1412 XII.
471 1375 530 1411 Ibi
556 1375 724 1425 Syphax,
745 1374 832 1410 dum
853 1373 1053 1422 obequitat
1071 1371 1241 1408 hostium
1260 1371 1409 1415 turmis,

290 1440 320 1475 xi
340 1440 496 1490 pudore,
519 1440 548 1474 si
569 1438 737 1490 periculo
758 1450 827 1473 suo
846 1436 978 1485 fugam
997 1437 1129 1472 sistere
1148 1441 1290 1485 posset,
1312 1447 1409 1484 equo

292 1505 455 1553 graviter
481 1504 572 1545 icto,
601 1502 738 1539 effusus
767 1500 995 1551 obprimitur
1022 1499 1258 1549 capiturque,
1291 1504 1329 1534 et
1353 1499 1410 1534 vi-

290 1582 372 1612 vus,
393 1568 521 1605 laetum
542 1574 630 1604 ante
650 1579 781 1603 omnes
800 1565 1015 1602 Masinissae
1045 1563 1272 1615 praebiturus
1302 1575 1409 1612 spec-

291 1631 472 1674 taculum,
494 1631 540 1667 ad
559 1631 720 1667 Laelium
742 1629 986 1680 pertrahitur.
1043 1628 1150 1663 Cirta
1170 1632 1284 1676 caput
1301 1627 1409 1675 regni

291 1697 474 1748 Syphacis
498 1703 600 1732 erat:
634 1708 679 1731 eo
699 1708 739 1730 se
768 1695 902 1742 iugens
931 1692 1131 1728 hominum
1151 1690 1313 1727 contulit
1341 1691 1409 1727 vis.

293 1761 421 1797 (laedes
452 1761 490 1797 in
511 1772 556 1796 eo
576 1759 712 1810 proelio
733 1758 870 1800 minor,
889 1768 1001 1805 quam
1021 1755 1193 1797 victoria,
1215 1754 1301 1798 fuit,
1322 1755 1411 1804 quia

292 1825 456 1874 equestri
486 1823 751 1861 tantummodo
783 1821 921 1872 proelio
941 1826 1127 1856 certatum
1154 1819 1300 1856 fuerat:
1332 1831 1412 1855 non

292 1892 375 1942 plus
409 1892 574 1940 quinque
611 1889 730 1926 millia
763 1888 902 1931 occisa,
939 1888 1063 1922 minus
1101 1886 1297 1922 dimidium
1330 1883 1409 1934 ejus

292 1957 490 1992 homiuum
520 1961 673 2005 captum
703 1960 774 1996 est,
801 1953 935 2002 inpetu
961 1952 998 1987 in
1030 1958 1155 1987 castra
1181 1949 1301 1993 facto,
1333 1961 1408 1998 quo

290 2020 464 2074 perculsa
484 2032 571 2068 rege
600 2018 738 2055 amisso
758 2016 960 2053 multitudo
981 2028 1020 2051 se
1040 2013 1265 2051 contulerat.
1321 2013 1410 2050 Ma-

295 2085 442 2127 zinissa,
474 2083 549 2119 Sil-,i
583 2083 737 2131 quidem,
768 2081 903 2123 dicere,
938 2080 1032 2116 nihil
1058 2091 1128 2115 esse
1158 2080 1194 2115 in
1218 2079 1413 2126 praesentia

293 2149 489 2197 pulchrius,
511 2160 619 2196 quam
646 2149 826 2188 victorem,
845 2148 1095 2192 recuperatum
1124 2147 1225 2179 tanto
1246 2147 1329 2189 post
1357 2143 1412 2177 in-

297 2214 459 2255 tem-allo,
477 2214 642 2261 patrium
667 2211 816 2247 invisere
845 2220 1016 2257 regnum:
1044 2209 1104 2243 sed
1134 2212 1208 2243 tam
1236 2207 1410 2249 secundis,

296 2290 404 2326 quam
426 2278 594 2320 adversis,
615 2276 716 2312 rebus
743 2287 815 2311 non
835 2275 916 2310 dari
943 2273 1102 2321 spatium
1130 2272 1178 2307 ad
1197 2271 1413 2306 cessandum.

297 2343 338 2378 Si
363 2354 399 2378 se
425 2342 558 2378 Loelius
583 2353 663 2378 cum
688 2341 852 2389 equitatu
875 2339 1062 2386 vinctoque
1091 2334 1256 2385 Syphace
1277 2334 1411 2371 Cirtam
