1523 2666
144 275 188 307 U.
203 276 238 307 C.
255 284 327 310 ⁵52.

145 319 186 351 A.
199 320 235 351 C.
253 328 327 354 200.

141 1840 269 1870 Insidiae

138 1883 279 1932 ᾨῘι-ἰΙίρρί

142 1933 246 1958 '1¹11‘ae-

336 187 422 231 312
792 188 838 219 τ.
863 190 997 220 mvn

338 289 441 314 nunc
459 276 544 314 telis
563 282 773 322 uterentur,
793 291 895 316 nunc
914 285 1023 329 terga
1042 279 1175 318 darent
1190 297 1201 328 3
1234 281 1451 333 Illyriorum

339 340 519 379 velocitas
557 341 605 379 ad
641 343 882 380 excursiones
919 350 957 380 et
993 344 1144 395 inpetus
1182 346 1329 384 subitos
1365 349 1452 385 usui

338 412 452 449 esset,
472 406 670 443 Cretenses
691 407 730 443 in
750 407 992 444 invehentem
1019 421 1059 445 se
1077 409 1193 446 effuse
1220 410 1372 448 hostem
1391 424 1451 448 sa-

338 471 454 520 gittas
492 469 740 521 conjicerent.
795 471 830 507 T
834 471 983 508 urbavit
1016 473 1117 509 hunc
1151 474 1321 510 ordinem
1354 487 1452 525 pug-

337 535 453 571 nandi
472 547 550 571 non
570 535 707 578 acrior,
728 547 840 583 quam
866 537 1112 585 pertinacior,
1133 538 1284 589 inpetus
1303 538 1450 575 Roma-

335 610 497 635 norum:
529 610 618 634 nam
638 598 739 634 haud
759 610 880 642 secu8,
901 612 1014 648 quam
1037 602 1068 636 si
1093 607 1178 638 tota
1196 602 1278 638 acie
1296 602 1453 639 dimica-

336 668 436 705 rent,
457 668 496 698 et
514 661 660 705 velites,
681 662 825 699 emissis
855 663 989 706 hastis,
1011 665 1182 700 cominus
1213 664 1347 714 gladiis
1373 678 1453 703 rem

337 727 535 776 gerebant,
553 734 591 764 et
609 728 768 777 equiteS,
786 734 830 764 ut
849 727 965 764 semel
980 729 1019 765 in
1038 729 1190 765 hostem
1209 730 1330 765 evecti
1349 735 1451 774 sunt,

336 792 527 829 stantibus
548 793 667 842 equis,
688 793 829 844 partim
858 805 904 830 ex
932 794 1023 843 ipsis
1054 795 1174 842 equis,
1195 794 1335 844 partim
1354 794 1453 831 desi-

334 854 470 894 lientes
491 857 810 906 inmiscentesque
831 869 869 893 se
894 857 1100 908 peditibus,
1121 857 1367 908 pugnabant:
1398 859 1454 896 ita

334 932 407 956 nec
426 932 539 970 eques
560 923 685 970 regius
710 923 829 971 equiti
851 934 920 973 par
939 928 1034 966 erat,
1055 923 1226 959 insuetus
1256 922 1304 959 ad
1332 922 1452 960 stabi-

334 982 411 1021 lem
441 997 635 1036 pugnam3
666 998 738 1022 nec
767 986 880 1036 pedes
911 992 1159 1023 concursator
1187 992 1226 1022 et
1254 999 1388 1036 vagus,
1415 993 1454 1024 et

333 1061 455 1100 prope
483 1051 701 1088 seminudus
732 1063 870 1100 genere
900 1063 1106 1094 armorum,
1138 1051 1243 1087 veliti
1272 1050 1454 1089 Romano

334 1125 506 1164 parmam
536 1114 781 1165 gladiumque
813 1113 987 1159 habenti,
1021 1116 1238 1166 pariterque
1268 1121 1307 1152 et
1337 1116 1386 1153 ad
1413 1128 1454 1153 se

334 1178 531 1222 tuendum,
563 1185 603 1215 et
638 1179 686 1216 ad
718 1180 869 1216 hostem
906 1180 1112 1230 petendum
1144 1186 1304 1217 armato.
1361 1180 1455 1218 Non

335 1241 458 1280 tulere
476 1243 604 1293 itaque
624 1244 910 1281 dimicationem
923 1261 934 1291 3
967 1258 1036 1282 nec
1057 1245 1132 1282 alia
1149 1258 1204 1288 re,
1220 1257 1334 1294 quam
1347 1244 1453 1282 velo-

338 1307 470 1351 citate,
491 1314 661 1345 tutantes
683 1321 737 1353 se,
757 1310 796 1345 in
816 1316 941 1347 eastra
958 1309 1193 1358 refugerunt.

389 1371 587 1411 XXXVI.
618 1373 709 1411 Uno
729 1373 864 1410 deinde
889 1374 1107 1411 intermisso
1133 1373 1208 1417 die,
1229 1385 1345 1423 quum
1370 1385 1452 1410 om-

335 1435 448 1473 nibus
469 1438 589 1488 copiis
610 1439 781 1488 equitum
802 1437 971 1488 levisque
993 1443 1194 1475 armaturae
1214 1444 1452 1488 pugnaturus

336 1513 403 1538 rex
437 1508 548 1547 esset,
582 1512 696 1540 nocte
727 1509 919 1548 caetratos,
954 1515 1049 1553 quos
1081 1502 1265 1553 peltastas
1297 1509 1451 1547 vocant,

336 1564 425 1603 loco
444 1574 663 1617 opportuno
687 1569 787 1605 inter
810 1568 903 1604 bina
929 1574 1053 1604 castra
1072 1568 1111 1603 in
1130 1567 1277 1604 insidiis
1297 1566 1455 1605 abdide-

337 1636 420 1676 rat3
452 1638 759 1682 praeceperatque
778 1632 1037 1681 Athenagorae
1058 1638 1096 1668 et
1119 1632 1324 1681 equitibuS,
1345 1638 1402 1676 ut,
1423 1633 1456 1669 ti

337 1703 471 1748 aperto
489 1698 627 1750 proelio
652 1699 876 1750 procederet
901 1711 975 1743 res,
996 1705 1193 1735 uterentur
1211 1698 1389 1736 fortuna:
1422 1700 1455 1736 si

336 1762 477 1808 minus,
498 1763 665 1802 cedendo
685 1765 824 1801 sensim
844 1765 891 1802 ad
910 1765 1133 1802 insidiarum
1156 1764 1285 1802 locum
1304 1766 1456 1802 hostem

338 1828 613 1877 pertraherent.
668 1828 723 1866 Et
752 1831 941 1879 equitatus
976 1831 1127 1881 quidem
1160 1831 1296 1868 cessit:
1343 1832 1454 1868 duces

339 1898 502 1929 caetratae
534 1893 718 1936 cohortis,
742 1907 820 1930 non
852 1896 942 1930 satis
974 1901 1195 1946 exspectato
1219 1895 1344 1943 signo,
1365 1901 1454 1932 ante

337 1964 486 2009 tempus
507 1959 681 1995 excitatis
703 1960 793 2003 suis,
815 1961 1057 1997 occasionem
1082 1960 1179 1997 bene
1206 1959 1376 2008 gerendae
1399 1959 1454 1996 rei

338 2023 510 2061 amisere.
565 2022 781 2068 Romanus,
803 2031 841 2060 et
860 2031 993 2075 aperto
1019 2024 1155 2075 proelio
1177 2026 1313 2068 victor,
1335 2031 1373 2060 et
1391 2031 1453 2061 tu-

337 2093 398 2123 tus
419 2100 440 2123 a
460 2087 591 2125 fraude
611 2088 846 2132 insidiarum,
866 2089 906 2125 in
925 2096 1048 2125 castra
1069 2101 1148 2125 sese
1168 2089 1323 2139 recepit.
1357 2088 1453 2125 Pos-

336 2157 421 2188 tero
440 2153 501 2189 die
526 2152 702 2189 omnibus
730 2154 849 2203 copiis
870 2153 1003 2190 consul
1032 2154 1070 2190 in
1100 2154 1219 2190 aciem
1245 2153 1451 2198 descendit,

337 2222 426 2254 ante
458 2218 581 2268 prima
613 2218 722 2267 signa
752 2218 888 2255 locatis
922 2217 1159 2269 elephantis:
1202 2231 1278 2268 quo
1310 2218 1452 2256 auxilio

340 2288 418 2318 tum
438 2282 602 2331 primum
623 2282 807 2328 Romani,
830 2284 918 2334 quia
938 2289 1070 2334 captos
1092 2283 1238 2332 aliquot
1253 2282 1355 2320 bello
1374 2282 1449 2320 Pu-

336 2346 424 2383 nico
442 2345 651 2391 habebant,
673 2347 730 2384 usi
750 2354 850 2386 sunt.
889 2347 966 2386 Ubi
988 2347 1171 2385 latentem
1191 2348 1291 2384 intra
1309 2346 1447 2385 vallum
