1523 2666
124 269 215 300 uc.
232 258 305 302 ἕως.

122 313 163 344 Α.
177 313 213 344 C.
233 320 304 347 196.

120 2253 277 2285 Lentulus

119 2298 233 2328 urben]
248 2307 281 2326 0-

119 2350 197 2371 VanS
216 2351 259 2369 ln-

117 2383 269 2424 greditur.

306 171 390 223 408
769 183 815 211 T.
844 183 978 212 mvn

319 278 356 309 et
377 278 417 308 ut
437 277 601 321 quatuor
619 271 785 321 legiones
803 285 919 309 novas
945 272 1173 309 scriberent:
1206 274 1313 318 duas,
1333 287 1431 324 qnae,

318 350 394 386 quo
414 343 567 373 senatus
585 338 806 380 censuisset,
824 339 1065 374 mitterentur
1082 353 1090 373 z
1114 346 1151 374 et
1170 338 1215 375 T.
1229 339 1432 378 Quinctius

316 402 552 438 Flamininus
574 415 657 437 cum
689 402 835 438 duabus
867 402 1081 450 legionibus
1111 404 1346 453 provinciam
1369 416 1434 440 eo-

315 467 399 502 dem
421 468 588 502 exercitu
607 466 781 502 obtinere
796 466 926 516 jussus
943 483 950 502 ;
984 468 1183 518 imperium
1200 469 1234 504 ei
1250 480 1434 518 proroga·

315 537 397 567 tum
418 532 508 566 satis
522 530 603 580 jam
626 537 713 566 ante
735 531 849 566 videri
867 543 959 567 esse.

370 594 523 631 XXVI.
555 594 742 629 Praetores
781 594 915 630 deiude
955 595 1168 644 provincias
1206 596 1346 639 sortiti,
1383 595 1431 633 L.

316 659 501 707 Apustius
522 658 632 694 Fullo
655 657 837 693 urbanam
851 657 1172 707 jurisdictionem,
1196 660 1265 696 M'.
1286 659 1431 696 Acilius

317 722 476 759 Glabrio
505 723 603 758 inter
623 723 720 758 cives
750 728 787 757 et
813 723 1047 772 peregrino&
1075 723 1123 761 Q.
1144 723 1284 759 Fabius
1304 723 1430 759 Buteo

317 787 545 837 Hispaniam
574 787 804 828 ulteriorem,
837 787 885 825 Q.
904 786 1099 822 Minucius
1119 787 1306 824 Thermus
1337 788 1432 824 cite-

316 854 469 895 riorem,
493 853 535 888 C.
555 850 696 888 Laelius
719 852 899 894 Siciliam,
920 852 980 888 Ti.
1003 852 1248 902 Sempronius
1271 852 1430 901 Longus

317 920 542 957 Sardiniam.
600 920 648 958 Q.
669 919 790 955 Fabio
812 919 979 955 Buteoni
1000 925 1037 955 et
1063 919 1111 958 Q.
1132 919 1321 963 Minucio,
1347 920 1430 968 qui-

315 984 386 1021 bus
407 985 606 1034 Hispaniae
637 985 840 1034 provinciae
871 992 1088 1026 evenerant,
1110 983 1282 1020 consules
1313 983 1432 1032 legio-

317 1061 382 1085 nes
410 1049 578 1097 singulas
600 1062 645 1084 ex
667 1054 830 1095 quatuor
858 1047 904 1083 ab
930 1060 969 1083 se
993 1048 1157 1096 scriptis,
1180 1060 1271 1096 quas
1289 1048 1434 1083 videre-

317 1119 391 1155 tur,
422 1113 477 1148 uti
511 1113 656 1154 darent,
683 1112 874 1147 decretum
904 1119 984 1157 θεῖς
1018 1112 1163 1148 socium
1191 1125 1234 1148 ac
1266 1113 1432 1148 nominis

315 1177 447 1213 Latini
479 1185 663 1226 quaterna
693 1176 810 1212 millia
843 1176 1027 1226 peditum,
1058 1184 1232 1212 trecenos
1261 1177 1430 1226 equites:

316 1243 430 1292 hique
449 1245 573 1292 primo
594 1256 743 1291 quoque
765 1250 935 1292 tempore
956 1242 993 1277 in
1021 1243 1233 1291 provincias
1256 1241 1433 1292 irejussi.

316 1307 468 1344 Bellum
496 1309 533 1343 in
561 1307 750 1356 Hispania
771 1307 905 1355 quinto
926 1313 1016 1356 post
1036 1319 1137 1342 anno
1157 1314 1330 1342 exortum
1362 1313 1433 1350 est,

318 1386 429 1422 quam
451 1371 562 1407 simul
582 1384 667 1406 cum
687 1371 834 1406 Punico
854 1370 956 1406 bello
976 1369 1101 1406 fuerat
1113 1369 1274 1406 finitum.
1305 1370 1433 1406 Prius-

318 1450 429 1486 quam
450 1437 489 1472 hi
510 1442 689 1486 praetores
712 1435 757 1470 ad
777 1434 918 1470 bellum
939 1447 1057 1484 prope
1077 1447 1233 1477 novum,
1251 1435 1340 1483 quia
1355 1440 1435 1471 tum

318 1503 479 1552 primum
497 1513 565 1536 suo
586 1500 754 1541 nomine,
775 1499 878 1535 nullo
895 1499 1042 1535 Punico
1060 1499 1227 1534 exercitu
1243 1505 1308 1534 aut
1324 1499 1431 1541 duce,

318 1567 363 1603 ad
398 1579 502 1602 arma
532 1566 667 1606 ierant,
691 1564 1036 1614 proficiscerentur,
1067 1570 1133 1599 aut
1161 1564 1232 1612 ipsi
1257 1562 1431 1598 consules

318 1631 364 1667 ab
388 1631 478 1666 urbe
502 1636 716 1674 moverent5
749 1641 966 1678 procurare,
989 1635 1030 1663 ut
1057 1626 1216 1669 adsolet,
1245 1627 1432 1676 prodigia,

317 1708 399 1744 quae
434 1694 729 1737 nunciabantur,
754 1693 867 1743 jussi.
924 1692 970 1728 L.
991 1692 1116 1727 Julius
1138 1692 1364 1740 Sequestris,
1394 1691 1433 1727 in

318 1760 479 1796 Sabinos
501 1758 757 1809 proficiscens,
783 1757 942 1793 fulmine
970 1758 1049 1807 ipse
1081 1769 1273 1805 equusque
1303 1756 1434 1792 exani-

317 1827 409 1860 mati
442 1824 615 1860 fuerant:
652 1822 746 1858 aedes
773 1821 948 1858 Feroniae
981 1822 1019 1856 in
1048 1820 1242 1870 Capenate
1269 1820 1314 1855 (le
1335 1819 1434 1856 coelo

315 1896 419 1924 tacta
449 1894 555 1922 erat:
607 1886 651 1921 ad
682 1886 853 1921 Mouetae
881 1885 1038 1920 duarum
1067 1884 1261 1920 hastarum
1289 1883 1433 1932 spicula

316 1960 485 1991 arserant
503 1967 509 1987 :
543 1951 667 2001 lupus,
687 1949 884 1998 Esquilina
901 1956 1012 1999 porta
1032 1950 1237 1996 ingressus,
1255 1947 1431 1996 frequen-

316 2018 461 2054 tissima
482 2022 588 2066 parte
606 2015 722 2057 urbis,
740 2026 856 2063 quum
875 2014 914 2049 in
934 2013 1057 2049 forum
1077 2013 1315 2053 ‹leem-risset,
1332 2011 1431 2047 Tus-

317 2097 362 2119 co
382 2084 466 2118 vico
484 2088 595 2128 atque
616 2079 833 2122 Intemelio‚
852 2091 918 2128 per
939 2085 1088 2127 portam
1105 2078 1297 2126 Capenam
1314 2089 1433 2127 prope

316 2151 482 2185 intactus
504 2154 685 2182 evaserat.
743 2144 840 2181 Haec
869 2144 1043 2195 prodigia
1068 2143 1275 2194 majoribus
1295 2143 1431 2179 hostiis

316 2221 405 2250 sunt
424 2215 638 2262 procurata.

370 2275 547 2314 XXVII.
579 2274 717 2310 Iisdem
747 2273 876 2309 diebus
908 2273 978 2308 Cn.
1005 2272 1203 2308 Cornelius
1229 2271 1429 2316 Lentulus,

315 2345 378 2395 qui
401 2348 489 2379 ante
510 2339 777 2391 Sempronium
796 2337 1029 2375 Tuditanum
1052 2337 1265 2375 citeriorem
1286 2336 1429 2388 Hispa-
