1507 2656
373 198 526 230 LIBER
548 195 695 226 xxx1.
728 194 835 225 cn.
857 194 974 225 va.
1115 192 1201 237 323

89 296 233 342 quanto
262 289 416 326 Graecos
446 287 623 324 Romana
653 286 761 334 signa
791 297 969 334 armaque
999 296 1077 320 non
1108 288 1197 320 ante
1214 284 1294 315 U.C
1320 290 1395 316 552.

89 356 169 400 visa
197 355 386 403 animique
421 352 596 395 militum,
626 358 703 388 tam
739 356 886 401 promte
917 348 1196 386 succedentium
1210 329 1300 360 A'C'
1320 335 1395 360 200'

88 432 230 465 muros,
264 427 441 454 terruere.
500 416 634 466 Itaque
662 415 752 464 fuga
783 414 973 465 extemplo
1004 414 1040 449 in
1074 425 1197 449 arcem
1211 411 1378 484 AndrosR

87 485 189 522 facta
207 492 286 521 est:
320 483 410 520 urbe
431 483 558 519 hostes
586 482 721 532 potiti:
755 488 793 517 et
822 482 859 517 in
889 493 974 517 arce
995 492 1109 530 quum
1140 479 1197 515 bi·
1211 462 1335 530 ἓξὲξ
1380 462 1416 484 ο·

89 549 201 586 duum
224 548 295 585 loci
323 561 362 585 se
384 549 517 597 magi8‚
539 560 651 597 quam
673 560 876 590 armorum,
898 546 1035 583 fiducia
1054 544 1199 581 tenuis-

87 620 186 656 sent,
207 614 321 650 tertio
341 613 400 649 die
421 614 519 663 pacti
542 613 612 662 ipsi
635 612 939 662 praesidiumque,
959 617 997 647 ut
1019 623 1103 646 cum
1122 609 1200 653 sine

89 677 186 727 gulis
213 679 445 715 vestimentis
475 677 630 713 Delium
662 678 824 713 Boe0t³ae
855 676 1200 713 transveherentur.

87 743 147 778 Ea
165 742 211 779 ab
239 743 419 779 Romanis
450 743 529 791 regi
556 741 690 777 Attalo
718 753 919 777 concessa:
953 740 1118 790 praedam
1138 753 1201 787 orf

89 814 341 855 namentaque
372 805 474 842 urbis
504 806 574 856 ipsi
604 812 823 842 avexerunt.
879 803 1047 847 Attalus,
1068 816 1116 840 ne
1136 803 1201 840 de·

89 878 228 906 sertam
257 871 415 906 haberet
444 870 620 913 insulam,
642 877 678 906 et
701 869 957 906 Macedonum
978 868 1056 905 fere
1076 868 1201 905 omni-

87 933 170 976 bus,
192 942 227 969 et
249 934 473 982 quibusdam
495 935 739 977 Andriorum,
759 942 798 970 ut
815 940 1025 977 manerent,
1045 945 1200 984 persua-

87 999 155 1034 sit:
189 1007 321 1048 postea
343 1005 380 1034 et
401 999 447 1034 ab
468 998 598 1041 Delio,
621 1000 682 1047 qui
711 1012 757 1035 ex
784 1006 896 1048 pacto
926 999 1131 1035 transvecti
1155 1010 1200 1035 eo

86 1062 250 1106 fuerant,
282 1064 474 1112 promissis
506 1065 618 1111 regis,
650 1076 765 1112 quum
795 1064 1019 1099 desiderium
1051 1075 1201 1113 quoque

86 1129 217 1178 patriae
238 1128 385 1163 facilius
407 1128 451 1163 ad
482 1128 708 1164 credendum
734 1127 933 1163 inclinaret
958 1129 1120 1171 animos,
1140 1141 1200 1164 re·

85 1194 223 1229 vocati.
280 1193 341 1228 Ab
372 1192 504 1228 Andro
536 1193 729 1241 Cythnum
760 1192 1014 1242 trajecerunt:
1048 1193 1102 1229 ibi
1123 1193 1200 1229 dies

87 1240 233 1307 aliquot
253 1259 506 1307 obpugnanda
537 1258 626 1294 urbe
652 1259 907 1308 nequidquam
928 1258 1113 1295 absumti:
1148 1265 1199 1302 et,

87 1324 175 1371 quia
196 1323 256 1358 vix
277 1335 400 1371 operae
430 1323 593 1371 pretium
620 1330 714 1365 erat,
743 1323 969 1359 abscessere.
1027 1322 1089 1358 Ad
1109 1322 1201 1359 Pra-

88 1386 160 1421 sias
185 1386 433 1433 (continentis
458 1386 596 1422 Atticae
624 1387 654 1421 is
684 1386 788 1422 locus
820 1387 893 1432 est)
923 1385 1125 1422 Issaeorum
1145 1386 1201 1422 vi-

88 1451 183 1500 ginti
221 1450 334 1486 lembi
369 1450 479 1486 classi
517 1450 783 1487 Romanorum
822 1450 992 1501 adjuncti
1030 1458 1137 1502 sunt:
1171 1451 1200 1488 ii

85 1515 187 1549 missi
228 1514 274 1550 ad
312 1514 548 1564 populandos
588 1515 850 1564 Carystiorum
885 1528 1021 1564 agros:
1073 1523 1199 1560 cetera

85 1578 212 1614 classis
234 1578 460 1622 Geraestum,
482 1579 649 1616 nobilem
680 1580 838 1616 Euboeae
868 1589 1035 1630 portum,
1067 1580 1156 1617 dum
1177 1593 1199 1617 a

87 1643 248 1692 Carysto
269 1642 373 1679 Issaei
393 1643 571 1686 redirent,
593 1646 728 1680 tenuit.
766 1644 859 1680 Inde
879 1658 1025 1688 omneS,
1048 1644 1137 1681 velis
1158 1645 1199 1682 in

87 1706 204 1742 altum
236 1707 347 1750 datis,
378 1709 490 1743 maris
521 1710 643 1744 medio
676 1716 811 1759 praeter
842 1710 998 1758 Scyrum
1038 1710 1201 1748 insulam

86 1770 191 1808 Icum
223 1785 447 1821 pervenere:
481 1772 532 1808 ibi
562 1786 702 1823 paucos
733 1774 825 1817 dies,
854 1776 1031 1811 saeviente
1061 1775 1198 1819 Borea,

87 1836 244 1881 retenti3
280 1836 339 1871 ubi
364 1837 484 1886 prima
515 1837 766 1886 tranquillitas
794 1838 882 1874 data
909 1845 979 1881 est,
1001 1840 1198 1881 Sciathum

85 1899 280 1949 trajecere,
298 1908 482 1937 vastatam
499 1902 630 1938 urbem
646 1903 905 1953 direptamque
926 1917 1045 1955 nuper
1064 1918 1085 1940 a
1106 1905 1197 1942 Phi-

84 1964 201 2014 lippo.
258 1965 331 2001 Per
365 1979 476 2014 agros
510 1967 626 2016 palati
661 1968 798 2004 milites
828 1970 1074 2013 frumentum,
1100 1977 1138 2007 et
1167 1971 1199 2007 si

85 2043 158 2079 qua
178 2029 251 2066 alia
272 2031 354 2065 usui
381 2043 461 2066 esse
481 2031 528 2067 ad
549 2033 772 2068 vescendum
799 2040 992 2083 poterant,
1014 2035 1062 2071 ad
1082 2048 1197 2072 naves

84 2094 265 2130 retulere:
298 2096 431 2143 praedae
452 2109 520 2132 nec
541 2105 621 2133 erat
641 2098 859 2147 quidquam,
881 2112 950 2135 nee
980 2107 1197 2137 meruerant

86 2158 224 2202 Graeci,
245 2171 310 2194 cur
330 2160 591 2209 diriperentur.
650 2161 744 2198 Inde
765 2163 1037 2199 Cassandream
1063 2172 1196 2214 peten-

84 2229 156 2267 tes,
178 2224 299 2273 primo
326 2225 371 2260 ad
401 2224 578 2270 Mendin,
598 2227 829 2264 maritimum
855 2229 1019 2264 civitatis
1040 2228 1120 2278 ejus
1142 2231 1196 2266 vi-

86 2299 185 2330 cum,
212 2294 389 2326 tenuere:
423 2290 510 2326 inde
542 2303 672 2339 quum,
701 2298 879 2343 superato
912 2296 1192 2344 promontorio,

84 2352 130 2389 ad
156 2353 239 2404 ipsa
269 2354 412 2392 moenia
441 2354 542 2394 urbis
573 2357 829 2407 circumagere
859 2357 1016 2396 classem
1041 2359 1194 2408 vellent,

606 2421 681 2459 1³6
