1507 2656
359 178 513 207 LIBER
537 176 683 205 xxm·
714 176 954 206 cA?.xx1.
1139 167 1217 222 187

108 279 152 303 ca
181 279 294 316 quam
318 266 390 318 ipsi
418 279 545 304 secum
573 265 800 309 adtulerant,
830 266 869 302 in
895 265 1081 303 thesauris
1107 279 1218 319 repo·
1231 274 1323 309 U.C.
1340 281 1416 309 548³*

108 339 276 375 suerunt,
297 344 340 368 ac
359 330 549 381 piaculare
570 342 718 367 sacrum
735 329 929 367 fecerunt:
961 337 1043 368 tum
1061 338 1217 369 vocatos
1229 319 1270 350 A·
1284 319 1322 353 C·
1338 327 1414 353 204.

107 395 152 431 ad
171 396 396 432 concionem
424 394 561 431 milites
588 400 731 445 praetor
758 395 867 443 signa
886 401 993 432 extra
1011 394 1143 432 urbem
1162 396 1218 433 ef-

102 457 200 494 ferre
224 457 349 509 jubet,
381 465 577 508 castraque
608 459 648 494 in
680 470 815 508 campo
848 457 964 502 locat,
995 471 1081 495 cum
1112 460 1217 508 gravi

100 522 237 565 edicto,
259 524 301 559 Si
319 525 396 572 quis
422 524 525 559 miles
541 528 608 560 aut
634 525 672 559 in
699 524 784 560 urbe
801 525 997 567 restitisset,
1016 529 1083 560 aut
1099 535 1218 561 secum

97 588 291 630 extulisset,
313 588 406 635 quod
428 599 531 623 suum
558 599 629 623 non
656 592 755 624 esset.
811 587 1044 624 Locrensibus
1069 599 1106 624 se
1129 600 1214 636 per·

94 653 248 694 mittere,
267 656 320 695 ut,
341 653 436 701 quod
453 654 509 688 sui
527 654 673 701 quisque
691 657 881 700 cognosset,
898 652 1158 702 prehenderet:
1183 654 1215 690 si

95 718 183 765 quid
209 728 280 752 non
312 721 544 765 compareret,
572 721 757 765 repeteret.
812 719 910 753 Ante
937 718 1072 760 omnia,
1102 716 1214 753 libera

93 791 244 827 corpora
271 781 417 829 placere
443 781 520 817 sine
546 792 649 816 mora
677 780 910 816 Locrensibus
941 781 1108 816 restitui:
1139 792 1212 817 non

92 844 161 879 levi
180 843 431 892 defuncturum
449 856 566 892 poena,
587 845 648 893 qui
672 856 744 880 non
761 845 981 880 restituisset.
1035 842 1209 880 Locren-

90 907 187 942 sium
206 908 338 943 deinde
366 909 589 944 concionem
618 908 767 951 habuit,
788 914 915 957 atque,
934 909 979 944 iis
1007 909 1210 945 libertatem

89 973 248 1020 legesque
257 984 339 1008 suas
354 974 531 1021 populum
546 973 751 1010 Romanum
761 977 993 1021 senatumque
1005 975 1205 1017 restituere,

86 1036 191 1072 dixit.
248 1036 291 1072 Si
312 1038 374 1084 qui
393 1038 617 1073 Pleminium
641 1039 798 1074 aliumve
820 1050 924 1086 quem
943 1049 1112 1073 accusare
1128 1038 1204 1074 vel-

86 1101 147 1143 let,
170 1100 349 1148 Rhegium
367 1113 403 1137 se
420 1107 636 1150 sequeretur.
693 1102 737 1138 Si
754 1104 798 1138 de
816 1103 861 1139 P.
878 1103 1047 1150 Scipione
1060 1102 1205 1149 publice

84 1167 183 1212 queri
200 1165 347 1208 vellent,
369 1177 425 1208 ea,
446 1178 524 1214 quae
542 1166 670 1202 Locris
686 1165 829 1215 nefarie
848 1168 885 1201 in
903 1167 1005 1201 Deos
1023 1165 1201 1202 homines-

83 1242 150 1277 que
157 1229 271 1278 facta
289 1235 412 1273 essent,
424 1228 529 1276 jussu
548 1235 613 1266 aut
627 1231 813 1266 voluntate
839 1230 884 1266 P.
897 1229 1078 1277 Scipionis
1085 1228 1200 1277 facta

79 1305 162 1336 esse,
185 1295 318 1340 legatos
338 1295 524 1330 mitterent
549 1294 755 1330 Messanam
762 1310 776 1337 ,·
804 1293 853 1329 ibi
879 1305 916 1329 se
944 1305 1023 1329 cum
1052 1293 1197 1329 consilio

79 1360 317 1405 cogniturum.
376 1359 586 1395 Locrenses
607 1358 762 1407 praetori
780 1356 1005 1406 legatisque,
1028 1363 1064 1392 et
1085 1369 1196 1393 sena·

79 1422 135 1457 tui
163 1435 206 1458 ac
232 1422 375 1472 populo
400 1423 580 1459 Romano
608 1422 748 1470 gratias
769 1433 902 1469 egere:
933 1433 971 1457 se
989 1422 1038 1456 acl
1056 1421 1193 1457 Plemi-

76 1487 174 1522 nium
193 1489 432 1524 accusandum
459 1490 583 1523 ituros.
642 1487 858 1534 Scipionem,
879 1497 1098 1533 quamquam
1121 1497 1193 1533 pa-

72 1562 154 1586 rum
181 1550 321 1597 injuriis
358 1554 516 1588 civitatis
544 1564 616 1588 szcoe
649 1553 816 1593 doluerit,
850 1562 930 1586 eum
960 1562 1031 1586 esse
1057 1552 1189 1592 virum,

73 1627 176 1662 quem
202 1618 355 1652 amicum
377 1617 455 1658 sibi,
478 1629 584 1664 quum
616 1618 813 1656 inimicum,
844 1616 975 1650 malint
1000 1627 1096 1650 esse:
1124 1626 1191 1661 pro

72 1684 166 1715 certo
184 1692 219 1715 se
239 1681 377 1723 habere,
399 1693 511 1728 neque
519 1680 636 1726 jussu,
657 1692 768 1727 neque
782 1681 969 1715 voluntate
990 1680 1033 1714 P.
1048 1679 1188 1726 Scipio-

74 1744 126 1777 nis
146 1747 199 1778 tot
219 1748 294 1779 tam
313 1743 475 1792 nefanda
494 1746 678 1779 commissa
692 1760 703 1779 .·
733 1748 796 1779 aut
824 1744 1003 1779 Pleminio
1022 1744 1186 1785 nimium,

71 1811 136 1842 aut
160 1807 226 1843 sibi
248 1820 382 1855 parum
401 1810 588 1844 creditum.
646 1809 793 1843 Natura
814 1809 958 1843 insitum
978 1807 1188 1854 quibusdam

69 1882 152 1912 esse,
173 1876 214 1907 ut
231 1874 345 1920 magis
360 1876 504 1921 peccari
525 1874 654 1914 nolint,
676 1885 781 1920 quam
801 1874 888 1908 satis
906 1872 1020 1907 animi
1039 1872 1088 1906 acl
1106 1872 1185 1906 vin-

69 1936 225 1970 dicanda
240 1941 390 1984 peccata
411 1937 574 1973 habeant.
605 1936 657 1972 Et
676 1937 828 1986 praetori
850 1942 888 1970 et
904 1934 1064 1971 consilio
1082 1934 1183 1971 haud

67 1999 256 2035 mediocre
291 2013 386 2036 onus
421 2001 587 2036 demtum
619 2006 699 2035 erat
728 2000 774 2036 de
804 2000 982 2048 Scipione
1015 2011 1180 2046 cognos-

68 2063 188 2099 cendi.
244 2063 486 2108 Pleminium,
508 2071 546 2101 et
575 2065 621 2101 ad
652 2065 727 2100 duo
757 2071 795 2099 et
824 2064 983 2111 triginta
1003 2063 1178 2098 homiues

64 2137 148 2161 cum
165 2139 210 2162 eo
230 2127 516 2170 damnaverunt,
535 2134 648 2177 atque
664 2129 700 2163 iu
720 2128 862 2163 catenis
881 2127 1045 2162 Romam
1065 2126 1175 2160 mise-

65 2194 175 2225 runt:
199 2190 267 2239 ipsi
289 2192 335 2228 ad
356 2193 572 2242 Scipionem
592 2192 752 2242 profecti
769 2198 870 2234 sunt,
889 2196 930 2226 ut
945 2202 990 2226 ea
1008 2202 1172 2239 quoque,

66 2265 148 2301 quae
177 2254 328 2304 vulga-ta
357 2257 593 2294 sermonibus
624 2263 732 2294 erant
759 2257 806 2293 de
835 2255 938 2293 cultu
967 2268 1011 2293 ac
1033 2254 1177 2292 desidia
