1523 2666
114 223 157 254 U.
170 223 207 253 C.
223 230 294 254 545.

113 266 153 298 A.
166 266 205 298 C.
221 272 294 302 207.

112 2220 274 2260 Opuntio-

113 2274 186 2294 rum
200 2263 276 2293 urbs

113 2313 206 2345 capta
221 2306 260 2336 ab

112 2349 232 2381 Attalo.

310 136 365 176 90
760 136 805 164 r.
833 136 966 166 mvn

306 224 456 262 buerit:
489 224 554 262 sed
579 224 680 261 haud
712 224 822 261 facile
852 225 925 261 alia
954 223 1129 262 infestior
1161 225 1271 264 classi
1304 230 1419 265 statio

308 295 364 324 est
382 303 389 323 ε
422 301 510 324 nam
530 294 567 324 et
586 288 688 324 venti
708 287 754 324 ab
773 289 967 338 utriusque
988 295 1098 325 terrae
1127 290 1290 339 praealtis
1310 304 1421 328 mon-

306 353 408 388 tibus
446 352 562 388 subiti
598 366 641 389 ac
674 352 875 403 procellosi
909 365 948 388 se
984 353 1182 403 dejiciunt,
1210 361 1247 390 et
1281 354 1421 392 fretum

306 417 429 466 ipsum
448 417 582 467 Euripi
602 429 680 453 non
712 418 848 467 septies
870 416 943 459 die,
965 417 1063 453 sicut
1089 417 1192 454 fama
1218 417 1306 462 fert,
1326 425 1424 456 tem-

306 481 462 531 poribus
500 481 607 517 statis
644 481 887 531 reciprocat:
919 481 984 517 sed
1019 488 1160 518 temere
1195 482 1235 518 in
1269 483 1425 520 modum

307 546 424 588 venti,
445 558 545 581 nunc
564 546 652 588 huc,
673 558 774 581 nunc
803 544 891 581 illuc
911 557 1019 581 verso
1039 546 1146 590 mari,
1167 547 1270 583 velut
1288 554 1420 583 monte

306 610 493 659 praecipiti
519 608 714 645 devolutus
744 615 892 645 torrens
922 610 1091 660 rapitur:
1124 612 1178 647 ita
1197 623 1266 647 nec
1294 617 1422 654 nocte,

307 685 376 709 nec
405 673 465 709 die
492 674 596 722 quies
629 672 788 709 navibus
815 673 937 710 datur.
993 674 1121 713 Quum
1155 674 1312 711 classem
1344 682 1425 711 tam

306 736 446 773 infesta
472 737 587 772 statio
613 737 774 786 accepit,
810 743 891 773 tum
918 744 956 772 et
989 738 1184 787 oppidum,
1215 737 1290 774 alia
1317 744 1425 788 parte

307 799 477 836 clausum
495 800 605 842 mari,
637 799 711 836 alia
740 799 786 835 ab
807 805 908 835 terra
927 801 1078 848 egregie
1097 801 1299 844 munitum,
1328 813 1427 850 prae-

307 864 479 913 sidioque
507 864 633 900 valido
662 864 866 907 firmatum,
887 870 925 900 et
950 865 1139 915 praecipue
1168 865 1239 901 fide
1270 864 1427 916 praefec-

306 935 433 966 torum
452 930 754 981 principumque,
773 942 855 978 quae
874 929 977 966 fluxa
995 936 1033 966 et
1049 943 1146 966 vana
1165 930 1265 980 apud
1280 930 1426 968 Oreum

304 993 444 1038 fuerat,
477 993 613 1031 stabile
647 1000 761 1043 atque
793 994 1089 1044 inexpugnabile
1122 995 1207 1032 fuit.
1263 994 1309 1031 Id
1337 1006 1429 1045 pru-

307 1059 451 1101 denter,
480 1066 522 1094 ut
547 1059 586 1095 in
618 1064 761 1095 temere
795 1066 970 1109 suscepta
1002 1072 1057 1102 re,
1088 1058 1287 1095 Romanus
1319 1058 1427 1103 fecit,

304 1124 422 1173 quod,
443 1124 724 1173 circumspectis
754 1122 1053 1167 difficultatibus,
1085 1136 1132 1160 ne
1160 1123 1302 1160 frustra
1328 1129 1427 1160 tem-

304 1199 376 1237 pus
413 1193 565 1230 tereret,
600 1186 772 1223 celeriter
804 1186 954 1223 abstitit
990 1188 1160 1238 incepto,
1195 1186 1429 1235 classemque

305 1251 393 1287 inde
421 1252 469 1288 ad
500 1252 650 1300 Cynum
679 1251 854 1288 Locridis
892 1252 1121 1302 (emporium
1157 1251 1197 1289 id
1229 1257 1286 1288 est
1323 1250 1428 1288 urbis

305 1314 566 1366 Opuntiorum
586 1315 689 1350 mille
709 1328 888 1364 passuum
908 1329 930 1351 a
949 1317 1045 1352 mari
1061 1316 1163 1363 sitae)
1184 1314 1348 1366 trajecit.

359 1378 452 1415 VII.
480 1378 700 1430 Philippum
731 1386 768 1415 et
794 1381 900 1428 ignes
937 1381 984 1417 ab
1019 1380 1122 1417 Oreo
1153 1381 1243 1417 editi
1269 1391 1429 1417 monue-

306 1449 407 1486 rant,
428 1444 493 1479 sed
522 1444 638 1479 serius
659 1444 823 1480 Platoris
849 1445 980 1481 fraude
1011 1458 1031 1481 e
1060 1445 1213 1496 specula
1242 1445 1357 1482 elati:
1390 1450 1430 1481 et

307 1507 431 1557 inpari
451 1508 649 1543 maritimis
670 1507 811 1543 viribus
832 1508 934 1544 haud
952 1508 1072 1545 facilis
1094 1515 1175 1544 erat
1202 1509 1242 1544 in
1265 1508 1430 1545 insulam

307 1572 418 1610 classi
449 1586 645 1610 accessus:
679 1575 733 1610 ita
763 1587 820 1610 res
857 1587 924 1624 per
956 1577 1242 1612 cunctationem
1274 1575 1428 1611 omissa.

306 1640 369 1676 Ad
389 1639 579 1675 Chalcidis
600 1639 796 1682 auxilium,
818 1639 883 1676 ubi
914 1641 1065 1688 signum
1089 1639 1248 1689 accepit,
1278 1638 1427 1688 inpigre

309 1710 366 1739 est
393 1709 542 1738 motus:
573 1716 663 1739 nam
690 1709 728 1738 et
761 1704 843 1752 ipsa
871 1703 1038 1746 Chalcis,
1070 1714 1299 1751 quamquam
1327 1700 1428 1750 ejus-

308 1766 393 1802 dem
413 1766 545 1802 insulae
565 1766 652 1802 urbs
679 1773 748 1809 est,
770 1775 898 1802 tamen
928 1767 1022 1802 adeo
1043 1773 1126 1802 arto
1146 1765 1430 1801 interscinditur

306 1829 421 1872 freto,
440 1836 481 1865 ut
500 1836 617 1880 ponte
637 1830 849 1865 continenti
863 1829 1063 1879 jungatur,
1084 1836 1258 1878 terraque
1282 1828 1427 1864 aditum

308 1895 532 1939 faciliorem,
560 1909 674 1945 quani
706 1896 814 1938 mari,
846 1896 997 1931 habeat.
1055 1894 1180 1943 Igitur
1212 1893 1426 1943 Philippu5‚

307 1959 457 2010 dejecto
476 1960 666 2010 praesidio,
687 1960 854 2008 fusisque
874 1959 1032 2002 AEtolis,
1053 1960 1118 2008 qui
1148 1958 1286 1994 saltum
1305 1958 1427 1993 Ther-

305 2024 544 2074 mopylarum
573 2023 801 2066 insidebant,
834 2036 949 2072 quum
980 2023 1026 2060 ab
1058 2022 1303 2059 Demetriade
1334 2022 1428 2058 Sco-

304 2097 463 2133 tussam,
498 2090 585 2126 inde
619 2090 664 2125 de
700 2090 813 2125 tertia
845 2089 973 2137 vigilia
1010 2089 1218 2138 profectus,
1257 2087 1425 2136 trepidos

305 2155 434 2190 hostes
456 2153 682 2190 Heracleam
702 2152 959 2202 compulisset,
983 2153 1060 2202 ipse
1089 2165 1166 2188 uno
1197 2152 1256 2187 die
1283 2150 1424 2186 Phoci-

305 2219 358 2255 dis
379 2218 545 2255 Elatiam
565 2217 683 2254 millia
702 2217 861 2268 amplius
881 2218 1080 2265 sexaginta
1095 2215 1303 2252 contendit.
1340 2214 1421 2250 Eo·-

305 2283 389 2319 dem
419 2282 537 2319 ferme
566 2282 626 2319 die
661 2281 708 2318 ab
742 2281 875 2318 Attalo
906 2294 995 2330 rege
1032 2280 1292 2331 Opuntiorum
1329 2277 1417 2314 urbs
