1507 2656
381 219 534 249 LIBER
559 217 732 246 xxxn.
766 213 871 245 cAP.
897 216 1019 244 xxx.
1169 203 1251 258 367

144 309 214 346 lius
243 309 440 352 Geminus,
468 308 516 347 Q.
536 306 728 343 Minucius
759 305 961 358 Thermus,
987 305 1057 341 'Ti.
1077 305 1253 355 Sempro·
1269 313 1359 344 uc,
1377 321 1452 346 555·

145 375 228 410 nius
249 374 419 423 Longus,
475 372 639 409 Delectu
659 371 846 420 rebusque
867 369 949 407 aliis
969 369 1105 406 divinis
1121 370 1254 405 huma·
1267 358 1307 388 A·
1322 357 1358 389 C·
1379 365 1448 393 ¹97‘

144 440 290 488 nisque,
311 451 393 487 quae
421 449 486 487 per
512 438 614 487 ipsos
639 437 786 485 agenda
805 442 928 478 erant,
949 434 1140 484 perfectis,
1163 447 1254 470 con—

146 503 243 539 sules
263 502 376 539 ambo
396 502 432 537 in
455 501 618 538 Galliam
639 501 813 552 profecti.
873 498 1071 536 Cornelius
1090 506 1192 535 recta
1209 497 1254 534 ad
1268 509 1448 540 Consulum

145 565 323 602 Insubres
351 566 424 608 via,
452 567 515 614 qui
549 573 631 602 tum
665 567 705 601 in
738 565 851 601 armis
883 570 1003 606 erant,
1025 563 1254 599 Cenomanis
1270 562 1436 627 ἰῐῗᾶἓῑῖἶ

145 630 338 674 adsumtis,
378 631 426 669 Q.
449 630 643 666 Minucius
674 631 712 666 in
744 629 839 666 laeva
864 628 986 665 Italiae
1021 628 1066 664 ad
1095 627 1258 663 inferum

141 706 245 730 mare
276 693 382 730 flexit
414 695 500 737 iter,
529 694 779 743 Genuamque
809 694 976 729 exercitu
1004 692 1184 735 abducto,
1210 691 1257 728 ab

142 758 349 807 Liguribus
371 771 476 795 orsus
502 766 560 795 est
582 759 735 795 bellum.
794 758 946 808 Oppida
970 757 1195 793 Clastidium
1221 762 1260 792 et

142 822 355 866 Litubium,
376 830 535 873 utraque
553 823 756 872 Ligurum,
779 830 816 859 et
841 824 923 859 ‹luae
947 823 1070 872 gentis
1092 820 1259 871 ejusdem

143 887 327 930 civitates,
351 887 535 924 Celelates
565 888 884 938 Cerdiciatesque,
914 900 995 924 sese
1021 887 1257 923 dediderunt.

143 951 292 1000 Etjam
311 953 440 988 omnia
465 953 516 989 cis
543 953 704 996 Padum,
735 960 871 1003 praeter
892 952 1090 988 Gallorum
1121 951 1256 995 Boios,

142 1014 282 1052 Ilvates
309 1016 511 1065 Ligurum,
532 1017 601 1053 sub
623 1018 766 1054 ditione
793 1025 919 1054 erant:
953 1017 1166 1066 quindecim
1189 1029 1257 1066 op-

141 1081 245 1131 pida,
262 1081 461 1117 hominum
477 1082 612 1130 viginti
629 1082 748 1118 millia
767 1095 848 1118 esse
868 1082 1104 1124 dicebantur,
1120 1094 1202 1130 quae
1219 1093 1258 1116 se

144 1145 375 1182 dediderant.
413 1145 508 1183 Inde
528 1148 566 1183 in
587 1160 719 1196 agrum
739 1147 926 1183 Boiorum
945 1146 1115 1195 legiones
1137 1146 1255 1182 duxit.

196 1210 334 1248 XXX.
363 1211 550 1248 Boiorum
584 1213 770 1249 exercitus
797 1212 898 1249 haud
934 1212 989 1248 ita
1017 1210 1138 1247 multo
1169 1216 1258 1247 ante

140 1273 344 1324 trajecerat
379 1276 540 1321 Padum,
577 1276 836 1327 junxeratque
874 1289 912 1313 se
956 1276 1182 1313 Insubribus
1220 1281 1258 1311 ct

146 1339 396 1392 Cenomanis:
420 1341 522 1390 quod
537 1342 590 1376 ita
607 1345 844 1391 acceperant,
860 1339 1074 1390 conjunctis
1094 1340 1257 1389 legioni-

144 1402 214 1439 bus
244 1404 416 1441 consules
447 1418 529 1445 ,rem
558 1412 747 1454 gesturOS,
775 1412 817 1442 ut
849 1411 887 1441 et
916 1406 989 1455 ipsi
1020 1404 1189 1441 conlatas
1217 1405 1258 1440 in

144 1466 261 1504 unum
287 1469 384 1505 vires
411 1467 616 1508 firmarent.
674 1471 883 1520 Postquam
902 1470 1004 1507 fama
1030 1470 1180 1513 accidit,
1202 1468 1256 1506 al-

142 1539 266 1570 terum
296 1535 490 1572 consulem
523 1537 710 1573 Boiorum
740 1550 847 1573 urere
878 1549 1004 1585 agi-05,
1025 1536 1161 1572 seditio
1190 1549 1257 1572 ex-

141 1598 286 1648 templo
313 1606 399 1636 orta
427 1608 523 1649 est.)
552 1601 752 1638 Postulare
781 1602 884 1645 Boii,
920 1608 962 1637 ut
991 1599 1255 1637 laborantibus

143 1675 255 1713 opem
276 1664 438 1700 universi
457 1664 611 1702 ferrent.
668 1665 848 1702 Insubres
869 1678 1023 1714 negare,
1044 1677 1083 1701 se
1106 1677 1173 1701 sua
1191 1665 1256 1700 de·

143 1733 322 1765 serturos.
389 1728 451 1764 Ita
482 1729 609 1765 divisae
643 1732 776 1779 copiae,
821 1729 1003 1778 Boiisque
1039 1729 1079 1764 in
1124 1741 1256 1777 agrum

144 1803 254 1827 suum
273 1792 473 1829 tutandum
496 1793 692 1843 profectis,
714 1793 893 1830 Insubres
919 1806 1002 1829 cum
1025 1792 1255 1828 Cenomanis

144 1867 256 1906 super
274 1857 393 1892 amnis
418 1856 556 1893 Mincii
582 1859 702 1908 ripam
723 1858 987 1894 consederunt.
1045 1856 1151 1892 Infra
1170 1869 1256 1892 eum

141 1919 268 1956 locum
288 1922 453 1971 quinque
479 1922 597 1958 millia
622 1935 815 1973 passuum,
843 1930 881 1958 et
901 1921 1034 1958 consul
1055 1920 1255 1958 Cornelius

143 1985 264 2021 eidem
293 1985 439 2022 flumini
476 1994 599 2023 castra
636 1987 835 2037 adplicuit:
879 1986 966 2023 inde
998 1986 1186 2023 mittendo
1216 1986 1256 2022 in

140 2050 244 2085 vicos
265 2050 575 2086 Cenomanorum
595 2051 856 2100 Brixiamque,
878 2051 980 2101 quod
996 2059 1110 2100 caput
1130 2047 1253 2099 gentis

142 2119 236 2156 erat,
259 2120 300 2149 ut
319 2116 409 2150 satis
431 2117 629 2166 comperit,
649 2129 728 2152 non
749 2129 793 2152 ex
815 2108 1043 2152 auctoritate
1063 2116 1255 2151 seniorum

135 2175 379 2227 juventutem
398 2179 436 2214 in
457 2180 570 2215 armis
590 2192 685 2223 esse,
703 2192 771 2216 nec
791 2179 945 2229 publico
962 2179 1122 2215 consilio
1143 2178 1253 2214 Insu-

142 2240 266 2277 brium
285 2241 491 2279 defectioni
512 2244 752 2281 Cenomanos
779 2257 819 2280 se
846 2243 1087 2294 adjunxisse,
1121 2244 1253 2280 excitis

143 2305 190 2341 ad
209 2318 248 2342 se
267 2305 514 2358 principibus,
538 2309 572 2345 id
600 2322 712 2358 agere
742 2322 784 2346 ac
817 2309 941 2346 moliri
967 2310 1098 2359 coepit,
1124 2315 1165 2345 ut
1191 2309 1255 2345 de-

143 2370 346 2408 sciscerent
366 2372 412 2409 ab
434 2372 656 2411 Insubribus
679 2376 904 2420 Cenomani,
923 2381 974 2419 et,
992 2375 1108 2424 signis
1129 2373 1256 2411 subla-

654 2439 734 2476 R4
