1523 2666
83 242 262 277 U.C.557.

82 286 262 319 A.C.195.

276 148 362 190 474
729 151 773 179 T.
797 150 930 180 mvn

275 238 404 274 omnia
424 238 600 281 universi,
621 251 733 287 quam
755 251 811 282 ea,
833 253 915 289 quae
942 240 989 276 ad
1009 253 1193 290 quemque
1218 241 1384 291 pertine-

276 308 373 344 rent,
401 302 539 352 singuli
569 303 798 354 carpebant:
831 305 894 353 qui
924 304 1095 341 exsulum
1129 303 1310 354 conjuges
1345 305 1383 340 in

277 366 520 403 matrimonio
546 367 753 411 habebant,
774 374 840 404 aut
869 382 913 405 ex
944 369 1054 405 bonis
1084 382 1212 405 eorum
1244 368 1386 417 aliquid

277 430 536 479 possederant,
564 438 755 480 tamquam
786 433 972 476 amissuri,
1000 446 1077 468 non
1108 433 1304 475 reddituri,
1328 432 1386 467 in·

277 494 554 542 dignabantur:
588 497 702 531 serris
736 495 902 532 liberatis
934 511 956 532 a
984 504 1147 546 tyranno
1172 509 1251 533 non
1277 496 1387 532 irrita

277 559 393 594 modo
412 558 540 595 futura
557 559 727 602 libertas,
748 560 811 596 sed
841 560 961 596 multo
980 561 1132 604 foedior,
1160 574 1273 610 quam
1291 560 1385 597 fuis·

279 627 336 656 set
357 627 459 665 ante,
481 623 639 658 servitus
666 622 910 659 redeuntibus
934 624 972 658 in
1002 624 1185 659 iratorum
1213 624 1387 659 domino·

278 697 360 720 rum
390 692 620 735 potestatem
647 694 735 722 ante
764 686 893 723 oculos
921 686 1216 723 obversabatur:
1248 699 1390 723 merce-

279 749 375 784 narii
404 749 541 786 milites
573 757 610 786 et
638 751 762 800 pretia
790 751 935 787 militiae
964 763 1097 787 casura
1116 751 1154 787 in
1179 763 1272 801 pace
1292 763 1390 800 aegre

278 812 465 857 ferebant,
500 821 537 851 et
564 815 724 851 reditum
757 815 828 851 sibi
861 815 1006 851 nullum
1035 828 1116 851 esse
1145 815 1184 851 in
1217 815 1389 851 civitates

278 878 471 923 videbant,
492 880 658 916 infensas
678 893 758 916 non
777 881 946 930 tyrannis
963 880 1098 929 magis,
1117 892 1228 929 quam
1247 878 1391 916 satelli-

279 941 380 978 tibus
401 956 545 982 eorum.

332 1007 551 1045 XXXVII.
582 1008 678 1045 Haec
694 1009 792 1045 inter
808 1022 847 1045 se
862 1010 984 1059 primo
1000 1009 1039 1044 in
1055 1007 1203 1045 circulis
1225 1014 1390 1045 serentes

278 1070 460 1108 fremere:
493 1073 627 1109 deinde
647 1073 695 1109 ad
713 1086 816 1109 arma
836 1073 963 1108 subito
983 1073 1248 1109 discurrerunt.
1299 1073 1388 1112 Quo

280 1136 445 1172 tumultu
465 1149 580 1186 quum
608 1150 675 1187 per
704 1150 743 1173 se
776 1138 865 1173 satis
895 1137 1081 1173 irritatam
1109 1137 1391 1174 multitudinem

279 1208 451 1237 cerneret
481 1207 677 1251 tyrannus,
705 1203 928 1238 concionem
955 1202 1130 1237 advocari
1153 1200 1292 1250 jussit:
1325 1200 1390 1237 ubi

279 1277 396 1313 quum
426 1278 483 1308 ea,
505 1279 588 1314 quae
617 1267 895 1316 imperarentur
924 1280 946 1302 a
975 1266 1175 1309 Romanis,
1197 1265 1393 1315 exposuis-

280 1335 351 1372 set,
373 1336 410 1365 et
437 1331 609 1378 graviora
639 1338 753 1380 atque
779 1331 995 1379 indigniora
1014 1331 1185 1380 quaedam
1206 1330 1304 1367 falso
1323 1330 1390 1367 ad-

281 1394 466 1438 finxisset,
494 1401 538 1431 et·
561 1396 606 1432 ad
636 1396 798 1444 singula,
819 1408 919 1432 nunc
948 1396 994 1432 ab
1026 1396 1222 1439 universis,
1242 1407 1344 1431 nunc
1369 1407 1392 1431 a

281 1457 451 1507 partibus
472 1459 681 1501 concionis,
703 1459 990 1502 adclamaretur,
1012 1459 1275 1508 interrogavit,
1295 1459 1391 1500 Quid

86 1530 219 1560 Paratse
232 1530 271 1560 ad
281 1535 317 1558 se
340 1525 549 1572 respondere
578 1526 627 1560 ad
654 1537 709 1567 ea,
731 1530 795 1560 aut
821 1527 906 1573 quid
924 1524 1056 1573 facere
1074 1525 1239 1560 vellent?
1268 1523 1394 1573 Prope

87 1572 222 1604 bellum.

281 1599 355 1622 una
386 1600 477 1623 voce
506 1600 651 1631 omnes,
674 1588 778 1624 Nihil
796 1590 1020 1636 respondere,
1042 1589 1171 1624 bellum
1195 1589 1288 1635 geri,
1309 1586 1395 1637 jus-

281 1657 434 1686 serunt:
468 1657 505 1686 et
534 1664 602 1700 pro
632 1665 671 1687 se
701 1653 872 1701 quisque,
895 1653 1022 1701 qualia
1049 1652 1252 1688 multitudo
1282 1650 1393 1694 solet,

278 1713 424 1750 bonum
457 1716 625 1754 animum
658 1716 811 1759 habere,
833 1723 871 1753 et
898 1717 996 1753 bene
1026 1729 1176 1767 sperare
1197 1716 1394 1766 jubentes,

270 1780 392 1830 fortes
400 1782 595 1829 fortunam
625 1782 810 1829 adjuvare,
832 1783 995 1820 aiebant.
1055 1783 1127 1819 His
1154 1782 1308 1818 vocibus
1336 1782 1394 1817 in-

281 1846 418 1882 citatus
439 1854 636 1896 tyrannus,
664 1856 701 1884 et
731 1849 964 1884 Antiochum
986 1847 1216 1895 AEtolosque
1245 1844 1397 1895 adjutu-

281 1921 343 1945 ros
364 1912 611 1960 pronunciat3
645 1918 682 1947 et
710 1912 780 1947 sibi
809 1912 855 1947 ad
876 1911 1115 1947 obsidionem
1135 1908 1393 1945 sustinendam

282 1974 476 2024 copiarum
499 1974 655 2011 adfatim
677 1987 769 2012 esse.
827 1975 1031 2011 Exciderat
1057 1974 1160 2023 pacis
1186 1972 1330 2008 mentio
1351 1984 1398 2008 ex

284 2039 454 2074 omnium
478 2039 626 2080 animi&
648 2047 685 2075 et
717 2040 753 2074 in
784 2039 967 2075 stationes
998 2050 1074 2073 non
1107 2036 1206 2072 ultra
1234 2035 1398 2084 quieturi

286 2102 515 2139 discurrunt.
585 2103 800 2139 Paucorum
843 2102 1109 2138 lacessentium
1151 2100 1323 2137 excursio
1361 2105 1399 2135 et

282 2168 419 2202 emissa
443 2166 572 2216 jacula
602 2167 792 2218 extemplo
819 2174 856 2203 et
886 2167 1070 2203 Romanis
1100 2164 1392 2206 dubitationem,

282 2233 373 2280 quin
394 2231 608 2269 bellandum
630 2240 741 2275 esset,
763 2239 996 2269 exemerunt.
1054 2231 1173 2268 Levia
1189 2230 1275 2266 inde
1293 2241 1395 2279 proe-

282 2295 334 2332 lia
366 2309 432 2347 per
466 2298 706 2346 quatriduum
741 2298 903 2348 primum
943 2298 1023 2334 sine
1057 2295 1135 2332 ullo
1165 2295 1257 2332 satis
1290 2299 1394 2331 certo
