1523 2666
118 254 209 285 U.C.
225 260 296 287 549.

116 297 158 327 A.
172 296 207 328 C.
224 303 296 328 203.

116 1274 226 1305 Castra

117 1318 260 1348 Hasdru-

118 1360 197 1390 balis
213 1368 244 1391 et

114 1402 282 1443 Syphacis.

311 153 392 196 216
764 162 809 191 T.
835 163 967 193 mvn

311 260 434 290 castra
459 254 498 289 in
528 258 733 302 conspectu
760 251 1010 289 Hasdrubalis
1038 258 1157 290 erant.
1212 252 1421 304 Karthagi«

308 319 457 355 nienses
477 317 708 354 deduxerant
727 329 838 353 naves
858 332 865 353 z
899 317 1053 353 classem
1071 323 1241 367 paratam
1259 318 1422 355 instruc-

308 389 460 431 tamque
479 381 525 418 ad
544 386 775 417 commeatus
796 381 1088 431 intercipiendos
1110 381 1314 419 habebant.
1357 382 1422 418 In-

307 452 366 482 ter
393 447 473 482 haec
493 459 540 481 ne
560 446 740 495 Syphacis
762 445 911 493 quidem
940 445 1210 481 reconciliandi
1230 458 1357 482 curam
1377 458 1423 482 ex

308 509 436 546 animo
455 510 630 553 miserat3
663 508 694 543 si
713 508 811 544 forte
834 508 914 558 jam
936 511 1048 546 satias
1079 511 1215 547 amoris
1243 512 1282 547 in
1307 523 1425 547 uxore

308 587 356 610 ex
384 573 502 610 multa
522 573 632 622 copia
657 572 829 622 cepisset.
884 572 946 608 Ab
974 574 1144 624 Syphace
1173 576 1292 624 magis
1321 575 1425 625 pacis

309 650 395 674 cum
425 635 812 684 Karthaginiensibus
843 637 1094 681 conditiones,
1115 644 1156 674 ut
1182 638 1350 674 Romani
1369 639 1424 674 A-

308 700 417 744 frica,
448 700 559 736 Poeni
589 698 703 735 Italia
732 699 971 743 excederent,
993 714 1118 750 quam,
1149 702 1180 736 si
1207 700 1424 744 bellaretur,

310 777 393 815 spes
415 764 490 801 ulla
510 765 739 801 desciturum
759 764 1010 801 adserebatur.
1067 765 1163 801 Haec
1182 777 1247 815 per
1266 765 1424 810 nuncios

307 829 428 877 magis
461 828 634 877 equidem
663 834 748 864 acta
767 827 1002 871 crediderim,
1027 830 1082 876 (et
1110 828 1165 864 ita
1191 840 1276 878 pars
1305 827 1428 878 major

307 899 481 928 auctores
515 892 637 937 sunt,)
667 903 778 940 quam
809 891 933 940 ipsum
964 891 1188 941 Syphacem,
1222 897 1265 927 ut
1289 891 1425 927 Antias

308 955 482 992 Valerius
511 957 652 1008 prodit,
681 956 719 992 in
746 962 870 992 castra
898 954 1076 991 Romana
1102 955 1149 991 ad
1182 954 1427 1005 conloquium

308 1021 468 1057 venisse.
512 1021 642 1056 Primo
663 1032 724 1056 eas
745 1020 983 1056 conditiones
1004 1020 1209 1069 imperator
1228 1019 1425 1056 Romanus

307 1084 373 1120 vix
404 1084 555 1121 auribus
590 1085 763 1121 admisit:
800 1091 947 1135 postea,
983 1091 1025 1120 ut
1057 1097 1189 1121 caussa
1218 1084 1426 1134 probabilis

308 1148 384 1184 suis
406 1149 641 1185 commeandi
662 1149 761 1185 foret
786 1150 825 1184 in
846 1154 969 1184 castra
987 1148 1169 1191 hostium,
1189 1148 1339 1184 mollius
1361 1161 1424 1185 ea-

309 1212 393 1249 dem
424 1212 488 1250 illa
507 1213 685 1257 abnuere,
715 1226 758 1249 ac
788 1225 892 1263 spem
917 1212 1056 1255 facere,
1087 1213 1220 1262 saepius
1251 1212 1350 1249 ultro
1371 1213 1424 1250 ci-

312 1282 447 1327 troque
473 1278 706 1327 agitantibus
727 1291 805 1314 rem
826 1284 1108 1314 conventuram.
1165 1277 1426 1314 Hibernacula

312 1341 707 1391 Karthaginiensium,
725 1349 907 1391 congesta
925 1348 1066 1378 temere
1085 1355 1131 1378 ex
1151 1342 1248 1390 agris
1269 1342 1427 1378 materia

313 1405 559 1449 exaedificata,
580 1405 705 1455 lignea
725 1406 841 1442 ferme
862 1412 945 1442 tota
961 1412 1080 1443 erant.
1136 1405 1310 1443 Numidae
1329 1418 1425 1456 prae-

312 1470 421 1521 cipue
441 1470 624 1506 arundine
641 1470 771 1512 textiS‚
793 1476 991 1518 storeaque
1011 1482 1096 1520 pars
1117 1470 1281 1506 maxima
1300 1470 1424 1512 tectis,

310 1536 448 1586 passim
475 1535 581 1571 nullo
600 1535 747 1578 ordine,
769 1536 934 1584 quidam,
956 1542 997 1571 ut
1026 1536 1106 1571 sine
1134 1535 1292 1584 imperio
1312 1546 1425 1570 occu·-

309 1601 407 1649 patis
435 1600 543 1642 locis,
575 1605 683 1635 extra
712 1599 854 1635 fossam
887 1600 1001 1635 etiam
1033 1598 1245 1648 vallumque
1274 1597 1425 1634 habita-

308 1664 415 1700 bant.
471 1663 566 1699 Haec
604 1664 723 1699 relata
760 1664 927 1713 Scipioni
966 1676 1069 1713 spem
1102 1663 1270 1699 fecerant
1303 1668 1426 1699 castra

310 1728 477 1764 hostium
497 1741 562 1778 per
582 1729 823 1764 occasionem
843 1727 1078 1764 incendendi,

364 1792 432 1830 IV.
464 1794 561 1828 Cum
580 1792 729 1841 legatis,
752 1804 845 1841 quos
866 1792 1034 1828 mitteret
1053 1792 1099 1828 ad
1121 1792 1344 1842 Syphacem,
1363 1804 1425 1828 ca-

310 1857 441 1892 lonum
468 1856 553 1892 loco
585 1857 726 1905 primos
757 1857 905 1892 ordines
932 1863 1109 1906 spectatae
1136 1857 1282 1892 virtutis
1313 1862 1425 1905 atque

309 1920 517 1970 prudentiae
538 1919 662 1955 servili
681 1919 815 1955 habitu
836 1919 1035 1966 mittebat3
1069 1920 1146 1968 qui,
1167 1920 1255 1955 dum
1275 1921 1313 1954 in
1333 1932 1425 1955 con·-

310 1984 439 2032 loquio
459 1983 574 2032 legati
596 1990 734 2026 essent,
755 1984 840 2031 vagi
870 1996 936 2033 per
956 1990 1090 2026 castra,
1113 1983 1206 2018 alius
1236 1983 1323 2026 alla,
1345 1983 1424 2019 adi-

309 2055 370 2083 tus
391 2048 587 2096 exitusque
607 2059 751 2090 omnes,
773 2048 887 2082 situm
916 2046 1150 2095 formamque
1169 2053 1207 2082 et
1229 2047 1425 2082 universo-

309 2124 391 2147 rum
411 2117 634 2154 castrorum,
656 2118 693 2146 et
712 2111 888 2160 partium,
911 2124 984 2159 qua
1003 2110 1127 2153 Poeni,
1150 2122 1224 2158 qua
1246 2109 1423 2146 Numidae

308 2175 506 2218 haberent,
537 2182 720 2223 quantum
752 2174 940 2211 intervalli
969 2175 1067 2210 inter
1101 2173 1349 2210 Hasdrubalis
1380 2187 1424 2210 ac

308 2239 412 2287 regia
437 2246 559 2275 castra
589 2246 699 2283 esset,
731 2239 1033 2289 specularentur:
1066 2250 1283 2287 moremque
1312 2236 1423 2273 simul

306 2311 508 2341 noscerent
527 2304 734 2341 stationum
754 2304 1061 2355 vigiliarumque:
1093 2310 1219 2348 nocte,
1241 2315 1289 2340 an
1305 2302 1422 2339 inter·-
