1507 2656
354 193 506 221 LIBER
530 190 687 219 XXXV·
719 190 826 217 CAP.
851 190 908 217 11.
1097 184 1178 233 503

80 280 202 330 primo
231 279 449 315 Romanos:
482 276 614 313 deinde
644 282 790 324 aequata
820 274 1023 325 paullisper
1054 289 1182 326 pugna
1196 280 1285 312 U.C.
1303 290 1378 317 559.

84 351 151 380 est.
204 344 251 380 In
266 344 339 379 hoc
358 341 570 378 discrimine
590 336 697 375 ludos
716 339 819 382 Jovi,
840 340 870 375 si
890 340 924 375 vi
945 340 1102 377 fudisset
1121 355 1182 378 ce·
1195 325 1234 354 Λ·
1249 325 1286 355 C·
1305 334 1377 357 ¹⁹³·

82 408 305 456 cidissetque
334 406 476 446 hostes,
499 409 709 454 propraetor
728 403 842 439 vovit.
898 403 1069 439 Tandem
1098 418 1184 453 gra-

83 472 170 509 dum
200 471 319 506 acrius
350 468 508 505 intulere
538 468 718 511 Romani,
739 469 924 517 cessitque
952 469 1182 507 Lusitanus:

85 534 218 570 deinde
251 545 401 583 prorsus
436 539 543 580 terga
575 532 698 568 dedit:
731 539 782 575 et,
814 545 928 580 quum
961 533 1188 570 institissent

83 597 313 647 fugientibus
348 598 522 639 victores,
557 597 601 632 ad
638 597 832 632 duodecim
867 597 985 633 millia
1021 598 1188 635 hostium

85 670 172 699 sunt
192 675 309 708 caesa3
340 663 439 712 capti
459 662 655 711 quingenti
676 662 938 710 quadraginta,
959 675 1088 698 omnes
1109 662 1188 699 fere

86 728 254 776 equites;
288 732 325 763 et
358 727 466 775 signa
499 726 676 762 militaria
706 732 817 776 capta
846 733 997 762 centum
1029 728 1189 775 triginta

87 797 260 840 quatuor.
316 790 377 826 De
404 791 570 826 exercitu
599 789 777 826 Romano
797 790 1038 839 septuaginta
1057 797 1094 826 et
1112 797 1188 826 tres

87 857 226 893 amissi.
278 856 495 905 Pugnatum
514 855 613 892 haud
633 854 764 904 procul
783 854 880 905 Ilipa
901 854 991 890 urbe
1011 861 1079 891 est.
1128 854 1189 890 Eo

88 922 270 957 victorem
289 919 509 969 opulentum
535 919 668 970 praedae
698 919 903 954 exercitum
933 917 975 954 P.
993 917 1190 954 Cornelius

90 985 264 1020 reduxit:
296 996 341 1019 ea
373 983 494 1019 omnis
526 990 613 1019 ante
646 982 776 1019 urbem
806 982 979 1033 exposita
1007 990 1089 1028 est3
1122 995 1192 1033 po-

88 1054 278 1097 testasque
297 1049 455 1085 dominis
486 1061 570 1084 suas
600 1061 657 1084 res
687 1048 942 1097 cognoscendi
971 1048 1097 1084 facta:
1129 1061 1191 1085 ce·-

89 1119 170 1149 tera
195 1113 389 1148 vendenda
415 1113 593 1161 quaestori
622 1113 732 1157 data3
766 1112 866 1162 quod
894 1112 981 1148 inde
1009 1112 1192 1148 refectum

90 1184 160 1219 est,
180 1176 292 1212 militi
311 1176 480 1212 divisum.

145 1241 197 1277 II.
225 1240 408 1277 Nondum
427 1239 474 1276 ab
506 1239 630 1275 Roma
657 1239 848 1289 profectus
879 1245 959 1275 erat
989 1240 1031 1275 C.
1052 1239 1192 1276 Flami-

38 1306 39 1323 ³
91 1305 174 1340 nius
207 1310 359 1354 praetor,
391 1316 505 1352 quum
533 1303 615 1338 haec
649 1304 686 1338 in
720 1302 909 1352 Hispania
939 1303 1190 1351 gerebantur:

93 1369 220 1417 itaque
245 1374 323 1404 tam
350 1368 526 1410 adversae,
550 1380 662 1416 quam
691 1366 862 1403 secundae
892 1380 949 1402 res
979 1380 1045 1417 per
1073 1368 1195 1416 ipsum

1 1444 5 1476 ᾗ
42 1468 43 1473 ,
93 1433 307 1480 amicosque
333 1430 412 1481 ejus
442 1432 587 1480 magnis
612 1422 852 1466 'sermonibus
883 1430 1191 1467 celebrabantur:

2 1527 16 1545 st
43 1545 44 1553 ἵ
93 1504 131 1534 et
150 1503 374 1539 tentaverat,
396 1497 574 1545 quoniam
603 1495 743 1532 bellum
772 1496 904 1544 ingens
935 1496 974 1531 in
1002 1496 1198 1545 provincia

93 1562 305 1604 exarsisset,
335 1567 375 1596 et
410 1561 564 1609 exiguas
602 1560 777 1609 reliquias
811 1560 995 1595 exercitus
1030 1559 1077 1596 ab
1111 1560 1197 1596 Sex.

95 1625 259 1675 Digitio,
280 1630 393 1673 atque
411 1637 472 1660 eas
494 1625 592 1674 ipsas
613 1623 742 1674 plenas
763 1624 910 1674 pavoris
941 1637 984 1659 ac
1012 1623 1112 1672 fugae
1137 1636 1199 1659 ac-

4 1717 11 1727 y
47 1703 48 1706 ’
98 1696 271 1739 cepturus
293 1695 403 1731 esset,
425 1695 466 1724 ut
486 1701 597 1724 unam
627 1688 698 1724 sibi
727 1701 773 1724 ex
804 1688 955 1723 urbanis
986 1687 1199 1736 legionibus

0 1765 9 1788 -;
48 1763 49 1795 ξ
97 1753 365 1790 decernerent:
398 1752 445 1788 ad
477 1765 588 1800 quam
621 1764 735 1800 quum
765 1751 922 1787 militem
957 1750 1003 1786 ab
1042 1764 1080 1786 se
1117 1752 1202 1800 ipso

0 1841 22 1856 27.
50 1842 51 1856 2
99 1818 279 1867 scriptum
309 1830 352 1852 ex
383 1815 713 1852 senatusconsulto
740 1814 951 1865 adjecisset,
965 1815 1130 1867 ‘eligeret
1158 1827 1204 1851 ex

1 1892 22 1918 η’
52 1930 53 1934 ¹
101 1882 205 1918 omni
236 1893 392 1917 numero
421 1893 486 1917 sex
516 1881 633 1916 millia
662 1888 699 1916 et
728 1881 955 1929 quingentos
986 1880 1144 1928 pedites,
1168 1886 1206 1914 et

102 1947 244 1995 equites
264 1952 466 1981 trecentos
516 1946 573 1981 Εα
590 1958 626 1981 se
646 1946 780 1992 legione
801 1946 900 1991 (nam
918 1946 953 1979 z'n
974 1944 1053 1979 Sex.
1069 1945 1208 1990 Digitii

101 2013 252 2048 exercitu
273 2011 371 2046 haud
398 2012 551 2046 multum.
577 2012 652 2058 spei
679 2010 766 2053 esse)
788 2021 862 2044 rem
888 2013 1082 2056 gesturum.
1141 2007 1208 2042 Se·

103 2075 227 2111 niores
257 2086 408 2121 negare,
430 2075 489 2110 Ad
516 2085 687 2115 rmnores,
709 2085 730 2107 α
749 2073 904 2120 privatis
923 2076 1051 2107 temere
1071 2072 1104 2105 in
1123 2083 1210 2117 gra-

107 2141 196 2175 tiam
214 2139 489 2184 magistratuum
518 2138 693 2186 cmfictos,
713 2137 1016 2172 senatusconsulta
1034 2133 1212 2183 facienda

108 2215 201 2239 esse:
230 2203 299 2237 -ηὶεὶ
318 2202 411 2249 quod
436 2206 501 2237 aut
521 2197 696 2248 'praetores
723 2213 765 2236 ex
790 2201 983 2248 provinciis
1009 2199 1212 2241 scriberent,

109 2272 174 2303 aut
190 2267 302 2314 legati
319 2267 581 2307 renunciarent,
602 2265 693 2301 nihil
711 2270 831 2301 ratum
852 2265 972 2300 haberi
992 2264 1125 2299 debere.
1174 2262 1215 2298 Si

111 2331 283 2368 tumultus
311 2332 347 2366 in
372 2329 552 2378 Hispania
581 2334 680 2372 esset,
696 2330 853 2377 placere,
876 2328 1130 2365 tumultuarios
1147 2328 1215 2362 mi-
