1507 2656
320 222 473 250 LIBER
498 219 677 249 XXXVI.
710 219 817 248 CAP.
840 219 1035 249 XXXIII·
1151 218 1234 262 595

126 319 208 344 rum
227 311 389 353 nunciis,
411 311 608 362 pecuniam
628 315 775 359 pactus,
796 308 958 346 insulam
977 309 1127 346 Achaeis
1156 315 1233 350 tra·
1247 313 1290 345 U.
1302 314 1338 344 C.
1358 318 1434 346 562,

127 372 231 409 didit.
289 374 332 410 Id
351 375 546 424 praemium
565 373 656 410 belli
677 385 785 409 suum
813 386 907 416 csse,
931 386 1079 422 aequum
1104 385 1235 409 cense-
1248 359 1288 390 A·
1302 358 1338 389 C·
1360 364 1431 391 ¹⁹²'

125 436 219 473 bant
238 438 423 474 Romani:
462 451 531 474 non
558 440 650 474 enim
669 439 737 475 M'.
754 439 913 474 Acilium
932 440 1106 474 consulem
1127 440 1237 486 legio-

123 513 251 549 nesque
269 503 455 539 Romanas
477 503 665 551 Diophani
690 508 725 539 et
744 504 883 540 Achaeis
903 505 952 539 acl
983 503 1239 551 leermopylas

119 578 307 614 pugnasse.
364 567 587 618 Diophanes
616 568 792 604 adversus
819 568 901 603 haec
927 579 1088 618 purgare
1118 567 1236 603 inter-

124 630 212 666 dum
232 644 312 668 sese
332 638 582 680 gentemque5
615 632 804 668 interdum
831 631 876 668 de
899 631 988 681 jure
1006 631 1099 667 facti
1120 631 1238 668 disse-

124 707 216 732 rere.
275 696 440 733 Quidam
466 696 693 733 Achaeorum
721 703 759 733 et
781 697 892 733 initio
912 709 995 732 eam
1015 705 1054 732 se
1074 708 1152 732 rem
1173 696 1238 732 ad·-

124 766 320 809 spernatos
342 760 594 805 testabantur,
616 767 653 797 et
679 767 770 798 tunc
799 761 1047 812 pertinaciam
1074 760 1240 811 increpi-

122 823 257 859 tabant
275 825 472 874 praetoris:
509 825 804 875 auctoribusque
824 826 868 862 iis
889 825 1084 862 decretum
1103 830 1175 867 est,
1196 829 1240 860 ut

121 886 168 924 Τ.
189 887 372 926 Quinctio
393 901 437 925 ea
456 902 513 925 res
533 890 829 940 permitteretur.
885 889 983 926 Erat
1014 888 1238 931 Quinctius,

123 951 221 987 sicut
246 952 532 990 adversantibus
561 966 682 1004 asper,
704 954 771 998 ita,
793 954 825 990 si
850 954 1016 998 cederes,
1035 953 1133 990 idem
1154 952 1240 1003 pla-

123 1015 267 1052 cabilis.
324 1016 477 1053 Omissa
497 1018 614 1066 igitur
633 1018 882 1055 contentione
902 1019 1004 1055 vocis
1021 1017 1239 1066 vultusque,

121 1081 166 1117 Si
193 1083 333 1124 utilem,
363 1083 500 1130 inquit,
527 1086 782 1131 possessionem
810 1083 883 1131 ejus
914 1086 1040 1122 insulae
1069 1095 1245 1120 censerem·

120 1145 262 1185 Achaeis
285 1158 367 1189 esse,
389 1151 515 1182 auctor
533 1158 639 1182 essem
664 1146 806 1181 senatui
827 1151 1034 1193 populoque
1059 1149 1244 1188 Romano,

121 1215 163 1247 ut
183 1223 263 1247 eam
279 1223 340 1247 vos
358 1212 486 1248 habere
499 1213 668 1248 sinerent.
718 1210 882 1246 Ceteram
900 1212 993 1246 sicut
1014 1211 1241 1253 testudinem,

120 1276 180 1312 ubi
199 1277 358 1312 conlecta
377 1278 412 1313 in
431 1289 534 1313 suum
555 1281 718 1324 tegumen
734 1280 798 1318 est,
816 1280 933 1311 tutam
953 1276 1000 1311 ad
1018 1286 1137 1311 omnes
1151 1276 1245 1311 ictus

121 1342 226 1377 ‘tideo
244 1354 315 1377 esse
325 1358 338 1386 i
367 1342 428 1377 ubi
446 1342 574 1378 exserit
588 1346 715 1389 partes
734 1341 889 1389 aliquas,
910 1341 1154 1389 quodcumque
1171 1351 1242 1376 mt-

123 1406 236 1448 davit,
258 1405 446 1441 obnoxium
465 1410 573 1453 atque
587 1405 770 1454 infirmum
789 1404 935 1450 habere3
968 1404 1066 1440 haud
1086 1404 1241 1440 (tissimi-

125 1470 206 1505 Ziter
225 1482 298 1513 vos,
319 1470 457 1514 Achaei,
478 1471 616 1506 clausos
640 1471 796 1518 undique
821 1471 927 1512 mari,
949 1481 1025 1517 quce
1048 1470 1146 1504 intra
1165 1469 1238 1504 Pe-

124 1533 306 1582 loponnesi
330 1535 402 1569 sint
428 1535 610 1576 terminos,
633 1546 676 1570 ea
701 1538 736 1569 et
756 1533 911 1581 jungere
928 1533 1036 1575 vobis,
1056 1537 1093 1568 et
1106 1531 1239 1578 juncta

125 1601 217 1635 tueri
235 1598 375 1648 facile3
404 1600 512 1635 simul
541 1601 717 1635 ariditate
746 1600 858 1647 plura
888 1599 1131 1647 amplectendi
1159 1597 1243 1633 hinc

123 1665 314 1706 excedatis,
334 1665 433 1699 nuda
457 1664 553 1699 vobis
577 1666 709 1706 omnia,
732 1676 810 1712 quae
834 1668 936 1699 extra
968 1665 1051 1705 sint,
1072 1667 1106 1698 et
1132 1673 1241 1710 expo·

125 1728 195 1763 sita
214 1729 262 1763 ad
281 1739 398 1763 omnes
417 1729 507 1763 ictus
525 1739 606 1764 esse.
663 1726 915 1764 Adsentiente
935 1727 1038 1762 omni
1060 1724 1238 1768 concilio,

125 1803 194 1826 nec
214 1791 418 1841 Diophane
441 1791 538 1828 ultra
556 1791 711 1827 tendere
727 1803 834 1835 auso,
852 1790 1072 1840 Zacynthus
1090 1789 1239 1825 Roma·

125 1855 182 1890 nis
207 1856 379 1892 traditur.

178 1919 380 1956 XXXIII.
410 1920 484 1956 Per
510 1921 610 1956 idem
633 1925 781 1970 tempus
803 1919 1000 1970 Philippus
1022 1931 1101 1962 rex,
1123 1917 1240 1968 profi-

127 1985 329 2020 ciscentem
350 1984 544 2020 consulem
565 1985 613 2028 ad
631 1985 877 2034 Naupactum
904 1989 1186 2034 percunctatus,
1208 1982 1239 2018 si

126 2060 166 2083 se
195 2048 361 2091 interim,
389 2062 471 2098 quae
501 2049 727 2084 defecissent
756 2048 803 2084 ab
834 2050 1016 2085 societate
1046 2049 1237 2091 Romana,

125 2112 235 2148 urbes
263 2113 428 2162 recipere
448 2112 573 2155 vellet,
595 2114 838 2162 permittente
865 2125 925 2156 eo,
947 2114 993 2149 ad
1021 2113 1237 2149 Demetri-a·
1253 2117 1433 2191 Deae—eluas

1252 2169 1284 2190 se
1356 2170 1456 2201 iuppo

127 2176 211 2212 dem
241 2177 367 2225 copias
399 2175 578 2219 admovit,
599 2176 699 2212 haud
726 2177 895 2225 ignaruS,
917 2183 1060 2225 quanta
1086 2176 1138 2212 ibi
1158 2183 1237 2212 tum
1252 2204 1335 2234 dedit

125 2242 362 2292 perturbatio
400 2247 509 2277 essct.
567 2241 754 2277 Destituti
791 2242 890 2277 enim
930 2241 976 2277 ab
1016 2242 1121 2276 omni
1158 2253 1238 2291 spe,

129 2318 243 2355 quum
281 2305 448 2341 desertos
487 2318 525 2341 se
559 2304 605 2341 ab
640 2305 851 2347 Antiocho,
886 2317 991 2355 spem
1023 2303 1166 2340 nullam
1199 2305 1239 2339 in

126 2368 269 2409 :Etolis
302 2381 382 2406 esse
411 2375 622 2413 cernerent,
643 2369 720 2405 dies
748 2375 956 2419 noctesque
981 2374 1045 2406 aut
1071 2367 1242 2420 Philippi
