1507 2656
304 200 458 230 LIBER
482 198 638 228 XXXV·
669 197 776 227 CAP.
798 198 954 229 XXXV·
1099 198 1181 245 541

78 292 114 324 et
132 290 298 325 comitate
321 302 365 326 ac
384 290 599 336 benignitate
624 288 723 324 ducis
740 289 847 324 etiam
864 300 935 324 non
955 287 1184 337 injucundum
1197 293 1240 325 U.
1253 294 1289 325 C.
1305 297 1380 326 560,

65 352 154 400 fieri
173 364 284 400 posse.
340 352 461 388 Educi
494 351 581 387 inde
613 351 831 400 frequenter
860 358 948 388 ante
981 352 1112 390 urbem
1143 338 1378 392 inA'C‘¹⁹⁷’

76 428 250 465 campum
268 416 315 452 ad
330 416 515 452 Eurotam
534 427 684 452 amnem
704 428 866 466 coepere.
914 416 1103 454 satellites
1122 424 1184 469 ty-

76 480 184 515 ranni
204 480 327 516 media
344 480 423 517 fere
442 481 482 517 in
502 481 581 517 acie
601 479 875 524 consistebant,
896 486 1077 530 tyrannus
1098 496 1184 521 cum

74 543 192 579 tribus
230 556 417 580 summum
458 543 662 594 equitibus,
699 545 799 581 inter
835 557 928 594 quos
963 545 1184 596 plerumque

72 606 327 644 Alexamenus
348 615 442 652 erat,
463 615 552 645 ante
571 609 680 658 signa
697 607 934 653 vectabatur,
955 621 1098 646 cornua
1116 622 1182 647 ex-

72 674 194 706 trema
211 671 374 708 invisens
386 688 396 717 3
428 673 467 708 in
488 672 622 708 dextro
642 683 764 709 cornu
782 671 907 708 AEtoli
922 678 1043 716 erant,
1064 678 1102 709 et
1117 673 1182 723 qui

74 738 161 769 ante
181 734 379 771 auxiliares
400 735 548 785 tyranni
565 735 730 779 fuerant,
746 741 784 771 et
803 736 866 785 qui
882 742 1063 772 venerant
1077 736 1182 773 mille

72 808 158 833 cum
177 797 424 835 Alexameno.
479 798 637 835 Fecerat
656 798 728 836 sibi
746 809 890 836 morem
909 799 1181 844 Alexamenus,

71 872 172 896 nunc
192 873 276 897 cum
291 868 454 911 tyranno
470 863 569 900 inter
583 876 722 914 paucos
742 864 891 900 ordines
909 864 1178 908 circumeundi,

71 925 324 974 monendique
343 939 442 970 eum,
459 940 542 976 quae
561 928 599 963 in
619 940 697 964 rem
713 940 794 964 esse
811 927 1036 965 videbantur
1044 944 1056 973 ς
1077 940 1183 965 nunc

70 986 108 1022 in
129 988 301 1025 dextrum
324 1003 442 1026 cornu
471 990 519 1026 ad
551 1003 638 1027 suos
665 990 931 1040 adequitandiJ
960 1004 1051 1027 mox
1074 991 1181 1034 inde,

70 1050 169 1087 velut
196 1052 396 1102 imperato,
418 1054 519 1102 quod
550 1067 608 1090 res
630 1056 881 1104 poposcisset,
909 1055 1115 1105 recipiendi
1137 1067 1182 1090 se

68 1113 116 1149 ad
141 1121 355 1163 tyrannum.
413 1116 499 1159 Sed,
533 1129 644 1165 quem
675 1117 773 1153 diem
799 1118 986 1167 patrando
1014 1117 1178 1154 facinori

68 1184 265 1221 statuerat,
287 1191 332 1215 eo
352 1179 555 1230 paullisper
574 1193 657 1216 cum
679 1186 842 1230 tyranno
860 1187 1042 1225 vectatus,
1059 1193 1175 1230 quum

69 1241 112 1277 ad
134 1254 220 1278 suos
242 1243 504 1286 concessisset,
526 1250 606 1279 tum
627 1244 815 1293 equitibus
846 1244 892 1281 ab
913 1244 1027 1280 domo
1047 1256 1174 1281 secum

65 1305 202 1351 missis,
223 1308 387 1355 Agenda,
419 1308 555 1357 inquit,
586 1321 640 1345 res
665 1314 729 1352 est,
740 1308 900 1355 juvenes,
924 1309 1174 1356 audendaque,

65 1385 172 1421 quam
192 1384 247 1408 me
265 1374 353 1408 duce
371 1374 508 1420 inpigre
532 1374 669 1421 exsequi
678 1372 771 1419 jussi
789 1374 881 1409 estis.
938 1374 1077 1409 Parate
1094 1375 1177 1409 ani-

65 1449 139 1472 mos
157 1437 379 1484 dextrasque,
400 1448 443 1472 ne
459 1438 536 1484 quis
555 1437 592 1472 in
612 1449 663 1478 eo,
685 1438 781 1484 quod
807 1448 861 1472 me
887 1437 1018 1472 viderit
1025 1435 1175 1483 facien·

66 1506 147 1543 tem,
170 1506 287 1536 cesset.
347 1500 418 1541 Qui
441 1500 772 1548 cunctatussuerst,
799 1505 834 1536 et
861 1512 963 1536 suum
989 1501 1175 1536 consilium

62 1576 139 1600 meo
156 1567 369 1613 interponet,
389 1566 480 1600 sciat
506 1565 570 1600 sibi
589 1566 743 1601 reditum
768 1566 816 1601 ad
835 1569 984 1613 penates
1003 1576 1073 1600 non
1091 1576 1173 1600 esse.

65 1628 215 1664 Horror
239 1634 395 1664 cunctos
422 1629 540 1679 cepit:
573 1635 610 1665 et
641 1630 904 1671 meminerant,
925 1641 1010 1664 cum
1037 1628 1174 1677 quibus

64 1693 249 1730 mandatis
267 1693 446 1729 exissent.
502 1693 703 1742 Tyrannus
724 1693 771 1729 ab
792 1693 887 1729 laevo
908 1705 1026 1729 cornu
1044 1692 1172 1728 venie-

62 1757 140 1793 bat.
196 1756 344 1793 Ponere
363 1757 490 1793 hastas
511 1758 653 1806 equites
675 1756 928 1793 Alexamenus
938 1755 1065 1806 jubet,
1080 1762 1117 1791 et
1133 1767 1173 1792 se

63 1820 222 1855 intueri:
246 1819 392 1868 colligit
408 1827 445 1856 et
466 1821 544 1870 ipse
561 1821 728 1856 animum
748 1819 948 1855 confusum
969 1826 1084 1855 tantae
1105 1831 1172 1855 co-

62 1884 247 1931 gitatione
266 1883 332 1920 rei.
388 1883 595 1932 Postquam
627 1882 970 1933 adpropinquabat,
997 1883 1170 1932 inpetum

62 1946 168 1990 facit,
195 1953 247 1990 et,
274 1947 459 1984 transfixo
488 1960 601 1996 equo,
627 1954 831 1997 tyrannum
857 1946 1045 1983 deturbat.
1101 1947 1169 1982 Ja-

61 2017 208 2047 centem
237 2011 380 2060 equites
408 2010 656 2047 confodiunt:
688 2009 816 2046 multis
845 2009 984 2045 frustra
1009 2011 1049 2044 in
1077 2009 1168 2045 lori-

61 2087 142 2110 cam
163 2073 299 2110 ictibus
319 2074 430 2117 datis,
450 2074 603 2110 tandem
628 2074 666 2109 in
693 2073 835 2109 nudum
862 2085 996 2122 corpus
1013 2072 1169 2108 vulnera

59 2144 328 2188 pervenerunt:
360 2144 412 2181 et,
435 2139 653 2188 priusquam
674 2150 703 2187 *a
727 2137 850 2173 media
869 2137 948 2173 acie
968 2136 1166 2173 subcurre-

59 2209 174 2244 retur,
196 2202 413 2252 exspiravit.

112 2265 291 2302 XXXVI
299 2294 306 2302 .
335 2264 587 2302 Alexamenus
605 2278 688 2302 cum
702 2265 876 2302 omnibus
890 2262 1032 2300 AEtolis
1047 2263 1166 2299 citato

60 2330 175 2378 gradu
195 2329 240 2367 ad
256 2330 397 2379 regiam
418 2330 675 2381 occupandam
694 2329 831 2381 pergit.
878 2327 1058 2379 Corporis
1079 2321 1170 2363 cus-⁵
