1523 2666
283 129 368 172 392
731 132 777 160 T.
812 132 944 163 mvn

88 217 531 255 U.C.555.succensebat
560 231 639 255 non
670 221 846 257 inmerito
873 222 1030 267 AEtolis,
1061 224 1111 261 ob
1145 225 1397 263 insatiabilem

85 266 126 296 Α·
141 266 178 297 C'
198 273 269 302 197.
284 283 503 319 aviditatem
532 284 682 333 praedae,
703 293 740 321 et
770 287 1034 335 adrogantiam
1063 302 1208 333 eorum,
1230 291 1397 328 victoriae

281 346 442 396 gloriam
464 348 502 383 in
523 361 561 384 se
582 349 823 399 rapientium,
845 365 927 400 quae
946 354 1115 390 vanitate
1135 367 1203 391 sua
1227 356 1399 391 omnium

281 424 389 447 aures
411 411 665 449 obfendebat:
699 420 736 449 et
761 414 941 465 Philippo
968 417 1133 460 sublato,
1153 417 1283 454 fractis
1313 419 1397 468 opi-

278 473 349 511 bus
386 475 626 512 Macedonici
664 479 784 526 regui,
815 478 968 515 AEtolos
1006 480 1201 517 habendos
1240 481 1397 518 Graeciae

277 538 454 575 dominos
482 540 672 576 cernebat.
731 541 793 577 Ob
824 554 885 577 eas
917 534 1070 579 caussas*
1100 545 1220 581 multa
1249 544 1395 588 sedulo,

276 610 321 639 ut
347 603 497 639 viliores
526 604 762 653 levioresque
784 606 883 655 apud
914 618 1045 643 omnes
1077 614 1202 644 essent
1231 615 1268 645 et
1292 608 1396 645 vide-

274 674 419 709 rentur,
440 666 617 704 faciebat.

326 730 425 767 XII.
455 731 621 768 Induciae
641 733 854 782 quindecim
875 734 1020 771 dierum
1036 735 1132 771 ‹latae
1151 736 1255 771 hosti
1274 742 1395 781 erant,

273 800 312 832 et
341 809 427 832 cum
460 797 544 847 ipso
572 810 662 845 rege
692 799 944 835 constitutum
977 800 1245 848 conloquium:
1287 799 1393 850 cujus

271 861 492 910 priusquam
523 869 670 912 tempus
700 863 860 906 veniret,
888 865 927 899 in
961 864 1162 900 consilium
1195 865 1394 901 advocavit

273 925 410 962 socios.
469 925 632 969 Retulit,
654 939 746 975 quas
766 927 869 976 leges
890 929 992 978 pacis
1012 929 1178 978 placeret
1197 929 1283 965 dici.
1337 929 1393 964 A-

271 990 480 1039 mynander
497 991 758 1028 Athamanum
784 1005 850 1029 rex
869 994 998 1042 paucis
1019 994 1245 1029 sententiam
1266 992 1394 1029 absol-

56 1058 257 1091 consultatio
270 1055 351 1101 vit,
384 1058 436 1091 ita
461 1058 742 1105 componendam
766 1069 895 1106 pacem
923 1069 1007 1101 esse,
1033 1063 1073 1094 ut
1104 1058 1258 1101 Groecz'a,
1285 1059 1395 1094 etiam

55 1103 93 1132 de
109 1112 197 1142 pace·
269 1120 466 1157 absentibus
485 1121 672 1164 Romanis,
692 1124 780 1158 satis
794 1128 922 1171 potens
942 1125 1081 1160 tuendae
1097 1124 1206 1159 simul
1230 1124 1329 1170 pacis
1348 1124 1394 1158 ti-

270 1185 484 1234 bertatisque
502 1192 598 1222 esset.
646 1186 868 1223 AEtolorum
888 1188 1057 1237 asperior
1076 1188 1200 1224 oratio
1219 1187 1305 1230 fuit,
1327 1187 1393 1236 qui

266 1261 389 1299 pauca
417 1249 581 1299 praefati,
602 1256 697 1286 recte
716 1256 824 1299 atque
842 1253 965 1287 ordine
983 1253 1233 1298 imperatorem
1252 1251 1391 1286 Roma-

265 1325 353 1348 num
371 1313 515 1361 facere,
537 1316 643 1362 quod,
666 1327 753 1362 quos
781 1315 864 1351 belli
892 1317 1004 1350 socios
1031 1315 1219 1357 habuisset,
1241 1326 1320 1350 cum
1348 1315 1393 1350 iis

266 1380 546 1415 communicaret
561 1381 665 1427 pacis
684 1381 829 1415 consilia
844 1395 856 1415 .·
873 1379 969 1428 falli
988 1385 1108 1416 autem
1128 1391 1209 1415 eum
1235 1377 1311 1415 tot‘a
1336 1390 1389 1423 re,

264 1443 297 1478 si
315 1448 380 1478 aut
401 1443 573 1479 Romanis
590 1456 731 1492 pacem,
753 1450 817 1480 aut
843 1445 987 1480 Graeciae
1007 1445 1206 1480 libertatem
1223 1443 1391 1492 satisfir·

263 1518 363 1543 mam
381 1520 417 1544 se
436 1510 558 1544 credat
577 1510 802 1551 relicturum,
819 1511 886 1544 nisi
907 1509 1082 1556 Philippo
1098 1514 1162 1544 aut
1181 1511 1306 1549 occiso,
1327 1512 1392 1542 aut

263 1584 374 1619 regno
390 1575 496 1621 pulso
510 1589 522 1609 .·
551 1586 629 1621 qnae
649 1579 802 1622 utraque
817 1574 995 1622 proclivia
1014 1585 1097 1615 esse,
1117 1574 1148 1608 si
1156 1572 1319 1621 fortuna
1338 1573 1393 1608 uti

263 1639 380 1674 vellet.
439 1639 497 1674 Ad
524 1639 607 1674 haec
627 1639 832 1678 Quinctius
860 1651 1014 1687 negare,
1035 1638 1182 1673 AEtolos
1201 1643 1265 1673 aut
1283 1639 1392 1674 moris

264 1701 515 1739 Romanorum.
537 1716 720 1747 memores,
743 1710 807 1740 aut
825 1704 888 1739 sibi
919 1705 1002 1751 ipsis
1028 1704 1290 1739 convenientem
1311 1714 1390 1738 sen-

264 1770 415 1803 tentiam
435 1770 582 1812 dixisse,-
604 1773 639 1804 et
659 1769 740 1804 illos
754 1768 933 1816 prioribus
949 1767 1108 1802 omnibus
1127 1768 1286 1802 conciliis
1305 1778 1388 1803 con-

263 1831 460 1879 loquiisque
480 1834 524 1868 de
543 1834 803 1869 conditionibus
826 1834 928 1881 pacis
945 1844 1093 1879 semper,
1116 1843 1185 1867 non
1204 1836 1245 1867 ut
1264 1832 1313 1867 ad
1332 1832 1388 1867 in-

263 1897 501 1932 ternecionem
529 1897 736 1938 bellaretur,
755 1898 970 1938 disseruisse,
992 1900 1025 1930 et
1047 1896 1239 1937 Romanos,
1257 1900 1390 1942 praeter

260 1962 533 1996 vetustissimum
562 1974 695 1997 onorem
728 1963 831 1997 victis
852 1961 1041 2009 parcendi,
1071 1961 1290 2007 praecipu-um
1318 1959 1389 1995 cle-

260 2027 405 2062 mentiae
433 2028 683 2063 documentum
716 2027 865 2068 dedisse,
884 2037 975 2073 pace
1001 2024 1201 2059 Hannibali
1230 2028 1265 2059 et
1291 2024 1388 2059 Kar-

263 2089 540 2138 thaginiensibus
560 2093 660 2127 slata.
693 2092 866 2126 Otizz'ttere
883 2101 919 2125 se
935 2089 1265 2135 Karthaginienses.
1299 2088 1390 2123 Cum

259 2155 434 2203 Philippo
454 2157 530 2204 ipso
550 2158 686 2204 quoties
704 2162 847 2192 ventum
871 2157 905 2191 in
926 2155 1155 2201 conloquium
1175 2154 1197 2187 ἓ
1228 2165 1290 2188 nec
1307 2165 1387 2189 um-

259 2232 380 2266 quam,
403 2225 443 2256 ut
472 2222 610 2257 cederet
637 2234 760 2268 regno,
783 2226 903 2256 actum
932 2231 1003 2254 esse
1020 2220 1040 2254 Γ)
1068 2220 1141 2259 Αη,
1163 2219 1248 2265 quia
1276 2219 1390 2253 victus

257 2285 384 2331 praelio
403 2284 522 2334 foret,
546 2286 761 2335 inexpiabile
779 2284 1069 2333 bellnmfactum
1085 2285 1106 2318 ‚9
1137 2282 1228 2317 Cum
1246 2286 1387 2318 armato
