1507 2656
357 199 512 227 LIBER
536 197 705 226 xxvu.
736 196 844 225 CAP.
869 197 939 224 lx.
1163 192 1212 237 17

99 289 194 326 Haec
208 296 293 325 acta
311 289 350 325 in
366 288 549 325 conciliis.
604 285 782 336 Triginta
800 294 881 323 tum
899 286 1058 322 coloniae
1079 284 1211 336 populi
1225 286 1266 316 U.
1282 285 1318 316 C.
1334 292 1409 318 543.

96 353 264 390 Romani
289 358 421 389 eraut:
455 365 502 388 ex
528 353 572 388 iis
592 352 804 394 duodecim,
826 364 942 400 quum
962 351 1131 386 omnium
1158 349 1211 386 le-

1223 330 1264 359 A.
1277 329 1314 359 C.
1331 336 1407 363 209.

1225 383 1370 413 Coloniae

94 417 267 466 gationes
287 416 422 453 Romae
451 422 590 458 essent,
610 422 846 464 negaverunt
874 414 1092 451 consulibus
1116 426 1211 457 esse,
1224 427 1398 456 duodecim

94 481 192 516 unde
211 480 349 516 milites
369 481 644 530 pecuniamque
664 480 808 515 darent.
864 479 932 514 Eae
951 478 1056 514 fuere
1070 477 1210 520 Ardea,
1225 476 1343 507 negant
1358 478 1391 498 ³⁶

1224 513 1349 541 daturas
1366 511 1427 542 mi·

91 543 255 594 Nepete,
277 544 458 587 Sutrium,
475 543 589 584 Alba,
612 542 796 585 Carseoli,
819 543 933 585 Cora,
956 542 1105 584 Suessa,
1128 542 1293 584 Cir-lites
1310 556 1375 585 Ro-

91 608 175 650 ceii,
198 608 314 650 Setia,
332 607 457 650 Cales,
475 607 636 650 Narnia,
656 607 886 642 Interamna.
933 606 1047 641 Nova
1062 618 1101 640 re
1118 618 1210 641 con·
1224 599 1340 628 mani&

90 671 187 708 sules
207 671 287 714 icti,
308 684 424 720 quum
444 671 653 707 absterrere
669 683 733 707 eos
755 684 777 706 a
791 677 867 706 tam
885 669 1100 706 detestabili
1116 681 1209 705 con-

88 734 173 771 silio
202 735 355 779 vellent,
387 735 609 785 castigando
638 735 944 785 increpandoque
973 733 1071 784 pluS,
1095 746 1209 783 quam
1221 731 1425 769 Castigantur

87 798 224 835 leniter
243 800 405 848 agendo,
426 799 663 850 profecturos
690 799 777 842 rati,
798 811 855 835 eos
873 811 977 834 ausos
995 810 1064 834 esse
1084 810 1210 834 consu-

86 862 177 898 libus
195 864 324 906 dicere,
345 863 512 907 aiebant,
533 865 628 912 quod
653 864 822 905 consules,
844 864 879 898 in
903 867 1030 898 senatu
1055 867 1096 898 ut
1120 874 1210 910 pro-

86 928 315 969 nunciarent,
332 929 368 962 in
387 930 549 963 animum
569 929 735 963 inducere
754 939 825 962 non
841 931 1008 975 possent:
1028 938 1098 962 non
1116 928 1210 964 enim

86 991 383 1027 detractationem
402 1004 481 1027 eam
500 1004 684 1028 munerum
711 993 862 1033 mlittae,
883 993 944 1027 sed
962 996 1125 1039 apertam
1145 993 1207 1027 de-

75 1053 277 1103 fectionem
291 1068 315 1091 a
326 1057 462 1104 populo
479 1056 645 1092 Romano
661 1068 743 1092 esse.
792 1056 966 1091 Redirent
981 1057 1104 1104 itaque
1120 1067 1208 1104 pro·

82 1131 170 1168 pere
188 1122 225 1156 in
244 1121 413 1163 colonias,
435 1126 483 1163 et,
503 1126 688 1169 tamquam
714 1123 855 1168 integra
873 1133 924 1163 re,
947 1121 1059 1157 locuti
1077 1122 1206 1168 magis,

84 1196 190 1232 quam
208 1186 299 1228 ausi,
322 1190 462 1221 tantum
481 1185 596 1234 nefas,
617 1198 695 1222 cum
713 1188 786 1222 suis
804 1187 1052 1222 consulerent:
1079 1187 1207 1221 admo·

83 1253 219 1291 nerent,
240 1261 308 1285 non
337 1250 551 1298 Campanos,
579 1262 692 1299 neque
718 1251 929 1286 Tarentinos
953 1262 1010 1286 eos
1034 1262 1117 1292 esse,
1144 1250 1208 1286 sed

84 1312 290 1356 Romanos,·
324 1315 406 1350 inde
437 1316 618 1358 oriundos,
652 1317 733 1351 inde
766 1317 802 1351 in
834 1316 992 1352 colonias
1029 1320 1137 1362 atque
1168 1316 1207 1350 in

81 1389 209 1424 agrum
228 1378 319 1413 bello
334 1384 478 1426 captum
492 1381 615 1427 stirpis
628 1381 800 1427 augendae
815 1392 940 1416 caussa
955 1381 1101 1415 missos:
1129 1391 1208 1427 quae

83 1441 184 1477 liberi
208 1442 416 1488 parentibus
443 1443 618 1485 deberent,
640 1456 682 1479 ea
709 1445 790 1479 illos
809 1444 984 1479 Romanis
1012 1443 1146 1484 debere,
1176 1443 1208 1478 si

79 1505 157 1541 ulla
172 1507 301 1553 pietas,
321 1507 352 1542 si
372 1509 541 1543 memoria
560 1509 718 1556 antiqua:
732 1510 865 1556 patriae
879 1514 976 1544 esset.
1036 1508 1207 1543 Consule-

81 1575 159 1606 rent
185 1572 295 1618 igitur
313 1573 357 1608 de
386 1573 549 1619 integro:
577 1586 675 1615 nam,
708 1578 783 1609 tum
805 1575 946 1622 quidem
967 1585 1044 1620 quae
1074 1577 1204 1608 temere

80 1636 288 1681 agitwssent,
327 1648 369 1672 ea
412 1638 590 1684 prodendi
630 1640 774 1686 imperit
810 1639 982 1680 Romani,
1022 1638 1204 1673 tradendae

81 1698 283 1735 Hannibali
302 1701 458 1737 victoria>
483 1713 565 1737 esse-
621 1702 751 1737 Quum
775 1701 931 1735 alternis
956 1702 1038 1734 haec
1064 1714 1203 1735 cousu-

82 1760 135 1797 les
156 1761 219 1797 diu
239 1760 464 1810 jactassent,
486 1761 581 1798 nihil
610 1763 704 1798 moti
735 1762 864 1811 legati,
888 1775 1001 1811 neque
1028 1775 1077 1805 se,
1108 1764 1204 1810 quod

41 1867 43 1869 ¹
83 1828 226 1862 domum
247 1830 510 1869 renunciarent,
533 1828 671 1870 habere,
694 1827 883 1869 dixerunt,
904 1839 1016 1875 neque
1039 1832 1204 1863 senatum

80 1903 195 1933 suum,
213 1893 299 1938 quid
317 1893 399 1928 novi
418 1893 629 1934 consuleret,
647 1893 704 1928 ubi
720 1904 782 1928 nec
799 1893 911 1933 miles,
929 1894 988 1940 qui
1009 1893 1200 1940 legeretur,

80 1966 144 1991 nec
159 1957 324 2003 pecunia,
347 1968 424 2003 quae
442 1957 591 1991 daretur
609 1958 643 1991 in
666 1957 896 2003 stipendium,
917 1961 1014 1992 esset.
1072 1956 1201 1995 Quum

82 2018 294 2055 obstinatos
332 2032 396 2055 eos
426 2021 596 2056 viderent
625 2020 812 2062 consules,
844 2033 920 2055 rem
952 2020 998 2055 ad
1028 2026 1201 2056 senatum

82 2083 318 2119 detulerunt:
352 2084 414 2120 ubi
435 2091 562 2120 tantus
583 2097 701 2134 pavor
720 2085 854 2120 animis
875 2085 1045 2119 omnium
1065 2091 1121 2120 est
1141 2084 1199 2119 in-

75 2145 216 2196 jectus,
243 2154 285 2183 ut
313 2161 451 2196 magna
488 2162 587 2198 parS,
619 2155 738 2185 actum
766 2151 809 2185 de
838 2151 1001 2197 imperio,
1032 2149 1196 2184 diceret:

81 2212 176 2247 idem
199 2213 292 2248 alias
323 2214 480 2250 colonias
501 2214 699 2262 factunm,-
729 2215 823 2250 idem
849 2216 959 2249 socios
992 2214 1200 2249 consensisse

84 2286 212 2318 omnes,
233 2277 282 2312 acl
297 2279 521 2325 prodendam
541 2279 740 2315 Hannibali
758 2278 878 2314 urbem
899 2278 1113 2313 Romanam.

137 2337 187 2376 X.
220 2339 403 2377 Consules
423 2341 568 2379 hortari
599 2349 635 2379 et
656 2340 845 2378 consolari
876 2346 1063 2383 senatum,
1084 2347 1122 2376 et
1141 2339 1197 2376 din

1221 784 1239 805 a
1255 783 1336 805 COSS·
