1523 2666
39 270 83 301 U.
95 270 131 301 C.

38 314 78 343 A.
95 314 120 344 C

35 914 194 954 Oppidani

36 959 76 987 ad
95 959 188 988 inter-

36 1002 206 1032 necionem

35 1043 192 1075 delentur.

25 2003 173 2034 Castulo-

26 2057 101 2076 nem
119 2048 173 2076 de-

24 2090 145 2120 dztione
164 2100 209 2119 re-

24 2133 113 2172 cipit.

151 276 223 303 546.

126 336 132 343 .
149 319 222 345 ¹206.

247 183 324 214 112
701 185 747 213 T.
775 185 906 214 LIVII

237 277 326 314 tem,
350 272 437 320 quia
457 284 549 322 rupe
578 273 733 322 praealta
759 275 972 322 tegebatur,
995 288 1115 325 neque
1136 290 1249 327 opere
1280 277 1355 314 ullo

237 337 437 379 munitam,
459 344 495 372 et
526 337 572 372 ab
601 337 862 374 defensoribus
891 353 1070 376 vacuam:
1104 341 1241 377 levium
1272 355 1356 378 cor—

235 413 371 449 porum
395 402 584 443 homines,
612 409 649 437 et
679 402 797 438 multa
827 405 1099 440 exercitatione
1130 407 1354 454 pernicium,

236 464 362 500 clavos
384 478 509 502 secum
531 465 672 502 ferreos
694 474 904 516 portantes,
926 482 1000 518 qua
1025 483 1092 519 per
1120 469 1356 518 inaequaliter

236 530 442 566 eminentia
475 532 577 580 rupis
612 538 804 580 poterant,
837 534 1046 570 scandunt:
1090 535 1211 570 sicubi
1244 534 1356 570 nimis

235 593 393 629 arduum
414 600 451 629 et
471 593 550 629 leve
571 606 701 629 saxum
720 595 962 638 obcurrebat,
980 597 1106 633 clavos
1123 610 1191 648 per
1207 597 1357 633 modica

234 657 433 693 intervalla
452 658 624 706 figentes,
646 671 759 706 quum
783 659 883 695 velut
907 659 1043 707 gradus
1065 660 1257 703 fecissent,
1278 662 1356 710 pri-

233 721 284 756 mi
305 728 503 770 sequentes
526 722 766 758 extrahentes
789 736 917 766 manu,
943 725 1124 773 postremi
1154 723 1355 760 sublevan-

232 791 290 820 tes
318 798 397 828 eos,
432 787 497 835 qui
530 787 722 836 praeirent,
758 788 794 822 in
830 800 1018 822 summum
1049 787 1234 823 evadunt:
1267 788 1354 824 inde

234 848 438 885 decurrunt
468 863 553 885 cum
584 850 749 886 clamore
783 852 819 886 in
851 851 979 886 urbem
1008 850 1092 901 jam
1125 858 1274 900 captam
1304 851 1352 887 ab

233 911 433 949 Romanis.
489 913 588 948 Tum
620 926 708 949 vero
735 914 924 963 adparuit,
955 914 1002 950 ab
1032 915 1088 950 ira
1116 922 1154 950 et
1185 915 1231 950 ab
1262 915 1351 951 odio

233 978 363 1014 urbem
385 978 643 1028 obpugnatam
674 992 778 1015 csse:
812 993 924 1015 nemo
944 980 1115 1029 capiendi
1144 980 1263 1023 vivos,
1284 994 1352 1016 ne-

232 1055 309 1085 m0,
331 1043 548 1091 patentibus
569 1044 615 1079 ad
635 1044 886 1092 direptionem
908 1044 1097 1086 omnibus,
1115 1044 1250 1094 praedae
1271 1057 1348 1080 me-

231 1119 315 1142 mor
341 1114 409 1143 est.
467 1107 676 1142 Trucidant
705 1108 863 1143 inermes
887 1106 1003 1157 juxta
1029 1114 1142 1156 atque
1168 1115 1350 1152 armatos,

228 1172 389 1208 feminas
411 1173 551 1221 pariter
569 1184 612 1208 ac
632 1172 755 1207 viros:
783 1184 900 1220 usque
921 1172 965 1207 ad
988 1171 1189 1208 infantium
1210 1173 1350 1209 caedem

230 1236 285 1271 ira
306 1235 464 1272 crudelis
482 1237 664 1285 pervenit.
723 1236 856 1284 Ignem
875 1236 1009 1271 deinde
1028 1237 1137 1272 tectis
1158 1236 1350 1286 injiciunt,

230 1313 273 1335 ac
303 1300 469 1343 diruunt,
503 1314 585 1349 quae
616 1300 790 1336 incendio
825 1300 972 1336 absumi
1004 1308 1219 1348 nequeunt:
1253 1301 1347 1336 adeo

228 1364 389 1411 vestigia
409 1377 559 1412 quoque
589 1364 691 1399 urbis
713 1364 968 1412 exstinguere,
990 1376 1033 1399 ac
1053 1363 1175 1400 delere
1204 1377 1347 1400 memo-

229 1428 323 1463 riam
353 1429 521 1464 hostium
560 1429 671 1470 sedis,
711 1428 812 1464 cordi
851 1436 919 1464 est.
978 1428 1223 1464 Castulonem
1260 1429 1347 1465 inde

229 1493 356 1542 Scipio
378 1494 583 1528 exercitum
613 1493 739 1528 ducit:
775 1506 885 1541 quam
916 1492 1045 1528 urbem
1076 1505 1151 1528 non
1180 1492 1346 1542 Hispani

226 1557 340 1592 modo
362 1569 554 1600 convenae,
577 1558 641 1593 sed
662 1558 794 1593 Punici
826 1558 939 1593 etiam
963 1558 1148 1593 exercitus
1169 1570 1214 1593 ex
1234 1557 1343 1593 dissi-

225 1627 313 1669 pata
341 1622 480 1670 passim
509 1621 599 1669 fuga
630 1621 795 1669 reliquiae
826 1621 1075 1656 tutabantur:
1110 1621 1173 1656 sed
1203 1620 1343 1656 adven-

226 1690 304 1719 turn
328 1685 514 1735 Scipionis
536 1692 768 1735 praevenerat
797 1685 897 1720 fama
918 1685 1032 1720 cladis
1064 1684 1342 1733 Illiturgitano-

225 1761 321 1789 rum,
345 1755 540 1797 terrorque
566 1748 655 1784 inde
681 1761 723 1784 ac
751 1749 962 1798 desperatio
991 1749 1201 1793 invaserat,
1235 1756 1274 1785 et
1302 1749 1340 1784 in

225 1812 377 1847 diveisis
405 1814 560 1855 caussis,
589 1826 703 1861 quum
735 1813 805 1848 sibi
837 1814 992 1861 quisque
1020 1812 1235 1848 consultum
1261 1813 1343 1849 sine

224 1873 376 1911 alterius
398 1883 569 1925 respectu
586 1876 712 1919 vellet,
733 1878 855 1926 primo
875 1877 992 1912 tacita
1013 1877 1192 1925 suspicio,
1209 1876 1342 1912 deinde

223 1948 353 1989 aperta
380 1941 568 1976 discordia
598 1941 848 1976 secessionem
874 1941 973 1976 inter
999 1940 1337 1988 Karthaginienses

223 2009 336 2051 atque
368 2003 560 2053 Hispanos
596 2003 697 2039 fecit.
755 2003 827 2039 His
863 2003 1109 2039 Cerdubellus
1142 2003 1339 2053 propalam

222 2067 423 2103 deditionis
444 2074 587 2103 auctor.
618 2067 788 2103 Himilco
809 2067 959 2102 Punicis
981 2066 1224 2103 auxiliaribus
1242 2081 1338 2118 prae-

222 2137 301 2167 erat
321 2145 327 2165 z
361 2145 454 2180 quos
477 2132 694 2180 urbemque,
717 2132 811 2167 elam
840 2131 910 2167 fide
941 2139 1108 2182 accepta,
1131 2132 1337 2168 Cerdubel-

220 2194 277 2230 lus
307 2194 487 2231 Romano
515 2196 653 2245 prodit.
709 2195 846 2231 Minor
876 2208 919 2232 ea
948 2197 1106 2232 victoria
1138 2196 1233 2231 fuit:
1267 2209 1339 2232 nec

220 2261 455 2297 tantumdem
475 2274 585 2297 noxae
607 2262 809 2297 admissum
830 2268 923 2306 erat,
945 2268 982 2298 et
1005 2261 1240 2310 aliquantum
1270 2262 1335 2298 irae

219 2323 379 2360 lenierat
401 2323 613 2361 voluntaria
632 2324 786 2362 dedjtio.
