1507 2656
304 184 457 212 LIBER
480 183 659 213 XXXIV.
677 182 798 214 ‚CAR
820 183 928 212 XIV.
1089 183 1174 225 449

64 285 130 310 nes
143 271 272 324 jussit.
334 275 496 322 Tempus,
517 272 654 322 inquit,
671 273 767 321 quod
781 284 872 320 saepe
887 273 1048 320 optastis,
1065 273 1174 314 venit,
1189 273 1229 303 U·
1244 272 1282 302 C·
1297 276 1370 307 5⁵7·

65 351 134 387 quo
154 338 248 376 vobis
272 343 430 386 potestas
448 340 558 388 fieret
579 339 748 374 virtutem
772 342 929 374 vestram
958 338 1176 374 ostendendi.
1189 316 1372 400 ggtco'nsssffl'

66 403 196 440 Adhuc
220 405 432 452 praedonum
458 405 583 451 magis,
615 415 723 451 quam
747 403 970 445 bellantium,
997 402 1290 444 militastisoratjo
1305 412 1344 442 ad

65 480 162 504 more
173 485 185 511 ,·
213 479 306 504 nunc
320 464 423 513 justa
445 479 570 515 pugna
590 467 704 503 hostes
723 479 803 503 cum
823 467 977 503 hostibus
993 467 1181 503 conseretis
1192 455 1323 508 ¹¹}ffltes·

66 544 234 568 manum:
261 543 330 567 non
350 544 455 580 agros
473 532 555 568 inde
573 533 758 580 populari,
777 534 837 568 sed
859 532 997 568 urbium
1021 543 1104 579 opes
1121 542 1182 566 ex-

67 597 214 632 haurire
233 595 360 632 licebit.
419 596 551 632 Patres
579 598 705 639 nostri,
734 609 842 645 quum
871 597 1053 644 Hispania
1083 595 1184 630 Kar-

68 659 358 707 thaginiensium,
389 664 424 695 et
453 662 683 708 imperatores
711 661 757 697 ibi
786 666 822 697 et
853 662 1025 697 exercitus
1056 664 1182 702 essent,

68 725 137 773 ipsi
151 725 289 760 nullum
309 725 570 772 imperatorem,
591 726 710 761 nullos
728 727 765 760 in
785 737 828 761 ea
848 726 977 761 milites
995 725 1183 768 haberent,-

72 795 191 825 tamen
217 790 350 825 addere
375 790 439 826 hoc
459 791 495 826 in
513 789 657 838 foedere
675 791 877 831 voluerunt,
901 790 949 825 Ut
969 791 1110 837 imperii
1128 789 1185 824 sui.

71 853 193 890 Iberus
198 854 337 903 fluvius
363 859 449 890 esset
465 854 566 903 finis.
623 855 744 897 Nunc,
772 866 880 902 quum
907 855 977 889 duo
999 857 1183 901 proetores,

71 931 176 967 quum
198 920 332 961 consul,
354 932 460 967 quum
487 924 558 956 tres
582 921 756 956 exercitus
780 919 939 955 Romani
967 919 1187 966 Hispaniam

70 985 267 1027 obtineant,
300 985 657 1033 Karthaginiensium
679 985 762 1032 jam
789 997 901 1034 prope
933 985 1051 1021 decem
1084 985 1189 1020 annis

70 1061 171 1085 nemo
191 1051 228 1085 in
247 1049 300 1085 his
317 1052 512 1097 provinciis
528 1052 587 1092 sit,
609 1052 798 1098 imperium
816 1050 912 1085 nobis
934 1051 1025 1084 citra
1047 1049 1190 1085 Iberum

71 1115 240 1150 amissum
257 1120 320 1151 est.
363 1115 444 1150 Hoc
458 1117 569 1151 armis
587 1121 622 1151 et
640 1117 773 1151 virtute
791 1115 1006 1162 recuperetis
1023 1117 1164 1161 oportet
1177 1129 1190 1149 .-

72 1183 108 1214 εἰ
125 1180 320 1221 nationem,
341 1180 571 1216 rebellantem
596 1181 712 1227 magis
737 1184 877 1221 temere,
897 1191 1004 1226 quam
1024 1183 1190 1214 constan·

76 1247 130 1278 ter
147 1243 348 1285 bellantem,
361 1241 505 1291 jugum,
527 1256 596 1292 quo
615 1256 650 1279 se
669 1245 779 1285 exuit,
801 1245 963 1291 accipere
986 1254 1108 1278 rursus
1130 1253 1190 1277 co-

75 1309 183 1354 gatis.
240 1306 287 1342 In
305 1307 407 1343 hunc
423 1307 577 1343 modum
596 1307 759 1342 maxime
779 1306 1003 1342 adhortatus
1020 1317 1190 1356 pronun-

78 1371 167 1415 ciat,
196 1383 236 1407 se
257 1379 370 1408 nocte
396 1372 442 1409 ad
468 1378 592 1409 castra
619 1372 787 1410 hostium
815 1370 1039 1407 ducturum:
1072 1370 1126 1406 ita
1145 1368 1192 1406 ad

77 1448 238 1486 corpora
258 1438 423 1473 curanda
443 1437 600 1474 dimissi.

131 1500 243 1537 XIV.
272 1501 401 1537 Nocte
421 1502 557 1544 media,
575 1514 689 1550 quum
711 1502 880 1552 auspicio
897 1514 1051 1552 operam
1069 1499 1193 1536 dedis·

79 1571 150 1607 set,
180 1565 389 1615 profectus,
429 1572 470 1601 ut
503 1564 643 1607 locum,
674 1578 785 1614 quem
818 1565 944 1608 vellet,
976 1565 1195 1614 priusquam

78 1628 207 1665 hostes
228 1630 426 1672 sentirent,
448 1636 614 1678 caperet,
635 1636 773 1679 praeter
792 1637 914 1665 castra
935 1629 1101 1664 hostium
1122 1627 1195 1663 cir-

80 1693 286 1736 cumducit,
307 1700 344 1729 et
363 1694 486 1743 prima
511 1692 608 1736 luce,
635 1693 716 1729 acie
746 1694 946 1735 instructa,
977 1692 1046 1728 sub
1073 1693 1197 1742 ipsum

80 1757 218 1794 vallum
251 1764 325 1793 tres
360 1757 536 1793 cohortes
564 1757 694 1793 mittit.
751 1756 940 1793 Mirantes
967 1756 1118 1792 barbari
1149 1754 1197 1791 ab

81 1829 190 1871 tergo
211 1822 427 1874 adparuisse
444 1821 676 1864 Romanum,
695 1821 903 1857 discurrere
923 1822 993 1871 ipsi
1015 1820 1061 1856 ad
1082 1833 1199 1856 arma.

81 1888 241 1924 Interim
269 1887 401 1924 consul
430 1888 529 1938 apud
554 1897 668 1930 suOS,'
686 1888 889 1936 Nusquam,
909 1889 977 1923 nisi
999 1889 1035 1923 in
1056 1888 1198 1927 virtute,

80 1965 157 2002 spes
185 1958 248 1996 est,
276 1955 419 1995 milites,
444 1953 580 2001 iuquit,
602 1958 637 1989 et
665 1966 729 2000 ego
756 1954 892 1995 sedulo,
916 1965 960 1988 ne
985 1956 1085 1993 esset,
1096 1951 1176 1999 feci
1191 1968 1201 1987 .-

80 2021 176 2055 inter
195 2024 312 2055 castra
339 2024 463 2055 nostra
488 2024 523 2054 et
548 2031 611 2054 nos
638 2020 749 2054 medii
775 2018 910 2053 hostes:
939 2017 984 2053 ab
1005 2022 1103 2064 tergo
1123 2016 1202 2051 hos-

85 2085 174 2120 tium
203 2096 289 2131 ager
318 2088 394 2120 est:
423 2084 518 2131 quod
545 2083 840 2130 pulcherrimum,
865 2084 960 2117 idem
989 2082 1205 2117 tutissimum

85 2152 149 2190 est,
170 2149 207 2183 in
225 2149 359 2183 virtute
376 2159 475 2194 spem-
491 2148 650 2195 positam
670 2146 809 2182 habere.
867 2144 945 2181 Sub
965 2145 1045 2180 haec
1066 2144 1204 2179 cohor·

86 2219 141 2248 tes
168 2212 283 2262 recipi
306 2211 433 2261 jubet,
456 2219 497 2247 ut
524 2210 706 2246 barbaros
737 2209 980 2245 simulatione
1006 2209 1106 2256 fugae
1137 2207 1203 2243 eli-

87 2283 200 2313 ceret.
257 2275 314 2319 Id,
336 2275 436 2325 quod
461 2275 686 2318 crediderat,
710 2275 856 2310 evenit:
898 2273 1136 2323 pertimuisse
1167 2278 1204 2307 et
1219 2264 1336 2295 Hfflfflss
1353 2264 1391 2292 “d

89 2343 221 2381 cedere
251 2341 323 2378 rati
354 2340 567 2383 Romanos,
598 2347 710 2391 porta
742 2346 967 2390 erumpunt:
1001 2344 1052 2380 et,
1083 2349 1204 2387 quan·
1216 2315 1360 2381 ξιῖξῖἰλω
