1523 2666
114 286 208 317 U.C.
221 291 281 318 560

115 330 194 360 A.C
243 337 260 362 9

119 1055 233 1086 Atilius

119 1106 230 1129 contra

120 1141 229 1171 Nabin

118 1184 247 1215 missus.

126 1632 277 1681 Res‘His-

125 1685 240 1717 paniae.

306 194 393 239 524
759 197 803 224 T.
828 196 960 225 mvn

285 284 466 321 ·invasit:
499 284 631 334 praedae
658 284 780 320 minus
812 284 1004 321 inventum
1034 291 1104 327 est,
1131 284 1230 334 quod
1255 285 1412 321 subinde

286 348 428 399 ‘spolia
450 361 626 397 agrorum
652 356 764 399 capta
788 349 920 385 domos
948 349 1162 385 mittebant.
1217 348 1411 384 Minucius

281 455 284 458 ,
306 411 403 448 nihil
422 412 555 448 deinde
588 412 793 448 laxamenti
820 412 994 448 hostibus
1022 412 1142 449 dedit:
1176 425 1221 448 ex
1241 424 1332 460 agro
1351 410 1416 446 Pi-

308 488 402 512 sano
427 477 465 512 in
493 476 651 525 Ligures
681 475 886 526 profectus,
908 476 1062 513 castella
1086 477 1265 525 vicosque
1284 487 1416 511 eorum

307 541 388 588 igni
418 539 592 589 ferroque
619 539 954 589 pervastavitz'ibi
981 540 1107 589 praeda
1135 540 1312 581 Etrusca,
1332 551 1415 586 quae

308 604 422 639 missa
442 616 464 638 a
481 601 768 653 populatoribus
789 601 927 645 fuerat,
947 602 1111 652 repletus
1131 609 1188 638 est
1206 602 1312 638 miles
1332 601 1415 638 Ro-

308 677 454 702 manus.

361 727 500 764 XXII.
532 727 608 764 Sub
636 728 734 764 idem
763 733 910 777 tempus
940 727 1055 776 legati
1082 726 1128 764 ab
1156 726 1307 775 regibus
1334 726 1416 762 Ro-

307 804 407 828 mam
427 797 683 828 reverterunt:
716 792 780 840 qui
800 804 914 840 quum
934 791 1043 833 nihil,
1066 791 1167 839 quod
1187 791 1277 826 satis
1294 796 1418 826 matu-

310 868 389 892 ram
415 867 585 892 caussam
617 854 707 891 belli
736 854 908 897 haberet,
933 854 1007 890 nisi
1036 854 1211 890 adversus
1239 853 1419 890 Lacedae-

310 919 481 955 monium
501 925 718 968 tyrannum,
743 917 980 961 adtulissent,
1002 930 1113 966 quem
1140 922 1178 952 et
1204 917 1335 952 Achaei
1364 916 1418 952 le-

311 983 391 1032 gati
410 982 644 1019 nunciabant
662 989 795 1018 contra
818 981 941 1018 foedus
967 982 1196 1017 maritimam
1217 993 1323 1017 oram
1340 980 1419 1017 La-

311 1059 450 1083 conum
469 1045 713 1096 obpugnare,
745 1045 886 1082 Atilius
912 1052 1051 1095 praetor
1073 1057 1159 1080 cum
1184 1043 1301 1080 classe
1330 1045 1421 1080 mis-

312 1122 372 1146 sus
399 1116 456 1146 est
488 1110 526 1145 in
554 1109 741 1145 Graeciam
770 1109 817 1145 ad
844 1109 966 1145 socios
988 1107 1162 1144 tuendos.
1219 1107 1419 1150 Consules,

312 1174 463 1223 quando
482 1173 578 1209 nihil
603 1172 649 1209 ab
670 1173 866 1208 Antiocho
892 1173 1064 1215 instaret,
1092 1171 1279 1221 proficisci
1306 1171 1420 1208 ambo

312 1238 352 1274 in
381 1238 594 1287 provincias
625 1237 779 1287 placuit.
836 1236 1031 1272 Domitius
1061 1235 1108 1272 ab
1129 1235 1318 1278 Arimino,
1349 1248 1424 1284 qua

312 1302 526 1352 proximum
546 1301 632 1343 fuit,
654 1301 857 1339 Quinctius
891 1313 957 1350 per
979 1299 1139 1348 Ligures
1160 1300 1199 1335 in
1219 1299 1337 1335 Boios
1358 1312 1421 1336 ve-

312 1366 382 1402 nit.
429 1365 520 1401 Duo
541 1364 738 1401 consulum
759 1365 910 1413 agmina
931 1364 1076 1400 diversa
1095 1363 1170 1400 late
1186 1376 1317 1412 agrum
1331 1364 1422 1400 hos-

313 1429 407 1465 tium
428 1434 710 1479 pervastarunt:
743 1429 866 1479 primo
886 1429 1030 1477 equites
1051 1440 1179 1464 eorum
1208 1428 1318 1478 pauci
1339 1441 1424 1465 cum

313 1492 516 1542 praefectis,
534 1492 668 1528 deinde
686 1493 879 1528 universus
896 1498 1062 1535 senatus,
1080 1498 1271 1542 postremo
1290 1493 1330 1528 in
1343 1493 1425 1541 qui-

314 1555 384 1592 bus
416 1563 480 1592 aut
508 1556 663 1592 fortuna
689 1556 827 1606 aliqua,
849 1563 915 1592 aut
945 1556 1109 1604 dignitas
1140 1562 1234 1599 erat,
1255 1556 1302 1592 ad
1323 1555 1426 1593 mille

316 1621 515 1669 quingenti
534 1621 580 1656 ad
600 1620 771 1657 consules
792 1620 1091 1668 transfugerunt.
1137 1619 1190 1656 Εἰ
1210 1620 1248 1656 in
1269 1626 1427 1669 utraque

317 1684 509 1735 Hispania
533 1698 578 1721 eo
611 1697 712 1721 anno
746 1697 803 1720 res
838 1697 1016 1734 prospere
1046 1691 1184 1733 gestae:
1216 1697 1304 1720 nam
1324 1690 1362 1720 et
1382 1685 1426 1721 C.

317 1747 525 1786 Flaminius
547 1749 728 1799 oppidum
741 1748 957 1791 Litabrum,
978 1748 1165 1783 munitum
1186 1747 1428 1797 opulentum-

317 1825 404 1861 que,
425 1813 542 1848 vineis
564 1812 808 1862 expugnavit,
828 1818 864 1847 et
880 1811 1048 1847 nobilem
1068 1810 1238 1859 regulum
1259 1811 1428 1847 Corribi-

317 1875 445 1911 lonem
475 1876 599 1912 vivum
627 1876 751 1925 cepit:
784 1881 822 1910 et
852 1874 909 1911 M.
930 1874 1083 1910 Fulvius
1112 1874 1315 1924 proconsul
1344 1888 1429 1911 cum

319 1938 466 1974 duobus
491 1938 718 1974 exercitibus
746 1938 915 1973 hostium
934 1937 1009 1973 duo
1029 1937 1192 1973 secunda
1220 1938 1355 1986 proelia
1374 1938 1430 1974 fe·

321 2003 392 2046 cit3
426 2002 565 2051 oppida
589 2002 663 2037 duo
684 2001 959 2052 Hispanorum,
981 2001 1192 2037 Vesceliam
1216 2001 1430 2038 Holonem-

316 2077 407 2114 que,
422 2071 460 2100 et
480 2064 634 2101 castella
654 2065 772 2100 multa
792 2065 1042 2114 expugnavit:
1077 2064 1151 2100 alia
1170 2064 1364 2101 voluntate
1385 2066 1432 2102 ad

321 2141 407 2164 eum
427 2128 666 2164 defecerunt:
699 2134 780 2164 tum
800 2129 838 2163 in
859 2128 1048 2164 Oretanos
1070 2140 1301 2178 progressuS‚
1324 2135 1361 2164 et
1379 2129 1434 2165 ibi

323 2191 468 2228 duobus
486 2193 629 2242 potitus
647 2193 808 2242 oppidis,
830 2192 975 2229 Noliba
995 2199 1032 2229 et
1053 2193 1198 2235 Cusibi,
1220 2192 1267 2228 ad
1282 2192 1431 2241 Tagum

322 2268 472 2292 amnem
489 2258 542 2291 ire
561 2257 694 2306 pergit.
752 2256 931 2292 Toletum
951 2257 1005 2292 ibi
1023 2270 1136 2307 parva
1154 2256 1240 2292 urbs
1258 2262 1351 2299 erat,
1368 2258 1434 2294 sed

322 2319 409 2358 loco
444 2322 590 2358 munito
607 2336 613 2357 ε
655 2334 739 2360 eam
775 2334 889 2373 quum
927 2322 1180 2375 obpugnaret,
1222 2321 1436 2359 Vectonum

1515 254 1523 276 l}

1516 306 1523 339 i
