1507 2656
242 203 398 234 LIBER
422 198 590 230 xxvn.
623 199 731 228 CAP.
757 199 946 227 XLVIH.
1093 197 1143 241 73

39 293 224 342 praetoriis
248 294 380 330 castris
401 291 564 340 signum,
585 289 642 325 bis
664 290 701 325 in
722 288 983 325 consularibus
1007 288 1143 324 refere-
1159 291 1248 321 U.C.
1263 298 1336 322 545.

39 355 131 392 bant
162 358 363 393 cecinisse:
397 357 486 391 duos
512 354 675 402 profecto
701 355 858 389 consules
876 365 959 395 esse,
981 360 1031 394 ct,
1050 366 1145 401 quo-
1158 336 1195 365 Α·
1209 335 1247 365 C·
1261 341 1358 369 ²⁰7'

38 431 126 455 nam
144 420 256 456 modo
276 419 370 456 alter
389 418 437 456 ab
459 418 678 455 Hannibale
698 418 955 460 abscessisset,
972 430 1060 453 cura
1077 431 1144 454 an·

37 482 162 530 gebat.
217 483 379 519 Illinime
412 482 464 525 id,
500 482 600 531 quod
635 488 729 523 erat,
766 482 946 530 suspicari
979 487 1142 530 poterat,

35 552 152 583 tantae
180 548 234 583 rei
262 547 509 583 frustratione
542 545 799 581 Hannibalem
823 545 981 588 elusum,
1002 551 1058 588 ut,
1080 546 1145 582 ubi

35 610 123 654 dux,
157 609 223 647 ubi
252 612 436 648 exercitus
469 618 580 651 esset,
614 623 696 645 cuni
731 624 805 658 quo
839 617 961 646 eus-tra
989 609 1144 646 conlata

35 672 205 717 haberet,
232 675 436 723 ignoraret.
493 674 673 709 Proser-to
702 674 801 709 baud
832 673 1009 708 mediocri
1037 673 1143 710 clade

36 736 278 774 absterritum
300 738 446 787 insequi
473 750 551 773 non
571 750 703 772 :uisum
721 752 728 771 ε
762 750 990 785 magnopere
1011 739 1143 779 vereri,

34 812 83 836 ne
102 801 255 851 perditis
275 801 385 838 rebus
405 815 528 837 serum
550 802 628 851 ipse
649 801 830 836 auxilium
850 802 1011 836 venisset
1028 817 1038 846 3
1063 801 1143 837 Ro-

35 867 230 915 manisque
251 868 380 904 eadem
394 866 476 916 jam
497 866 652 902 fortuna
672 867 710 902 in
732 865 857 909 Italia,
879 879 961 915 quae
984 867 1022 902 in
1050 865 1143 901 His-

34 930 161 979 pania,
196 938 318 967 esset:
352 931 554 973 interdum,
589 931 717 967 literas
748 943 832 966 suas
866 930 912 966 ad
947 943 1031 965 eum
1063 943 1142 966 non

33 994 260 1043 pervenisse,
282 994 454 1030 credere:
487 994 781 1043 interceptisque
802 994 861 1035 iis,
883 993 1075 1029 consulem
1097 992 1143 1029 ad

36 1068 116 1092 sese
145 1057 432 1106 obprimendum
463 1056 704 1093 adcelerasse.
762 1056 835 1092 His
865 1057 998 1092 anxius
1029 1058 1263 1099 curis,Nov:tu
1280 1072 1347 1092 cas-

36 1121 230 1156 exstinctis
261 1121 426 1168 ignibus,
447 1120 575 1169 vigilia
604 1121 725 1170 prima
753 1119 842 1155 (lato
873 1121 996 1168 signo,
1018 1127 1058 1156 ut
1084 1113 1200 1156 tiz-“²²
1216 1113 1332 1136 movet.

34 1183 98 1218 citi
117 1196 206 1219 vasa
226 1184 473 1231 conligerent,
494 1184 603 1231 signa
623 1183 710 1218 ferri
725 1182 854 1232 jussit.
911 1183 955 1218 In
976 1185 1141 1234 trepida-

33 1247 138 1281 tione
158 1253 196 1281 et
214 1256 402 1282 nocturno
421 1247 587 1282 tumultu
607 1247 718 1281 duces
738 1259 871 1295 parum
899 1247 1046 1282 intente
1075 1249 1140 1284 ad-

26 1311 182 1352 servati,
204 1311 298 1346 alter
318 1313 354 1347 in
382 1312 576 1347 destinatis
601 1311 683 1361 jam
713 1319 801 1348 ante
829 1313 956 1349 auimo
986 1312 1140 1350 latebris

30 1373 212 1415 subsedit,
234 1374 327 1409 alter
346 1387 412 1424 per
431 1375 523 1410 vada
543 1383 635 1410 nota
654 1375 873 1411 Metaurum
894 1376 1031 1412 flumen
1061 1384 1140 1413 tra-

31 1438 157 1472 navit:
191 1438 244 1472 ita
277 1438 464 1474 desertum
503 1452 524 1474 a
554 1439 710 1474 ducibus
745 1452 880 1487 agmen
915 1441 1036 1489 primo
1071 1454 1137 1491 per

19 1510 142 1548 *agros
172 1502 346 1552 palatur3
387 1503 551 1552 fessique
582 1504 727 1552 aliquot
758 1517 892 1540 somno
926 1516 969 1540 ac
1000 1505 1136 1553 vigiliis

31 1573 203 1601 ,sternunt
233 1579 393 1616 corpora
421 1569 574 1616 passim,
600 1574 712 1617 atque
743 1567 994 1617 infrequentia
1023 1569 1137 1605 relin-

31 1637 150 1677 quunt
169 1632 289 1679 signa.
342 1631 572 1674 Hasdrubal,
595 1632 682 1668 dum
702 1631 764 1668 lux
787 1633 881 1668 vifun
904 1633 1133 1676 ostenderet,

27 1694 111 1743 ripa
127 1694 291 1730 fluminis
312 1696 420 1743 signa
439 1695 528 1731 feri-i
541 1695 652 1745 jubet
672 1711 680 1731 ι
713 1704 750 1731 et
770 1709 835 1745 per
861 1698 1023 1731 tortuosi
1055 1710 1134 1733 am-

27 1757 84 1793 nis
115 1758 216 1793 sinus
247 1757 437 1807 flexusque
464 1771 627 1795 errorem
659 1758 812 1795 volvens
841 1760 941 1796 baud
973 1760 1134 1796 multum

27 1822 223 1869 processit,
247 1821 308 1856 ubi
329 1822 447 1870 prima
472 1820 536 1859 lux
556 1822 756 1857 transitum
784 1831 1040 1872 opportunum
1069 1836 1133 1859 os-

0 1923 3 1931 }
25 1883 220 1926 tendisset,
258 1885 506 1920 transiturus:
547 1885 611 1920 sed
648 1898 777 1935 quum,
811 1892 993 1934 quantum
1030 1899 1132 1923 mare

0 1939 4 1982 ζ
27 1947 265 1990 abscedebat,
304 1956 412 1984 tanto
446 1949 644 1986 altioribus
682 1950 942 1985 coercentibus
981 1963 1131 1987 amnem

26 2011 130 2060 ripis,
152 2024 228 2047 non
249 2013 434 2050 inveniret
455 2014 561 2056 vada,
583 2014 682 2049 diem
701 2014 858 2050 terendo
880 2015 1043 2064 spatium
1066 2015 1130 2051 de-

4 2075 6 2107 ὶ
26 2073 79 2110 dit
96 2074 142 2110 ad
162 2075 434 2124 insequendum
455 2089 535 2112 sese
555 2077 667 2114 hosti.

77 2138 266 2175 XLVIII.
296 2139 401 2175 Nero
421 2141 582 2189 primuni
599 2154 683 2177 cuni
703 2141 806 2176 ouini
827 2142 997 2189 equitatu
1018 2141 1127 2176 adve-
1142 2141 1333 2181 Adsequun—

1143 2190 1193 2213 [UI'
1208 2195 1283 2215 eum

7 2202 95 2237 ¹nit.
150 2201 307 2238 Porcius
334 2203 467 2239 deinde
495 2204 691 2239 adsecutus
719 2217 803 2254 cuin
830 2203 900 2238 levi
928 2211 1291 2258 κιιῚιιᾶὶιιϊει.Ηυωεωίἢ

8 2267 103 2305 ,Qui
124 2279 237 2314 quum
255 2267 396 2303 fessum
425 2282 560 2317 agmen
589 2276 786 2318 carperent
814 2269 860 2304 ab
891 2270 993 2304 omni
1023 2277 1128 2318 parte

24 2331 346 2379 incursarentque,
373 2339 410 2369 et
431 2332 528 2382 jam,
556 2334 696 2369 omisso
725 2334 872 2376 itinere,
900 2333 999 2382 quod
1028 2334 1128 2382 fugae

76 2393 173 2430 Yoi„¹
205 2393 279 2431 III.
557 2397 590 2432 E
