1507 2656
296 186 450 215 mnan
475 186 645 215 xxvu.
678 185 785 216 cAP.
810 187 949 216 xnw.
1124 186 1175 229 71

69 274 131 311 diu
151 287 199 311 an
219 280 350 317 noctu,
370 274 498 311 venire
517 287 598 311 sese
617 273 743 317 vellet,
764 274 895 311 iisdem
914 287 963 311 an
982 273 1064 312 aliis
1085 288 1176 312 con-
1190 270 1280 314 Ussc.
1298 290 1373 316 5452

68 339 188 375 sidere
221 340 366 376 castris.
421 339 550 376 Nocte
583 339 679 376 clam
708 339 856 388 ingredi
888 339 1021 376 melius
1054 340 1177 378 visum
1190 327 1230 356 Α·
1244 326 1280 357 C·
1296 332 1374 362 ²⁰⁷·

65 408 134 440 est.

119 466 267 504 XLVI,
296 467 456 504 Tessera
478 480 545 518 per
564 473 688 504 castra
713 466 761 504 ab
779 467 893 504 Livio
914 466 1069 505 consule
1089 468 1179 506 data

66 537 160 573 erat,
189 537 232 567 ut
256 530 450 567 tribunum
480 530 670 574 tribunus,
699 532 871 568 centurio
901 533 1175 576 centurionem,

65 607 176 643 eques
197 596 377 644 equitem,
393 596 506 646 pedes
522 595 687 645 peditem
707 596 893 643 acciperet
907 611 914 632 :
937 609 1060 646 neque
1076 597 1177 633 enim

65 657 214 694 dilatari
234 664 358 695 castra
377 671 470 709 opus
488 671 582 702 esse,
596 672 644 695 ne
663 659 784 695 hostis
800 660 1002 696 adventum
1022 659 1175 696 alterius

65 722 230 758 consulis
252 723 434 760 sentiret:
467 729 505 759 et
525 723 715 759 coartatio
744 722 908 773 plurium
937 725 977 760 in
1010 730 1175 772 angusto

63 786 302 824 tendentium
334 787 482 824 facilior
513 788 642 824 futura
678 793 773 831 erat,
807 788 909 837 quod
943 788 1174 824 Claudianus

63 851 250 887 exercitus
276 852 373 888 nihil
391 851 522 895 ferme,
543 858 680 902 praeter
705 864 822 895 arma,
843 864 970 888 secum
994 852 1035 888 in
1061 864 1175 902 expe-

62 914 246 951 ditionem
269 915 420 952 tulerat.
477 916 656 952 Ceterum
682 916 721 951 in
748 916 832 965 ipso
859 915 995 951 itinere
1022 921 1176 952 auctum

61 977 284 1015 voluntariis
314 991 452 1027 agmen
475 984 581 1024 erat3
613 979 875 1015 obferentibus
906 991 987 1014 sese
1017 977 1117 1014 ultro
1137 984 1176 1015 et

61 1040 250 1077 veteribus
269 1041 451 1078 militibus
472 1042 680 1092 perfunctis
694 1035 777 1091 jam
798 1041 948 1084 militia,
969 1047 1007 1077 et
1020 1039 1175 1091 juveni-

62 1105 146 1148 bus,
167 1117 261 1154 quos
296 1106 469 1141 certatim
501 1106 659 1141 uomina
677 1105 824 1147 dantes,
849 1105 879 1140 si
899 1117 1060 1154 quorum
1090 1117 1175 1140 cor-

61 1171 162 1220 poris
189 1170 332 1220 species
362 1170 551 1219 roburque
574 1170 709 1206 virium
739 1176 871 1220 aptum
899 1169 1045 1206 militiae
1071 1162 1175 1207 vide-

60 1233 187 1277 batur,
208 1234 496 1284 conscripserat.
542 1233 602 1270 Ad
618 1233 756 1269 Senam
771 1239 895 1269 castra
911 1233 1065 1269 alterius
1082 1246 1175 1270 con-

62 1298 152 1334 sulis
182 1304 312 1334 erant:
346 1304 383 1334 et
401 1299 630 1346 quingentos
656 1298 745 1334 inde
764 1297 882 1334 ferme
910 1311 1042 1348 passus
1070 1296 1173 1334 Has-

63 1361 196 1398 drubal
224 1362 367 1398 aberat.
424 1362 559 1411 Itaque
584 1375 700 1411 quum
725 1360 808 1411 jam
837 1362 1173 1412 adpropinquaret,

61 1431 184 1461 tectus
203 1425 396 1462 montibus
417 1425 588 1461 substitit
606 1425 727 1468 Nero,
747 1437 796 1461 ne
816 1432 903 1461 ante
922 1432 1075 1461 noctem
1092 1437 1173 1462 cas·-

30 1490 38 1494 “
56 1494 117 1525 tra
140 1489 411 1537 ingrederetur.
469 1488 630 1525 Silentio
658 1489 833 1537 ingressi,
862 1488 909 1525 ab
936 1489 994 1524 sui
1014 1489 1173 1538 quisque
1185 1490 1278 1539 Clam
1296 1493 1343 1522 in-

63 1552 204 1589 ordinis
225 1553 442 1590 hominibus
462 1553 502 1589 in
531 1552 700 1589 tentoria
722 1552 891 1595 abducti,
912 1565 998 1589 cum
1028 1565 1173 1589 summa
1185 1536 1323 1607 ΞΞΞΞῙΓῘᾹῊ

64 1618 233 1654 omnium
266 1617 399 1654 laetitia
427 1617 670 1668 hospitaliter
703 1617 956 1666 excipiuntur.
1011 1616 1173 1654 Postero
1188 1620 1277 1651 Livii.

64 1681 123 1717 die
152 1681 351 1718 consilium
388 1681 577 1724 habitum,
609 1681 669 1716 cui
699 1686 736 1717 et
765 1680 811 1716 L.
825 1680 982 1717 Porcius
1016 1680 1173 1717 Licinus

63 1751 203 1794 praetor
223 1745 355 1782 adfuit.
413 1745 548 1781 Castra
561 1744 699 1793 juncta
724 1743 923 1781 consulum
945 1745 1077 1780 castris
1104 1745 1173 1781 ha-

62 1807 200 1846 bebat:
233 1815 270 1845 et
290 1815 378 1846 ante
408 1809 610 1846 adventum
640 1821 784 1850 eorum,
806 1821 871 1857 per
893 1807 977 1844 loca
1006 1808 1083 1845 alta
1102 1808 1172 1845 du-

63 1871 182 1908 cendo
196 1873 415 1915 exercitum,
434 1886 549 1922 quum
568 1872 682 1908 modo
702 1872 880 1908 insideret
895 1879 1076 1921 angustos
1097 1872 1172 1909 sal·

63 1942 138 1979 tus,
161 1944 200 1972 ut
225 1938 426 1974 transitum
457 1936 662 1979 clauderet,
684 1937 797 1973 modo
825 1936 871 1972 ab
892 1936 1008 1972 latere
1027 1943 1094 1973 aut
1122 1937 1171 1974 ab

62 2007 170 2048 tergo
196 2008 366 2049 carperet
395 2013 545 2049 agmen,
577 2000 788 2036 ludificatus
818 2000 966 2036 hostem
993 2000 1169 2038 omnibus

63 2064 205 2100 artibus
224 2064 313 2102 belli
328 2065 451 2101 fuerat
466 2080 473 2101 z
506 2066 535 2100 is
552 2071 632 2100 tum
648 2065 686 2100 in
703 2063 862 2100 consilio
878 2064 1019 2102 aderat.
1065 2064 1170 2101 Mul=

61 2134 185 2165 torum
206 2141 250 2164 eo
270 2128 455 2167 inclinant
474 2129 685 2171 sententiae,
707 2136 762 2172 ut,
784 2130 871 2167 dum
890 2129 1031 2166 fessum
1045 2129 1105 2165 via
1125 2141 1169 2166 ao

59 2192 196 2240 vigiliis
217 2192 386 2231 reficeret
411 2193 570 2229 militem
600 2193 721 2236 Nero,
743 2194 854 2230 simul
874 2199 911 2230 et
931 2193 978 2229 ad
1007 2205 1170 2229 noscen-

61 2256 147 2293 dum
167 2256 316 2293 hostem
343 2269 482 2307 paucos
503 2257 574 2293 sibi
601 2265 765 2295 sumeret
785 2258 877 2300 dies,
899 2264 1046 2308 tempus
1074 2270 1171 2311 pug-

60 2332 118 2358 nae
138 2320 357 2361 differretur.
414 2321 520 2361 Nero
539 2335 618 2361 non
641 2323 797 2361 suadere
824 2322 953 2367 modo,
975 2322 1039 2361 sed
1068 2334 1169 2361 sumt
