1507 2656
356 189 511 218 Lmen
535 188 655 219 xxx.
688 188 795 218 cAe.
818 190 926 219 xxx.
1114 192 1195 236 239

88 279 277 317 exsultabit
301 283 409 327 atque
433 279 553 328 efferet
574 290 658 321 sese,
680 290 786 326 quam
805 278 952 321 Hanno,
973 280 1033 327 qui
1055 280 1197 318 domum
1210 288 1300 320 U.C.
1318 295 1392 322 549,

89 349 259 386 nostram,
281 343 422 391 quando
441 343 516 378 alia
534 353 572 377 re
589 353 660 378 non
680 343 815 390 potuit,
835 343 941 378 ruina
962 343 1198 392 Karthaginis
1209 333 1248 362 A·
1263 331 1300 364 C·
1317 339 1392 364 ²⁰³⁹

90 408 269 456 obpressit.
312 405 337 441 J
340 418 400 442 am
424 405 497 441 hoc
516 405 639 455 ipsum
654 406 882 455 praesagiens
898 406 1040 449 animo,
1054 420 1200 459 praepa-

93 478 239 508 raverat
253 476 341 508 ante
352 482 466 506 naves
479 485 486 505 ε
511 470 652 518 itaque,
666 469 792 506 inutili
805 469 968 506 militum
980 471 1092 508 turba
1104 485 1200 523 prae-

91 536 176 572 sidii
191 536 315 586 specie
334 535 373 571 in
392 534 532 584 oppida
551 534 694 570 Bruttii
720 534 814 583 agri,
835 547 917 584 quoe
942 547 1064 585 pauca
1080 537 1200 586 magis

90 606 207 643 metu,
238 611 350 649 quam
373 598 460 642 fide,
491 598 801 642 contInebantur,
823 599 989 643 dimissa,
1011 600 1112 650 quod
1137 614 1200 637 ro-

89 662 192 700 boris
213 663 252 699 ln
271 663 439 699 exercitu
456 668 550 706 erat,
569 663 607 698 in
623 662 794 699 Africam
809 664 1039 699 transvexit:
1071 664 1199 700 multis

90 727 215 764 Italici
234 728 381 776 generis
402 728 508 776 (quia
527 727 566 763 in
585 727 754 763 Africam
775 733 970 763 secuturos
991 728 1200 765 abnuentes

92 798 357 828 concesserant
376 792 413 827 in
433 791 458 826 J
461 791 597 827 unonis
617 790 787 827 Laciniae
807 790 1019 835 delubrum,
1040 792 1201 829 inviola-

91 863 172 892 tum
192 856 239 892 ad
258 868 340 892 eam
366 856 481 902 diem)
506 857 545 891 in
571 855 715 905 templo
743 855 829 905 ipso
855 855 956 892 foede
977 856 1200 894 interfectis,

90 919 197 956 Raro
217 932 443 969 quemquam
463 920 593 963 alium,
613 920 774 970 patriam
795 919 917 956 exsilii
934 933 1066 958 caussa
1085 920 1200 957 relin-

92 989 283 1033 quentem,
301 985 422 1033 magis
444 990 621 1021 moestum
646 984 770 1020 abisse
793 983 934 1028 ferunt,
954 997 1068 1034 quam
1089 984 1199 1022 Han·-

91 1046 255 1084 nibalcm
274 1048 443 1084 hostium
463 1054 561 1084 terra
583 1048 850 1084 excedentem:
873 1050 1082 1099 respexisse
1102 1061 1202 1099 saepe

92 1110 213 1148 Italiae
232 1111 358 1155 litora,
379 1117 417 1147 et
435 1111 540 1147 Deos
561 1111 810 1160 hominesque
830 1118 1086 1155 accusantem,
1102 1112 1142 1148 in
1161 1124 1201 1148 se

92 1188 241 1225 quoque
261 1189 304 1213 ac
324 1188 432 1211 suum
459 1176 575 1226 ipsius
598 1182 712 1225 capnt
735 1181 984 1219 exsecratum,
1008 1177 1112 1218 Quod
1131 1189 1203 1213 non

91 1246 275 1276 cruentum
294 1239 336 1276 ab
358 1239 535 1276 Cannensi
559 1242 707 1276 victoria
733 1241 887 1277 militem
908 1241 1063 1278 Romam
1082 1243 1202 1278 duxis-

90 1310 153 1341 set.
202 1304 401 1352 Scipionem
421 1306 472 1340 z're
490 1305 539 1340 acl
560 1304 825 1352 Karthaginem
845 1318 983 1349 ausum,
1005 1308 1066 1354 qui
1083 1307 1204 1343 consul

93 1370 225 1405 hostem
246 1371 281 1405 in
302 1370 415 1405 Italia
435 1370 582 1406 Poenum
602 1381 673 1404 non
695 1370 864 1406 vidisset:
892 1383 940 1413 se,
961 1376 1100 1407 centum
1119 1373 1204 1407 mil-

94 1433 184 1469 libus
219 1438 442 1469 armatorum
479 1434 527 1468 acl
570 1433 815 1470 Trasimenum
849 1440 885 1470 et
921 1435 1063 1471 Cannas
1095 1439 1203 1479 caesis,

91 1498 187 1533 circa
202 1497 412 1540 Casilinum,
429 1498 639 1545 Cumasque,
654 1502 688 1534 et
701 1498 835 1534 Nolam
851 1501 1077 1535 consenuisse.
1108 1499 1205 1536 Haec

92 1573 271 1598 accusans
291 1574 540 1612 querensque,
568 1575 615 1598 ex
641 1562 789 1599 diutina
815 1564 1055 1613 possessione
1081 1563 1204 1601 Italiae

94 1632 150 1661 est
169 1625 370 1663 detractus.

144 1689 261 1726 XXI.
291 1689 456 1726 Romam
486 1702 552 1740 per
575 1689 726 1727 eosdem
755 1690 849 1733 dies,
870 1695 909 1727 et
929 1689 1140 1740 Magonem
1166 1699 1205 1728 et

91 1752 351 1789 Hannibalem
376 1753 585 1803 profectos,
613 1753 780 1790 adlatum
802 1761 878 1790 est:
912 1753 1018 1804 cujus
1042 1755 1203 1805 duplicis

94 1816 359 1865 gratulationis
387 1818 523 1853 minuit
551 1817 737 1860 laetitiam,
758 1823 796 1853 et
815 1818 916 1866 quod
936 1831 1070 1869 parum
1090 1819 1204 1855 duces

93 1881 132 1916 in
148 1880 352 1916 retinendis
367 1881 412 1916 iis
433 1882 566 1930 (quum
582 1881 620 1917 id
635 1881 855 1917 mandatum
872 1881 918 1918 ab
935 1888 1071 1918 senatu
1085 1884 1202 1929 esset)

94 1951 160 1980 aut
178 1944 307 1987 animi,
328 1952 394 1981 aut
413 1945 548 1981 virium
566 1944 744 1982 habuisse
766 1945 1014 1991 videbantur5
1047 1952 1085 1983 et
1103 1947 1206 1995 quod

95 2008 246 2044 solliciti
267 2014 388 2051 erant,
406 2009 510 2045 omni
527 2009 617 2045 belli
637 2009 737 2046 mole
757 2011 795 2045 in
815 2022 932 2046 unum
947 2010 1080 2046 ducem
1097 2022 1205 2046 exer-

94 2073 284 2121 citumque
303 2072 498 2115 inclinata,
520 2086 596 2121 quo
617 2085 772 2109 evasura
793 2080 891 2109 esset
910 2086 980 2110 reS.
1027 2073 1100 2109 Per
1120 2086 1204 2109 eos-

95 2136 179 2171 dem
207 2135 283 2171 dies
312 2134 428 2184 legati
458 2136 659 2185 Saguntini
685 2142 882 2179 venerunt,
909 2137 1203 2187 comprehensos

97 2211 182 2235 cum
214 2199 373 2248 pecunia
406 2199 635 2236 adducentes
670 2199 1027 2248 Karthaginienses,
1062 2201 1125 2248 qui
1157 2200 1204 2236 ad

96 2263 338 2300 conducenda
364 2263 504 2300 auxilia
528 2265 565 2299 in
592 2263 822 2313 Hispaniam
847 2263 1104 2314 trajecissent:
1137 2265 1205 2301 du-

95 2326 248 2363 centum
278 2333 314 2363 et
344 2328 622 2377 qninquaginta
653 2327 748 2372 auri,
783 2327 1049 2378 octingentfim
1075 2328 1205 2378 pondo
