1523 2666
61 287 103 318 U.
117 286 154 317 C.
169 292 241 317 543.

63 332 101 360 Α.
114 330 151 360 C.
169 336 242 362 209.

71 802 217 841 Reliquae

71 847 105 875 in
119 845 227 875 officio

71 895 157 919 sunt.

256 189 306 229 18
710 204 755 232 T.
781 205 914 234 L1v11

254 301 351 333 cere,
372 290 476 325 Alius
495 291 650 327 colonias
674 293 712 328 in
725 293 806 341 fide
825 299 933 341 atque
952 293 1068 342 qfficio
1090 296 1244 343 pristino
1258 292 1374 344 fore:

255 365 315 389 eas
333 366 470 402 quoque
498 356 604 402 ipsas,
626 368 703 403 quae
721 356 840 404 officio
860 359 1095 401 decessissent,
1115 360 1146 394 si
1165 360 1276 406 legati
1303 361 1374 395 cir-

256 430 298 453 ca
318 430 376 453 eas
405 419 560 454 colonius
587 421 794 463 mittant-ur,
816 423 878 469 qui
906 424 1092 469 castigent,
1116 435 1185 458 non
1206 425 1266 471 qui
1292 434 1376 471 pre-

259 487 396 524 centur,
425 484 675 519 verecundiam
700 486 842 533 imperii
867 486 1051 523 habituras
1075 499 1155 523 esse.
1211 486 1376 522 Permis-

258 558 342 581 sum
360 545 408 582 ab
429 553 562 583 senatu
588 547 632 582 iis
652 560 768 596 quum
795 556 906 592 esset,
928 557 1098 598 agerent,
1118 550 1375 599 facerentque,

261 615 304 644 ut
333 622 353 645 e
374 610 569 659 republica
596 610 800 657 ducerent,
833 614 1057 661 pertentatis
1087 614 1190 663 prius
1220 613 1378 650 aliarum

262 673 499 710 coloniarum
518 675 667 718 animis,
688 676 900 712 citaverunt
925 677 1086 726 legatos,
1108 679 1381 727 quaesiverunt-

263 752 335 788 que
354 741 401 777 ab
419 742 476 784 iis,
495 744 620 790 ecquid
635 744 764 779 milites
779 756 820 779 ex
828 743 999 791 formula
1015 750 1166 792 puratos
1184 745 1351 780 haberent
1364 745 1386 779 .9

263 804 340 840 Pro
373 806 634 855 duodeviginti
665 807 825 843 coloniis
853 808 909 844 M.
932 808 1110 843 Sextilius
1136 807 1383 856 Fregellanus

264 870 479 918 respondit:
503 875 537 906 et
552 872 681 906 milites
692 883 733 906 ex
738 871 907 919 formula
924 877 1072 919 paratos
1083 884 1154 907 esse
1166 888 1178 907 .·
1197 876 1243 914 et,
1257 873 1287 906 si
1299 873 1384 918 plu-

266 934 362 968 ribus
382 946 468 980 opus
486 939 585 975 esset,
603 935 726 981 plures
741 936 910 971 daturos:
929 940 976 976 et,
999 936 1175 983 quidquid
1195 928 1298 970 aliud
1316 936 1386 970 im-

262 1002 411 1045 peraret
430 999 605 1046 veZIetque
622 1000 777 1046 populus
795 1000 993 1041 Romanus,
1011 1001 1105 1035 em'se
1113 999 1284 1048 facturos
1297 1014 1309 1034 .·
1340 999 1389 1034 ad

268 1062 307 1097 id
325 1062 390 1098 sibi
408 1075 518 1110 neque
534 1075 615 1110 opes
630 1065 757 1105 deesse,
773 1066 931 1099 animum
946 1065 1052 1099 etiam
1065 1075 1266 1111 superesse„
1283 1062 1389 1098 Con-

269 1125 382 1169 sules,
404 1127 476 1163 sibi
502 1141 633 1178 parum
654 1129 785 1171 videri,
806 1130 968 1179 praefati,
990 1143 1058 1179 pro
1085 1130 1221 1165 merito
1241 1140 1387 1172 eorum,

270 1202 340 1226 sua
359 1203 449 1227 voce
480 1192 697 1229 conlaudari
727 1206 806 1237 eos,
826 1195 900 1229 nisi
931 1194 1093 1229 universi
1114 1193 1245 1229 Patres
1274 1193 1320 1228 iis
1349 1192 1390 1228 in

272 1256 376 1291 curia
401 1257 541 1304 gratias
572 1258 751 1305 egissent,
783 1259 887 1307 sequi
918 1259 955 1294 in
985 1264 1158 1293 senatum
1181 1256 1391 1306 jusserunt.

274 1320 451 1363 Senatus,
472 1334 584 1369 quam
611 1328 762 1371 poterat
787 1322 1086 1358 honoratissimo
1105 1322 1256 1357 decreto
1283 1319 1390 1356 adlo-

275 1389 384 1419 cutus
403 1396 482 1424 eos,
500 1384 654 1420 mandat
670 1385 903 1427 consulibus,
922 1391 962 1421 ut
981 1385 1026 1421 ad
1042 1384 1225 1434 populum
1241 1394 1393 1432 quoque

275 1457 341 1482 eos
371 1447 636 1496 producerent,
658 1454 695 1483 et
720 1449 819 1484 inter
848 1448 967 1484 multa
995 1448 1069 1484 alia
1096 1447 1290 1497 praeclara,
1312 1444 1394 1494 quae

277 1511 367 1561 ipsis
399 1510 679 1561 majoribusque
708 1513 783 1548 suis
813 1513 1091 1562 praestitissent,
1121 1523 1251 1547 recens
1281 1510 1396 1546 etiam

276 1576 454 1610 meritum
489 1588 618 1612 eorum
659 1577 696 1611 in
733 1576 1004 1626 rempublicam
1042 1579 1396 1611 commemorarent.

277 1638 341 1674 Ne
360 1651 461 1675 nune
481 1640 631 1688 quidem
660 1648 746 1690 post
767 1649 825 1676 tot
852 1640 977 1677 secula
1003 1639 1198 1681 sileantur,
1218 1637 1395 1691 frauden-

279 1709 387 1734 turve
407 1703 516 1736 laude
536 1717 614 1736 sua.
673 1705 822 1749 Signini
842 1704 961 1743 fuere,
983 1710 1021 1736 et
1040 1702 1230 1741 Norbani,
1250 1702 1397 1737 Saticu-

279 1762 446 1812 lanique,
468 1772 505 1800 et
524 1765 761 1809 Brundisini,
783 1773 820 1801 et
840 1765 1068 1814 Fregellani,
1090 1772 1127 1801 et
1145 1764 1340 1806 Lucerini,
1361 1768 1400 1799 et

280 1828 480 1870 Venusini,
503 1836 539 1864 et
566 1829 766 1872 Hadriani,
789 1836 826 1865 et
846 1830 1027 1872 Firmani,
1056 1836 1093 1865 et
1113 1829 1396 1864 Ariminenses:

281 1898 320 1928 et
345 1892 392 1927 ab
413 1893 532 1929 altero
560 1894 667 1936 mari,
689 1894 883 1936 Pontiani,
906 1901 944 1928 et
962 1893 1143 1935 Paestani,
1165 1900 1202 1927 et
1228 1891 1394 1927 Cosani:

281 1964 320 1992 et
335 1958 610 2001 mediterranei,
629 1958 902 2000 Beneventani,
925 1966 961 1993 et
978 1957 1188 1999 AElsemiui,
1210 1963 1248 1992 et
1268 1955 1400 2005 Spole-

281 2021 368 2062 tini,
396 2028 433 2056 et
456 2021 683 2064 Placentini,
711 2030 748 2057 et
777 2022 1063 2057 Cremonenses.
1121 2020 1268 2056 Harum
1296 2018 1401 2055 colo-

283 2085 432 2120 niarum
453 2085 620 2121 subsidio
651 2093 731 2121 tum
751 2087 947 2135 imperium
978 2084 1108 2134 populi
1138 2084 1305 2119 Romani
1325 2089 1400 2118 ste-

283 2149 354 2184 tit:
386 2149 506 2197 iisque
526 2151 655 2197 gratiae
677 2158 714 2185 et
734 2151 772 2184 in
796 2157 943 2190 senatu,
965 2157 1002 2184 et
1021 2148 1067 2183 ad
1088 2147 1268 2197 populum
1296 2153 1401 2182 actae.

285 2212 499 2249 Duodecim
529 2214 687 2249 aliarum
715 2214 965 2255 coloniarum,
987 2225 1068 2261 (μὶ-«ε
1098 2211 1403 2247 detractaverunt

287 2278 498 2326 imperium,
527 2278 759 2313 mentionem
780 2277 861 2313 fieri
887 2277 1019 2312 Patres
1046 2281 1261 2315 vetuerunt,
1284 2286 1405 2321 neque

287 2339 369 2376 illos
387 2340 540 2384 dimitti,
558 2354 679 2390 neque
699 2341 867 2384 retineri,
885 2352 1006 2390 neque
1027 2337 1206 2389 adpellari
1227 2350 1249 2374 a
1265 2348 1402 2375 consu·-
