1523 2666
329 185 413 242 338
802 203 846 229 Τ.
883 203 1016 232 L1v11

136 290 230 322 U.C.
245 298 317 323 553.
333 302 355 325 a
375 289 416 326 P.
434 289 573 326 Porcio
594 289 708 326 Laeca
735 291 889 329 tribuno
920 294 1052 343 plebis,
1074 308 1122 331 ne
1147 308 1264 333 ovans
1295 298 1448 342 rediret,

136 335 176 365 A·
191 334 228 365 C·
249 342 447 403 1“³9'quum
468 355 514 390 ab
539 362 671 391 senatu
702 356 942 406 inpetrasset,
965 360 1130 408 privatus
1162 361 1292 398 urbem
1322 363 1447 411 ingre-

330 419 436 455 diens
467 419 568 456 mille
598 420 761 457 ducenta
790 423 918 471 pondo
949 426 1110 472 argenti,
1137 426 1294 474 triginta
1320 427 1448 477 pondo

329 483 447 520 ferme
468 486 548 520 auri
570 486 606 520 in
629 487 803 522 aerarium
822 487 923 523 tulit.
981 488 1126 525 Eodem
1149 503 1250 526 anno
1272 491 1342 527 Cn.
1363 491 1450 527 Βεε-

328 548 412 585 bius
446 548 684 599 Tamphilus,
717 551 779 598 qui
815 550 860 586 ab
900 551 943 588 C.
971 552 1128 588 Aurelio
1167 554 1322 590 consule
1359 556 1451 591 anni

329 613 466 663 prioris
501 614 734 662 provinciam
769 614 932 651 Galliam
969 625 1180 667 acceperat,
1211 626 1353 655 temere
1389 620 1448 654 in-

330 690 479 726 gressus
501 678 698 714 Gallorum
730 679 946 716 Insubrium
975 681 1081 724 fines,
1104 695 1221 733 prope
1251 697 1336 720 cum
1365 691 1450 720 toto

112 735 172 785 CP-
191 735 318 765 Baebius
331 742 498 778 exercitu
519 749 574 778 est
595 743 896 780 circumventus:
930 757 1042 795 supra
1062 758 1127 782 sex
1155 746 1273 783 millia
1298 754 1336 783 et
1365 760 1451 784 sex-

113 788 317 854 ξὲὲεέἓξᾘῖὲ
330 814 460 843 centos
482 807 618 843 milites
640 809 792 844 amisit:
825 815 932 845 tanta
959 823 1003 846 ex
1035 823 1080 846 eo
1111 810 1212 847 bello
1243 812 1344 861 quod
1366 811 1449 861 jam

327 872 453 908 timeri
473 872 648 916 desierat,
671 873 793 909 clades
816 881 971 924 accepta
991 882 1059 911 est.
1116 876 1174 911 Ea
1198 889 1256 912 res
1286 876 1333 913 L.
1347 877 1450 913 Len—

327 936 449 973 tulum
469 937 662 974 consulem
683 938 729 974 ab
752 938 842 974 urbe
863 940 1001 975 excivit
1021 954 1028 975 :
1061 940 1139 988 qui,
1162 946 1202 976 ut
1230 941 1267 976 in
1294 942 1449 991 provin-

327 1002 425 1038 ciam
445 1003 548 1038 venit
567 1001 716 1052 plenam
737 1002 936 1045 tumultus,
958 1003 1106 1053 trepido
1127 1005 1295 1040 exercitu
1316 1017 1448 1055 accep-

326 1073 382 1109 to,
399 1074 601 1117 praetorem
617 1067 743 1103 multis
765 1068 912 1118 probris
932 1069 1157 1118 increpitum
1176 1070 1370 1119 provincia
1386 1070 1450 1106 de-

327 1131 473 1175 cedere,
495 1138 609 1181 atque
630 1132 733 1168 abire
755 1132 919 1168 Romam
933 1132 1062 1182 jussit.
1102 1133 1238 1183 Neque
1257 1135 1338 1184 ipse
1358 1147 1449 1170 con-

328 1195 386 1231 sul
405 1196 651 1233 memorabile
672 1197 877 1245 quidquam
897 1198 1029 1245 gessit,
1052 1198 1294 1234 comitiorum
1317 1211 1450 1235 caussa

328 1259 495 1298 Romam
533 1269 757 1308 revocatus3
799 1275 881 1310 quae
920 1263 1001 1312 ipsa
1031 1275 1097 1312 per
1124 1262 1182 1298 M.
1208 1262 1383 1299 Fulvium
1413 1272 1450 1299 et

328 1325 399 1362 Μ’.
421 1327 578 1362 Curium
604 1327 777 1364 tribunos
798 1327 918 1377 plebis
948 1327 1253 1377 impediebantur,
1274 1328 1374 1376 quod
1404 1328 1449 1365 T.

111 1381 153 1411 Τ·
169 1380 291 1411 amne·
330 1391 554 1430 Quinctium
575 1391 832 1427 Flamininum
852 1391 1091 1428 consulatum
1111 1404 1157 1427 ex
1177 1398 1366 1440 quaestura
1385 1404 1450 1442 pe-

111 1431 276 1507 31:¹32thOE
331 1463 410 1493 tere
436 1470 512 1493 non
541 1457 796 1508 patiebantur.
852 1458 937 1494 Jam
959 1459 1170 1494 aedilitatem
1187 1463 1455 1506 proeturamque

115 1510 241 1542 comm·
319 1522 492 1572 fastidiri
510 1540 522 1559 .·
557 1536 620 1559 nec
651 1535 717 1572 per
747 1523 918 1559 honorum
946 1523 1093 1570 gradus,
1124 1524 1369 1558 documentum
1399 1526 1455 1559 sui

330 1589 468 1630 dantes,
505 1589 637 1624 nobiles
667 1589 824 1624 homines
862 1589 1003 1624 tendere
1039 1589 1088 1623 ad
1124 1588 1360 1630 consulatum,
1393 1590 1455 1625 sed

332 1655 615 1689 transcendendo
645 1655 776 1695 media,
810 1666 949 1689 summa
984 1655 1063 1689 imis
1099 1656 1317 1689 continuare.
1374 1651 1452 1689 Res

331 1730 380 1754 ex
410 1718 610 1768 campestri
641 1718 847 1754 certamine
878 1717 916 1752 in
948 1722 1122 1752 senatum
1151 1717 1265 1752 venit.
1322 1716 1453 1752 Patres

331 1789 575 1826 censuerunt,
601 1784 672 1824 Qui
698 1783 879 1825 honorem,
901 1795 1001 1831 quem
1028 1782 1093 1818 sibi
1122 1794 1248 1830 capere
1268 1793 1335 1830 per
1363 1783 1455 1829 leges

334 1850 470 1889 liceret,
493 1854 643 1897 peteret,
666 1851 701 1884 in
728 1861 767 1884 eo
794 1848 929 1897 populo
960 1849 1117 1890 creandi,
1140 1860 1241 1896 quem
1270 1848 1368 1889 velit,
1388 1860 1453 1895 po-

334 1918 498 1950 testatem
506 1914 594 1962 fieri
613 1926 750 1961 (equum
772 1925 853 1948 esse.
903 1912 948 1948 ln
969 1913 1198 1948 auctoritate
1219 1912 1373 1947 Pati-um
1393 1911 1453 1947 fu-

333 1990 395 2015 ere
427 1978 582 2014 tribuni.
640 1977 766 2012 creati
800 1976 973 2012 consules
1005 1977 1090 2012 Sex.
1110 1976 1233 2012 AElius
1265 1975 1389 2011 Paetus
1418 1984 1456 2011 et

332 2045 381 2082 T.
401 2044 605 2084 Quinctius
636 2041 886 2078 Flamininus.
945 2041 1037 2077 Inde
1067 2048 1269 2091 praetorum
1300 2041 1455 2076 comitia

333 2109 490 2146 habita:
533 2108 648 2143 creati
688 2107 731 2143 L.
755 2106 953 2142 Cornelius
991 2106 1156 2148 Merula,
1195 2105 1252 2142 M.
1274 2105 1453 2141 Claudius

332 2173 554 2216 Marcellus,
575 2172 631 2209 M.
650 2172 809 2209 Porcius
839 2172 951 2214 Cato,
975 2172 1018 2208 C.
1041 2170 1214 2213 Helvius,
1237 2171 1299 2220 qui
1331 2169 1454 2206 aediles

334 2240 455 2291 plebis
476 2239 645 2275 fuerant:
669 2238 715 2273 ab
738 2238 780 2273 iis
801 2237 878 2273 ludi
901 2236 1037 2287 plebeii
1061 2237 1283 2272 instaurati:
1308 2242 1344 2270 et
1365 2247 1455 2285 epu-

335 2306 413 2343 lum
433 2307 540 2342 Jovis
562 2305 633 2341 fuit
654 2305 826 2341 ludorum
850 2316 993 2340 caussa.
1051 2302 1102 2338 Et
1130 2300 1177 2337 ab
1200 2299 1368 2337 aedilibus
1390 2312 1455 2336 cu-

336 2371 479 2408 rulibus
501 2371 544 2407 C.
563 2369 715 2406 Valerio
749 2369 887 2405 Flacco
916 2367 1068 2404 flamine
1099 2364 1201 2401 Diali
1232 2371 1271 2401 et
1300 2364 1341 2400 C.
1360 2364 1456 2398 Cor-
