1507 2656
295 169 448 197 LIBER
476 167 667 197 XXXIII·
701 167 807 196 CAP.
830 168 989 197 XLIII.
1113 168 1195 213 425

95 259 294 296 admodum
314 259 542 302 adolescens,
559 259 776 309 priusquam
792 257 910 294 ullum
930 258 1194 306 magistratum
1208 268 1250 298 U.
1264 266 1300 297 C.
1317 271 1391 298 55⁶,

93 330 243 373 caperet
261 338 268 358 :
299 335 368 359 nec
388 336 432 359 eo
452 335 553 359 anno
573 335 693 371 augur
711 323 750 357 in
771 321 850 371 ejus
877 321 1003 357 locum
1029 328 1085 358 est
1105 321 1194 358 sub·
1207 312 1247 342 A·
1264 311 1300 341 C·
1318 315 1389 342 ¹⁹⁶·

92 387 224 424 fectus.
281 388 446 424 Comitia
465 387 551 423 inde
571 385 783 422 consularia
803 385 935 421 habita
962 398 983 421 a
1010 384 1068 422 M.
1087 385 1195 421 Mar-

90 451 186 488 cello
206 451 381 488 consule:
413 452 529 487 creati
554 450 726 488 consules
756 450 803 487 L.
820 450 992 498 Valerius
1021 449 1193 493 Flaccus,

88 514 145 552 M.
165 515 320 552 Porcius
342 516 452 553 Cato.
509 515 695 552 Praetores
716 515 801 551 inde
819 514 913 550 facti
939 513 982 549 C.
998 513 1194 550 Fabricius

87 579 289 622 Luscinus,
321 580 365 616 C.
391 580 543 616 Atinius
577 579 724 622 Labeo,
757 579 827 615 Cn.
857 577 1025 614 Manlius
1058 577 1192 621 Vulso,

85 643 160 694 Ap.
182 644 360 680 Claudius
390 644 510 687 Nem,
540 644 583 681 P.
602 643 786 687 Manlius,
816 643 860 679 P.
879 642 1037 679 Porcius
1066 641 1193 679 Laeca.

87 709 233 746 AEdiles
263 708 423 752 curules,
452 708 510 745 M.
530 708 682 745 Fulvius
712 707 893 744 Nobilior
921 713 960 742 et
989 707 1032 743 C.
1051 706 1193 743 Flami-

86 774 184 817 nius,
205 774 321 809 tritici
341 774 462 810 decies
484 780 635 810 centum
663 772 782 809 millia
809 771 909 807 binis
939 772 1020 807 aeris
1050 771 1193 821 populo

85 838 315 874 diviserunt:
348 838 384 874 id
419 838 462 875 C.
487 837 665 874 Flaminii
697 836 854 872 honoris
891 847 1024 871 caussa
1059 835 1192 884 ipsius,

82 902 289 952 patrisque,
327 902 556 938 advexerant
593 901 710 938 Siculi
744 900 922 937 Romam.
981 898 1191 936 Flaminius

82 966 243 1013 gratiam
274 964 354 1016 ejus
387 967 733 1003 communicaverat
762 978 847 1002 cum
876 963 1035 1013 collega.
1091 963 1194 1000 Ludi

81 1028 249 1066 Romani
269 1037 307 1066 et
325 1030 497 1080 adparati
525 1030 726 1079 magnifice
755 1037 856 1073 sunt,
877 1036 915 1066 et
943 1035 1001 1065 ter
1029 1029 1101 1064 toti
1131 1029 1191 1064 in-

81 1095 252 1131 staurati.
287 1094 433 1131 AEdiles
454 1094 589 1145 plebis,
611 1095 681 1131 Cn.
696 1094 891 1130 Domitius
910 1092 1194 1129 Ahenobarbus

81 1163 120 1194 et
139 1158 184 1194 C.
203 1157 422 1194 Scribonius
445 1158 576 1203 Curio,
597 1157 737 1195 multos
757 1157 955 1208 pecuarios
983 1156 1030 1192 ad
1057 1155 1192 1207 populi

58 1221 261 1277 ‘judicium
279 1223 539 1260 adduxerunt:
571 1230 646 1260 tres
668 1236 714 1260 ex
730 1223 790 1258 his
811 1221 1054 1259 condemnati
1074 1227 1162 1257 sunt
1172 1236 1184 1266 3

79 1299 126 1322 ex
146 1298 277 1323 eorum
296 1287 508 1324 multaticia
526 1288 687 1339 pecunia
707 1287 824 1324 aedem
850 1288 889 1323 in
916 1285 1038 1322 insula
1066 1285 1190 1322 Fauni

79 1350 263 1388 fecerunt.
319 1351 420 1389 Ludi
451 1352 590 1403 plebeii
622 1365 689 1404 per
715 1352 873 1389 biduum
905 1350 1120 1395 instaurati,
1152 1354 1190 1386 et

77 1413 230 1465 epulum
247 1415 321 1452 fuit
339 1416 513 1454 ludorum
534 1430 678 1455 caussa.

130 1477 285 1516 XLIII.
314 1479 360 1517 L.
381 1480 552 1517 Valerius
582 1481 739 1518 Flaccus
770 1488 808 1518 et
835 1481 892 1518 M.
913 1480 1086 1524 Porcius,
1111 1490 1186 1529 quo
1199 1487 1292 1518 uc,
1308 1492 1382 1523 5⁵7.

75 1541 134 1577 die
165 1543 429 1591 magistratum
465 1545 646 1588 inierunt,
680 1546 726 1582 de
755 1546 960 1596 provinciis
991 1557 1106 1594 quum
1140 1531 1288 1580 adA‘C·
1308 1538 1382 1563 ¹⁹5*

72 1612 248 1642 senatum
280 1607 511 1651 retulissent,
545 1609 677 1645 Patres
716 1615 958 1653 censuerunt,
995 1610 1111 1651 Quum
1149 1610 1189 1644 in

75 1671 255 1720 Hispania
275 1677 414 1709 tantum
432 1674 598 1721 glisceret
616 1674 762 1714 bellum,
783 1678 824 1708 ut
843 1672 927 1717 jam
955 1674 1134 1706 consulari
1152 1676 1188 1707 et

74 1738 164 1774 duce
192 1744 227 1775 et
255 1741 407 1776 exercitu
436 1752 524 1788 opus
551 1744 650 1782 esset,
676 1739 834 1787 placere,
866 1739 1021 1774 consules
1050 1738 1186 1787 Hispa-

70 1803 169 1838 niam
197 1805 396 1840 citeriorem
415 1809 451 1840 et
476 1805 629 1840 Italiam
652 1805 857 1852 provincias
885 1808 948 1838 aut
977 1814 1187 1850 comparare

72 1868 165 1903 inter
180 1880 229 1910 se,
250 1874 315 1904 aut
331 1870 464 1906 sortiri.
527 1869 610 1905 Utri
638 1870 819 1917 Hispania
845 1869 1033 1916 provincia
1053 1870 1185 1904 evenis-

71 1936 136 1974 set,
156 1944 234 1968 eum
255 1934 345 1969 duas
363 1934 516 1981 legiones
534 1938 570 1969 et
588 1935 743 1982 quinque
761 1935 879 1969 millia
903 1932 1037 1970 sociam
1057 1932 1184 1969 Latini

69 1997 235 2038 nominis,
257 2001 292 2032 et
310 1999 518 2045 quingentos
536 2000 668 2046 equites
691 2010 807 2033 secum
832 2002 994 2045 portare,
1015 2001 1051 2032 et
1078 2009 1185 2033 naves

72 2059 196 2106 longas
231 2062 358 2107 viginti
394 2062 531 2098 ducere.
598 2062 705 2097 Alter
748 2062 870 2097 consul
905 2062 993 2096 duas
1030 2062 1184 2108 legiones

71 2124 246 2162 scriberet.
303 2127 372 2162 His
395 2128 556 2163 Galliam
580 2129 804 2176 provinciam
827 2127 974 2163 obtineri
991 2128 1078 2162 satis
1095 2138 1179 2168 esse,

61 2185 199 2235 fractis
226 2191 392 2236 proximo
420 2203 514 2227 anno
544 2192 746 2227 Insubrium
775 2197 810 2227 et
839 2192 1011 2228 Boiorum
1041 2191 1180 2226 animis.

72 2244 169 2286 Cato
214 2251 454 2303 Hispaniam,
495 2254 666 2291 Valerius
716 2254 868 2292 Italiam
910 2260 967 2290 est
1011 2254 1177 2290 sortitus.

68 2313 257 2353 Praetores
270 2316 401 2354 deinde
422 2319 632 2370 provincias
653 2320 793 2362 sortiti,
812 2318 1059 2357 C.Fabricius
1080 2316 1179 2354 Lus=
