1507 2656
411 209 567 238 LIBER
591 206 760 236 xxxu.
793 207 898 235 CAP.
924 207 1066 235 xxvr.
1210 197 1293 251 363

182 299 289 337 AElio
307 298 461 336 consule
479 304 627 347 gestum
644 311 651 332 ε
684 309 798 345 quum
820 297 913 332 duos
935 298 1121 334 exercitus
1143 297 1182 333 in
1204 311 1293 349 pro·
1307 305 1350 338 U,
1365 306 1402 336 C.
1421 314 1496 338 554.

183 365 308 401 vincia
319 363 527 405 habuisset,
545 374 661 397 unum
673 368 878 405 retentum,
898 375 1009 410 quem
1026 362 1166 398 dimitti
1179 376 1295 413 opor-
1308 353 1345 384 Α·
1362 352 1399 382 C·
1417 357 1490 384 ¹⁹⁸¹

186 428 304 471 tebat,
333 427 392 463 cui
422 427 468 463 L.
490 424 689 462 Cornelius
719 425 927 476 proconsul
949 426 1167 476 pra-fuerat,
1199 428 1298 477 (ipse

185 494 219 530 ei
239 493 282 530 C.
303 491 483 528 Helvium
503 497 704 541 praetorem
724 491 910 541 praefecit)
934 490 1109 534 alterum,
1127 503 1237 540 quem
1258 492 1298 528 in

183 557 417 607 provinciam
445 555 625 601 adduxit3
657 562 782 592 totum
816 569 934 606 prope
967 568 1108 592 annum
1139 555 1298 592 Cremo-

182 620 361 657 nensibus
381 619 689 669 Placentinisque
710 622 889 670 cogendis
911 621 1033 657 redire
1050 621 1089 657 in
1111 620 1296 665 colonias,

182 685 282 722 unde
296 685 386 722 belli
401 685 550 722 casibus
568 686 740 737 dissipati
753 694 874 729 erant,
892 687 1114 724 consumsit.
1152 686 1297 726 Quem-

183 749 387 786 admodum
406 749 533 786 Gallia
557 757 694 800 praeter
718 762 823 800 spem
850 751 979 799 quieta
1008 763 1053 786 eo
1080 763 1181 786 anno
1206 750 1294 793 fuit,

182 814 238 851 ita
257 815 356 851 circa
374 813 504 851 urbem
525 814 668 850 servilis
685 827 803 865 prope
818 814 1002 851 tumultus
1024 815 1209 850 excitatus
1226 819 1294 851 est.
1308 827 1433 859 Sesvffis

182 880 345 917 Obsides
382 881 766 929 Karthaginiensium
805 881 918 917 Setiae
955 881 1292 917 custodiebantur:
1307 871 1481 904 tumultus.

181 957 267 980 cum
293 945 352 988 iis,
374 951 418 980 ut
445 946 659 995 principum
688 945 831 988 liberis,
853 958 990 994 magna
1018 946 1071 981 vis
1103 957 1296 982 servorum

180 1015 283 1045 erat:
331 1009 523 1058 augebant
561 1023 692 1046 eorum
736 1023 948 1052 numerum,
988 1016 1030 1046 ut
1063 1009 1110 1046 ab
1152 1011 1296 1046 recenti

179 1072 313 1110 Africo
341 1072 455 1116 bello,
477 1080 516 1109 et
537 1074 584 1109 ab
610 1075 699 1123 ipsis
729 1074 869 1110 Setinis
891 1075 1041 1124 captiva
1061 1074 1207 1123 aliquot
1226 1087 1295 1121 ηας

180 1138 296 1174 tionis
318 1137 398 1188 ejus
419 1150 465 1174 ex
484 1138 612 1188 praeda
631 1146 732 1175 emta
752 1139 954 1188 mancipia.
1011 1139 1140 1178 Quum
1162 1138 1295 1187 couju-

178 1203 368 1239 rationem
386 1202 579 1246 fecissent,
602 1204 723 1239 missis
745 1216 791 1239 ex
818 1216 863 1239 eo
890 1216 1062 1246 numero,
1085 1204 1150 1252 qui
1168 1203 1208 1239 in
1228 1203 1296 1239 Se-

179 1268 262 1304 tino
283 1279 390 1316 agro,
411 1268 545 1304 deinde
566 1269 667 1305 circa
684 1268 859 1304 Norbam
880 1275 917 1305 et
939 1269 1121 1310 Circeios,
1143 1269 1294 1304 servitia

179 1332 451 1377 sollicitarent3
485 1334 575 1370 satis
599 1333 683 1383 jam
710 1333 886 1369 omuibus
916 1334 1150 1383 praeparatis,
1179 1332 1290 1376 ludis,

179 1397 244 1446 qui
264 1397 377 1433 Setiae
396 1410 515 1447 prope
534 1397 633 1434 diem
654 1397 773 1434 futuri
787 1409 914 1439 ,ei-aut,
933 1397 1150 1447 spectacuio
1166 1398 1291 1441 inteu-

178 1468 260 1497 tum
282 1461 465 1512 populum
489 1463 642 1511 adgredi
664 1469 899 1498 statuerant:
934 1463 1038 1498 Setia
1065 1475 1132 1512 per
1152 1463 1293 1498 caedem

171 1528 476 1576 .et=-i·epentin11m
498 1527 702 1563 tumultum
724 1534 848 1577 captu,
872 1527 1045 1563 Norbam
1066 1534 1103 1563 et
1124 1527 1292 1563 Circeios

177 1603 376 1641 occupare.
433 1589 560 1640 Hujus
588 1592 641 1627 rei
667 1598 746 1628 tam
774 1591 887 1627 foedae
917 1592 1099 1627 indicium
1124 1590 1291 1627 Romam

179 1656 227 1692 ad
255 1655 302 1692 L.
323 1656 541 1693 Cornelium
564 1656 754 1692 Merulam
780 1664 983 1706 praetorem
1004 1655 1107 1692 urbis
1128 1656 1294 1692 delatum

177 1727 246 1756 est.
301 1720 408 1756 Servi
427 1720 501 1756 duo
521 1729 609 1756 ante
629 1720 752 1756 iucem
780 1721 825 1756 ad
854 1733 938 1755 eum
958 1725 1157 1762 venerunt,
1179 1726 1293 1769 atque

175 1783 308 1819 ordine
338 1785 480 1828 omnia,
505 1797 586 1833 quae
614 1790 700 1820 acta
724 1785 928 1833 futuraque
955 1791 1078 1825 erant,
1107 1797 1292 1834 exposue=

173 1854 275 1889 runt.
331 1848 479 1887 Quibus
499 1849 600 1884 domi
628 1848 809 1884 custodiri
823 1847 958 1898 jussis,
980 1843 1293 1899 praet01·,.Sc1]at11

174 1918 311 1948 vocato
327 1912 552 1962 edoctoque‚
564 1926 646 1962 quae
661 1913 803 1949 indices
820 1913 1027 1956 adferrent,
1043 1912 1231 1963 proficisci
1247 1913 1294 1949 ad

172 1989 256 2012 eam
275 1975 581 2026 conjurationem
603 1977 845 2026 quaerendam
866 1985 980 2026 atque
1001 1977 1292 2028 obprimendam

164 2039 310 2091 Jussus,
344 2054 430 2077 cum
461 2041 626 2090 quinque
659 2040 795 2089 legatis
834 2041 1045 2092 profectus,
1085 2040 1218 2077 obvios
1254 2042 1292 2076 in

170 2105 271 2152 agris
291 2112 528 2141 sacramento
555 2112 710 2153 rogatos
732 2118 838 2142 arma
864 2118 998 2155 capere
1027 2112 1064 2140 et
1093 2106 1199 2153 sequi
1227 2118 1292 2140 co-

173 2168 301 2218 gebat.
359 2169 447 2206 Hoc
479 2170 731 2207 tumultuario
760 2170 908 2206 delectu
942 2169 1090 2206 duobus
1125 2169 1292 2206 millibus

176 2232 291 2270 ferme
310 2233 509 2270 homiuum
529 2236 698 2277 armatis,
722 2235 879 2278 Setiam,
902 2234 1094 2276 omnibus,
1115 2247 1191 2282 quo
1208 2246 1292 2284 per·
1307 2247 1482 2288 Obprffiu,

175 2308 294 2347 geret,
312 2298 467 2347 igna1·iS‚
484 2299 587 2335 venit
603 2315 609 2335 :
637 2299 690 2336 ibi
711 2300 848 2349 raptim
864 2298 1098 2350 principibus
1116 2297 1294 2349 conjura·

175 2362 290 2399 tionis
310 2363 609 2414 comprehensiS,
637 2363 730 2414 fuga
750 2376 943 2401 servorum
965 2376 1010 2400 ex
1031 2363 1172 2414 oppido
1192 2361 1294 2400 facta

698 2428 777 2466 R2
