1523 2666
53 285 140 315 U.C.
159 289 235 316 546.

50 328 90 358 A.
105 328 140 359 C.
159 334 234 361 206.

247 177 300 232 98
690 194 734 222 Τ.
757 194 892 224 mvn

244 279 342 316 visas
361 291 455 316 esse.
498 279 604 316 Caere
623 293 759 331 porcus
778 282 921 334 biceps,
942 291 980 321 et
999 298 1118 334 agnus
1137 298 1217 324 mas
1237 287 1356 326 idem-

245 357 316 393 que
344 343 487 381 femina
515 352 625 381 natus
656 355 748 384 erat.
804 347 857 384 Et
885 348 993 386 Albae
1027 351 1100 387 duo
1128 350 1226 388 soles
1255 353 1356 388 visos

243 406 459 444 referebant
478 422 485 443 :
518 415 555 444 et
574 416 687 445 nocte
709 409 888 460 Fregellis
918 412 1038 450 lucem
1061 413 1249 451 obortam.
1304 415 1359 452 Et

242 470 313 507 bos
333 472 371 507 in
393 484 484 520 agro
507 471 683 508 Romano
711 473 873 517 locutus,
895 482 931 511 et
952 489 1017 513 ara
1035 477 1206 527 Neptuni
1237 477 1361 515 multo

241 535 380 571 sudore
417 548 590 572 manasse
627 537 666 571 in
703 538 804 573 circo
840 538 1029 576 Flaminio
1067 540 1285 577 dicebatur:
1321 548 1361 578 et

240 599 342 636 aedes
363 600 525 642 Cereris,
543 599 697 644 Salutis,
719 601 871 640 Quirini
891 603 936 639 de
965 603 1064 640 coelo
1083 612 1207 641 tactae.
1264 605 1359 642 Pro—

243 665 345 713 digia
383 664 555 701 consules
593 665 728 701 hostiis
766 666 975 715 majoribus
1009 681 1215 719 procurare
1243 668 1359 719 jussi,

243 733 282 762 et
310 725 627 776 supplicationem
662 740 778 764 unum
808 729 906 765 diem
936 730 1087 767 habere.
1144 731 1203 767 Ea
1233 744 1279 767 ex
1293 743 1361 769 ,se-

242 791 535 827 natusconsulto
568 791 682 828 facta.
740 791 828 828 Plus
861 794 1037 829 omnibus
1075 800 1141 829 aut
1170 795 1361 831 nunciatis

242 867 413 906 peregre,
434 864 500 891 aut
519 857 599 891 visi?
627 856 730 891 domi
750 857 946 906 prodigiiS,
967 858 1103 894 terruit
1122 859 1267 894 animos
1286 859 1359 895 ho-

242 920 386 955 minum
408 920 504 968 ignis
527 920 564 954 in
588 919 666 955 aede
685 919 811 956 Vestae
837 921 1069 957 exstinctus:
1102 921 1360 971 caesaque‘fla-

243 996 313 1033 gro
342 991 400 1020 est
421 984 597 1028 Vestalis,
619 984 725 1034 cujus
756 985 929 1021 custodia
957 986 1080 1021 noctis
1111 985 1190 1034 eius
1220 986 1359 1031 fuerat,

237 1046 348 1098 jussu
388 1048 429 1084 P.
461 1047 600 1084 Licinii
638 1048 841 1098 pontificis.
899 1048 944 1085 Id
983 1062 1225 1099 quamquam,
1262 1049 1361 1087 nihil

244 1112 558 1163 portendentibus
588 1112 696 1156 Deis,
733 1121 899 1149 ceterum
932 1113 1162 1163 negligentia
1196 1115 1364 1152 humana

247 1177 448 1219 acciderat,
471 1183 596 1213 tamen
628 1186 664 1212 et
694 1177 830 1213 hostiis
861 1176 1067 1226 majoribus
1094 1180 1303 1228 procurari,
1325 1184 1364 1215 et

246 1241 561 1292 supplicationem
610 1242 658 1277 ad
694 1241 820 1277 Vestae
856 1240 987 1276 haberi
1025 1241 1178 1290 placuit.
1233 1242 1364 1278 Prius-

246 1319 357 1355 quam
393 1306 722 1356 proficiscerentur
753 1305 927 1341 consules
962 1306 1007 1341 ad
1042 1306 1196 1349 bellum,
1227 1307 1364 1343 moniti

247 1370 294 1406 ab
319 1378 452 1407 senatu
482 1377 584 1413 sunt,
605 1375 645 1406 ut
673 1372 711 1406 in
740 1382 844 1417 agros
872 1371 1079 1406 reducendae
1098 1372 1212 1419 plebis
1240 1383 1363 1407 curam

248 1435 426 1470 haberent.
483 1434 607 1470 Betim
645 1434 862 1482 benignitate
904 1434 1103 1471 submotum
1146 1435 1276 1471 bellum
1321 1435 1365 1471 ab

241 1499 330 1548 *urbe
350 1500 515 1536 Romana
535 1504 569 1535 et
591 1498 700 1535 Latio
719 1510 802 1540 esse,
824 1503 859 1533 et
876 1511 978 1546 posse
995 1500 1070 1534 sine
1088 1504 1184 1535 metu
1213 1501 1249 1534 in
1268 1500 1365 1546 agris

247 1563 415 1600 habitari.
472 1564 627 1599 stlinime
644 1565 837 1606 convenire,
859 1563 1007 1607 Siciliae,
1022 1577 1130 1612 quam
1150 1565 1283 1607 Italiae,
1304 1577 1362 1600 co-

250 1628 363 1664 lenda>
390 1627 558 1674 majorem
591 1641 714 1664 curam
743 1641 824 1664 esse.
883 1628 955 1664 Sed
986 1641 1042 1664 res
1071 1629 1363 1678 haudquaquam

248 1700 330 1728 erat
345 1692 488 1743 populo
508 1692 643 1735 facilis,
661 1699 698 1728 et
716 1692 844 1728 liberis
864 1692 1072 1729 cultoribus
1089 1693 1190 1729 bello
1211 1693 1362 1729 absum-

248 1757 313 1801 tis,
334 1764 372 1794 et
400 1758 529 1807 inopia
559 1757 812 1800 servitiorum,
834 1764 870 1793 et
900 1770 1036 1807 pecore
1064 1757 1226 1807 direpto,
1247 1756 1364 1793 villis-

249 1834 321 1870 que
341 1822 474 1858 dirutis
495 1829 560 1858 aut
579 1822 765 1858 incensis:
797 1833 935 1870 magua
956 1828 1083 1858 tamen
1113 1834 1198 1871 pars
1229 1827 1362 1858 aucto-

248 1887 361 1923 ritate
381 1886 578 1923 consulum
599 1886 792 1936 compulsa
812 1887 848 1921 in
871 1898 981 1934 agros
1002 1886 1231 1934 remigravit.
1271 1885 1360 1922 Mo-

246 1958 380 1988 verant
400 1958 526 1987 autem
543 1949 702 2000 hujusce
721 1951 774 1986 rei
794 1951 1027 1986 mentionem
1052 1949 1362 1986 Placentinorum

247 2021 287 2051 et
307 2015 621 2052 Cremonensium
641 2014 1006 2064 legati,'que1·entes‚
1027 2027 1160 2063 agrum
1186 2027 1295 2051 suum
1314 2014 1362 2051 ab

248 2079 390 2116 adcolis
408 2079 527 2116 Gallis
547 2080 729 2116 incursari
760 2092 803 2116 ac
822 2079 976 2122 vastari,
997 2091 1248 2127 magnamque
1276 2091 1363 2129 par-

248 2151 325 2182 tem
353 2143 574 2180 colonorum
597 2156 750 2180 suorum
769 2143 953 2193 dilapsam
973 2157 1066 2186 esse,
1088 2151 1126 2179 et
1144 2143 1364 2192 infrequen-

246 2215 303 2245 tes
334 2221 374 2245 se
407 2208 532 2252 urbes,
566 2221 699 2258 agrum
729 2215 876 2244 vastum
911 2221 954 2244 ac
987 2208 1176 2244 desertum
1209 2207 1363 2245 habere.

245 2273 422 2310 Mamilio
450 2274 603 2325 praetori
635 2273 867 2317 mandatum,
900 2279 941 2309 ut
971 2272 1140 2309 colonias
1175 2272 1221 2309 ab
1252 2273 1365 2308 hoste

246 2344 428 2375 tueretur.
485 2337 670 2376 Consules
699 2351 747 2375 ex
778 2336 1111 2375 senatusconsulto
1149 2337 1362 2379 edixerunt,
