1523 2666
99 266 190 298 U.C.
207 275 277 299 552.

95 315 136 341 Λ.
152 311 188 342 C.
204 320 279 343 200.

96 392 196 422 Ducit

96 437 247 467 Amen-as.

296 150 379 217 298
743 176 789 204 T.
813 176 951 205 LIVII

293 265 350 302 bis
378 279 493 315 quum
519 265 697 311 venisset,
726 267 856 317 paucis
886 267 963 311 vix,
985 267 1049 317 qui
1078 267 1282 319 sepelirent
1306 267 1410 306 bello

293 329 503 374 absumtos,
525 330 681 374 relictis,
713 343 818 380 aeque
851 331 991 382 raptim
1019 344 1063 368 ac
1093 339 1263 376 venerat,
1282 340 1409 370 trans-

291 406 441 442 gressus
467 401 585 445 ponte
612 395 813 445 Euripum,
835 408 901 446 per
929 396 1124 433 Boeotiam
1143 397 1316 434 Athenas
1337 396 1407 434 du-

290 460 356 502 cit,
381 459 462 509 pari
493 459 646 508 incepto
671 459 772 495 haud
803 459 989 509 disparem
1017 466 1195 497 eventum
1221 466 1324 497 ratus
1348 473 1407 496 re-

288 536 535 575 sponsurum:
569 529 607 559 ct
636 524 907 574 respondisset,
931 525 972 561 ni
997 524 1228 575 speculator,
1259 525 1407 573 (heme-

286 588 485 625 rodromos
505 593 646 624 vocant
667 588 805 631 Graeci,
827 588 960 637 ingens
990 588 1049 625 die
1075 602 1152 625 uno
1172 602 1285 626 cursu
1304 601 1407 627 eme-

287 653 425 689 tieutes
462 653 661 702 spatium‚)
703 652 982 702 contemplatus
1026 653 1173 702 regium
1209 666 1346 702 agmen
1383 666 1405 691 e

287 716 439 768 specula
471 717 645 766 quadani,
676 728 903 766 praegressus
935 723 1050 753 nocte
1080 717 1204 753 media
1228 717 1403 754 Athenas

284 783 531 834 pervenisset.
588 782 694 818 Idem
715 781 767 817 ibi
789 794 959 825 somnus,
981 781 1186 831 eademque
1203 781 1404 832 negligen-

283 847 338 883 tia
357 852 556 896 e1·at,‘quae
585 846 805 883 Chalcidem
839 846 918 882 dies
945 851 1034 882 ante
1059 858 1201 897 paucos
1223 846 1402 897 prodide-

281 917 353 948 rat.
409 911 583 948 Excitati
612 911 754 948 nuncio
781 911 930 962 trepido
961 917 999 947 et
1026 916 1168 962 praetor
1185 910 1401 948 Athenien-

282 976 393 1020 sium,
411 981 450 1012 et
468 975 686 1027 Dioxippus
707 975 907 1027 praefectus
929 975 1097 1012 cohortis
1113 974 1285 1011 mercede
1299 974 1402 1012 mili-

280 1041 447 1077 tantium
466 1041 714 1085 auxiliorum,
735 1041 955 1077 convocatis
982 1040 1022 1076 in
1050 1039 1177 1076 forum
1197 1039 1399 1084 militibus,

278 1105 372 1142 tuba
401 1106 552 1155 signum
583 1118 629 1142 ex
655 1119 741 1142 arce
770 1106 850 1142 dari
869 1105 1025 1156 jubent,
1046 1110 1089 1141 ut
1110 1105 1240 1142 hostes
1266 1104 1398 1142 adesse

277 1183 408 1206 omnes
439 1171 603 1206 scirent:
636 1171 692 1207 ita
724 1170 891 1219 undique
925 1170 973 1206 ad
1005 1176 1151 1220 portaS,
1186 1169 1235 1206 ad
1264 1182 1393 1207 muros

277 1234 502 1271 discurrunt.
558 1234 704 1271 Paucas
723 1240 811 1285 post
827 1234 940 1270 horas
960 1233 1175 1285 Philippus,
1197 1233 1396 1284 aliquanto

281 1305 405 1335 tamen
432 1305 520 1335 ante
551 1299 689 1342 lucem,
717 1300 1027 1350 adpropinquans
1058 1298 1157 1342 urbi,
1179 1300 1394 1350 conspectis

276 1363 482 1400 luminibus
503 1363 658 1408 crebris,
680 1371 719 1401 et
733 1365 888 1401 fremitu
906 1364 1106 1401 hominum
1121 1363 1395 1415 trepidantium

282 1429 341 1475 (ut
370 1429 409 1464 in
441 1428 510 1465 tali
539 1428 723 1477 tumultu)
757 1430 950 1473 exaudito,
981 1429 1163 1466 sustinuit
1189 1429 1321 1478 signa:
1354 1436 1394 1467 et

278 1493 473 1529 considere
502 1506 548 1529 ac
579 1493 847 1542 conquiescere
880 1506 1017 1542 agmen
1040 1492 1173 1543 jussit,
1193 1494 1230 1530 vi
1260 1500 1392 1544 aperta

273 1557 470 1607 propalam
504 1570 653 1601 usuruS,
687 1558 840 1606 quando
870 1571 1004 1608 parum
1038 1557 1146 1594 dolus
1180 1557 1390 1608 profuerat.

273 1622 335 1657 Ab
367 1622 512 1673 Dipylo
539 1623 720 1659 accessit:
753 1628 866 1672 porta
895 1636 953 1666 ea,
984 1621 1088 1659 velut
1120 1623 1160 1658 in
1193 1635 1259 1659 ore
1287 1623 1389 1661 urbis

273 1686 412 1736 posita,
434 1685 558 1736 major
583 1685 781 1735 aliquanto
801 1687 1084 1737 patentiorque,
1106 1699 1218 1735 quam
1238 1693 1388 1732 ceterae,

273 1757 352 1786 est:
386 1756 424 1786 et
450 1751 551 1787 intra
577 1763 660 1787 eam
680 1757 864 1800 extraque
883 1751 969 1788 latae
990 1756 1078 1787 sunt
1098 1751 1181 1795 viae,
1201 1757 1244 1788 ut
1262 1759 1300 1788 et
1319 1765 1390 1804 op-

272 1815 401 1866 pidani
421 1815 581 1864 dirigere
602 1815 722 1851 aciem
751 1829 773 1852 a
794 1815 882 1853 foro
902 1816 948 1853 ad
968 1822 1118 1868 portam
1138 1824 1316 1867 possent:
1350 1822 1389 1854 et

272 1887 380 1917 extra
398 1880 506 1916 limes
526 1879 628 1916 mille
654 1879 772 1918 ferme
801 1894 947 1932 passuS,
967 1882 1008 1918 in
1033 1882 1248 1919 Academiae
1277 1895 1387 1932 gym—

270 1946 420 1982 nasium
456 1944 595 1988 ferens,
633 1946 752 1996 pediti
794 1947 987 1996 equitique
1019 1947 1187 1983 hostium
1224 1945 1388 1985 liberum

271 2010 434 2060 spatium
454 2008 651 2059 praeberet.
708 2009 769 2046 Eo
789 2009 910 2046 limite
931 2011 1185 2047 Athenienses
1206 2023 1291 2047 cum
1310 2012 1383 2047 At-

270 2075 337 2111 tali
356 2074 532 2125 praesidio
553 2080 590 2110 et
610 2075 768 2111 cohorte
787 2075 989 2127 Dioxippi,
1011 2075 1092 2112 acie
1111 2076 1212 2111 intra
1231 2083 1383 2126 portam

270 2141 468 2182 instructa,
491 2140 601 2188 signa
622 2140 854 2177 extulerunt.
902 2141 1017 2181 Quod
1037 2140 1100 2177 ubi
1115 2140 1313 2192 Philippus
1325 2142 1383 2180 vi-

268 2205 334 2248 dit,
353 2204 493 2241 habcre
515 2217 553 2240 se
579 2205 708 2241 hostes
738 2206 776 2242 in
806 2212 999 2256 potestate
1026 2212 1145 2249 ratus,
1168 2212 1205 2242 et
1225 2207 1289 2243 diu
1311 2220 1381 2258 op-

271 2274 349 2305 tata
369 2269 468 2305 caede
492 2270 630 2318 (neque
651 2270 750 2306 enim
770 2270 837 2306 ulli
854 2270 1072 2307 Graecarum
1092 2271 1300 2307 civitatium
1322 2272 1380 2308 in-

265 2333 399 2371 festior
427 2336 524 2381 erat)
554 2334 804 2385 expleturum,
833 2336 1055 2372 cohortatus
1084 2335 1240 2380 milites,
1266 2341 1319 2379 ut,
1343 2348 1380 2373 se
