1507 2656
384 175 537 203 LIBER
562 174 753 203 xxvul.
786 173 892 202 cAr.
916 173 1027 203 XIV.
1183 175 1259 218 103

154 261 264 298 nibus
301 261 471 305 firmatis,
508 261 619 297 sociis
653 261 691 297 in
729 261 891 297 mediam
927 261 1047 297 aciem
1083 263 1456 342 acceptis’g'g'⁵⁴⁶⁰

1305 324 1315 342 ’.
1356 314 1456 342 .206.

157 324 387 367 Hasdrubal,
407 324 571 361 clamore
590 325 757 373 equitum
779 325 978 368 excitatus,
999 331 1042 360 ut
1070 337 1117 362 ex
1135 325 1264 362 taber-

156 388 294 425 naculo
313 388 500 439 prosiluit,
520 389 798 437 tumultumque
827 394 914 424 ante
932 388 1072 425 vallum
1092 396 1129 426 et
1147 390 1263 440 trepi-

154 451 346 487 dationem
366 465 533 495 suorum,
555 459 592 488 et
613 452 744 502 procul
774 453 883 500 signa
902 452 1094 501 legionum
1113 453 1263 502 fulgen-

153 515 220 557 tia,
243 515 446 564 plenosque
466 517 632 552 hostium
650 529 801 566 campos
822 517 928 559 vidit,
949 517 1158 565 equitatum
1181 531 1263 554 om-

153 592 239 616 nem
258 582 448 631 extemplo
467 583 506 619 in
526 584 670 631 equites
691 582 853 619 emittit:
886 583 965 632 ipse
985 594 1069 618 cum
1095 581 1265 631 peditum

153 644 304 692 agmine
323 647 454 682 castris
471 647 683 695 egreditur:
716 659 786 682 nec
806 660 851 682 ex
871 647 1002 682 ordine
1022 646 1136 682 solito
1155 647 1264 695 quid-

155 719 267 755 quam
287 710 366 744 acie
386 710 606 746 instruenda
625 718 759 746 mutat.
816 710 999 758 Equitum
1011 709 1094 760 jam
1114 710 1178 745 diu
1197 723 1265 745 an-

152 783 238 820 ceps
259 784 386 821 pugna
412 780 517 810 erat:
550 787 619 810 nec
649 775 730 823 ipsa
758 786 824 823 per
853 786 892 809 se
921 773 1070 809 decerni
1099 780 1265 822 poterat,

153 836 241 883 quia
259 835 374 885 pulsis
408 838 526 886 (quod
551 851 668 887 prope
697 839 734 874 in
768 839 885 874 vicem
914 837 1046 884 fiebat)
1078 837 1118 873 in
1148 838 1268 873 aciem

152 899 321 948 peditum
358 908 462 938 tutus
499 910 670 951 receptus
709 909 814 938 erat:
855 902 920 938 sed
957 902 1021 938 ubi
1051 901 1134 952 jam
1166 900 1269 938 haud

152 961 235 1012 plus
273 966 501 1014 quingentos
539 979 670 1016 passus
708 968 806 1003 acies
842 967 942 1002 inter
977 979 1058 1002 sese
1095 966 1268 1010 aberant,

154 1027 264 1075 signo
301 1030 467 1078 receptui
502 1030 604 1073 dato,
641 1031 782 1080 Scipio,
817 1030 1092 1080 patefactisque
1124 1029 1268 1065 ordini-

152 1089 237 1133 bus,
275 1094 483 1140 equitatum
521 1106 671 1130 omnem
708 1094 903 1143 levemque
945 1100 1189 1137 armaturam,
1227 1094 1268 1130 in

153 1155 318 1192 medium
356 1165 549 1208 acceptam
585 1158 817 1207 divisamque
845 1159 882 1194 in
919 1164 1044 1208 partes
1082 1158 1187 1200 duas,
1226 1157 1266 1194 in

155 1218 328 1255 subsidiis
355 1229 443 1271 post
469 1234 612 1258 cornua
640 1221 752 1258 locat.
810 1221 919 1265 Inde,
948 1221 1013 1257 ubi
1043 1221 1267 1271 incipienda

147 1281 228 1332 jam
259 1297 395 1333 pugnae
423 1294 570 1335 tempus
592 1292 685 1329 erat,
717 1285 911 1336 Hispanos
936 1288 998 1333 (ea
1016 1286 1138 1322 media
1168 1286 1266 1322 acies

151 1346 241 1393 fuit)
277 1361 406 1398 presso
436 1351 555 1398 gradu
583 1351 755 1387 incedere
784 1350 919 1400 jubet:
966 1351 1047 1400 ipse
1080 1363 1100 1386 e
1132 1350 1267 1386 dextro

155 1424 273 1448 cornu
296 1413 365 1460 (ibi
385 1427 546 1462 namque
565 1416 740 1464 praeerat)
763 1415 943 1450 nuncium
972 1414 1018 1450 ad
1038 1413 1209 1450 Silanum
1229 1421 1267 1450 et

153 1473 343 1512 RIarcium
372 1478 503 1519 mittit,
538 1484 579 1513 ut
611 1490 730 1513 cornu
759 1477 1006 1513 extenderent
1038 1478 1077 1512 in
1115 1478 1268 1514 sinistra

155 1545 275 1588 parte,
297 1541 608 1589 quemadmodum
638 1553 676 1576 se
705 1541 924 1577 tendentem
953 1554 975 1576 a
994 1540 1126 1577 dextra
1154 1541 1267 1577 vidis-

157 1609 264 1638 sent:
297 1611 335 1638 et
361 1616 445 1639 cum
476 1604 658 1654 expeditis
693 1604 862 1654 peditum
895 1605 1138 1653 equitumque
1164 1605 1266 1654 prius

154 1678 320 1716 pugnam
341 1675 581 1702 consererent
600 1680 685 1703 cum
705 1668 828 1710 hoste,
849 1680 961 1716 quam
981 1668 1082 1703 coire
1111 1668 1210 1703 inter
1229 1680 1268 1704 se

155 1731 287 1766 mediae
320 1732 416 1767 acies
448 1738 614 1781 possent.
672 1732 732 1767 Ita
765 1732 924 1768 diductis
955 1733 1147 1776 cornibus,
1182 1745 1269 1770 cum

156 1796 271 1831 ternis
301 1795 469 1846 peditum
498 1796 732 1839 cohortibus,
764 1797 955 1845 ternisque
988 1797 1156 1845 equitum
1186 1804 1266 1833 tur-

155 1859 240 1902 mis,
261 1859 307 1894 ad
327 1860 400 1895 hoc
419 1859 608 1903 velitibus,
630 1861 747 1896 citato
771 1861 890 1909 gradu
918 1862 957 1896 in
985 1861 1135 1897 hostem
1155 1861 1267 1897 duce-

155 1921 262 1964 bant,
281 1923 522 1971 sequentibus
543 1924 581 1959 in
602 1923 798 1972 obliquum
827 1924 922 1961 aliis.
980 1925 1091 1960 Sinus
1121 1926 1159 1961 iu
1190 1938 1267 1961 me·

156 1985 218 2022 dio
252 1993 345 2029 erat,
380 1987 469 2035 quia
497 1988 648 2035 segnius
677 1987 937 2037 Hispanorum
974 1988 1083 2037 signa
1117 1989 1269 2025 incede-

156 2048 276 2084 bant:
308 2056 346 2085 et
367 2048 449 2099 jam
470 2051 719 2087 conflixerant
749 2065 904 2095 cornua,
925 2065 1055 2101 quum,
1076 2054 1177 2102 quod
1206 2066 1268 2090 ro-

155 2112 257 2148 boris
287 2113 326 2148 in
355 2115 435 2149 acie
464 2115 631 2151 hostium
661 2122 754 2159 erat,
785 2116 895 2152 Poeni
923 2118 1090 2153 veterani
1109 2117 1268 2166 Afrique

158 2175 325 2212 nondum
355 2177 402 2213 ad
419 2177 485 2213 teli
509 2178 722 2228 conjectum
753 2180 957 2222 venissent,
978 2192 1100 2229 neque
1127 2181 1165 2216 in
1186 2193 1270 2217 cor-

159 2251 246 2281 nua,
269 2246 310 2275 ut
338 2240 559 2290 adjuvarent
587 2249 814 2292 pugnantes,
837 2242 1044 2279 discurrere
1074 2243 1268 2288 auderent,

158 2314 205 2338 ne
247 2305 435 2354 aperirent
471 2307 787 2348 mediam'aciem
827 2308 993 2344 venienti
1030 2320 1076 2344 ex
1113 2309 1269 2346 adverso

680 2369 752 2407 F4
