1523 2666
80 290 122 323 U.
135 295 172 324 C.
189 299 258 324 543.

78 335 118 365 A.
132 338 169 369 C.
186 343 259 369 209.

275 196 327 237 28
723 209 768 236 T.
796 209 929 238 mvn

274 297 375 334 tibus
404 297 748 348 recipientibusque
779 299 964 344 Bruttiis;
998 305 1036 334 et
1062 304 1321 335 transcensum
1350 298 1391 334 in

273 362 405 399 urbem
425 368 481 399 est
501 377 507 398 :
540 363 628 398 inde
657 369 694 398 et
724 365 897 412 proxima
926 364 1089 400 refracta
1107 370 1234 414 porta,
1254 370 1297 399 ut
1314 363 1390 400 fre-

272 429 404 477 quenti
441 427 593 476 agmine
630 427 739 476 signa
776 428 1015 465 inferrentur.
1071 429 1185 471 Tum,
1224 426 1391 463 clamore

272 491 439 535 sublato,
460 491 529 527 sub
551 497 676 527 ortum
695 491 813 527 ferme
833 491 942 534 lucis,
963 492 1068 528 nullo
1089 492 1203 528 obvio
1226 497 1389 534 armato,

270 557 310 592 in
345 556 470 592 forum
504 556 729 606 perveniunt
749 570 755 591 :
793 568 1000 605 omnesque
1033 557 1210 605 undique,
1245 556 1309 605 qui
1343 554 1391 591 ad

270 633 396 657 arcem
416 626 643 670 portumque
663 619 900 669 pugnabant,
920 621 959 655 in
980 633 1019 656 se
1040 625 1321 656 converterunt.

323 684 435 721 XVI.
462 683 646 720 Proelium
666 684 704 719 in
725 684 829 719 aditu
848 683 922 719 fori
943 683 1087 734 majore
1107 685 1253 734 inpetu,
1275 695 1389 733 quam

267 749 562 800 perseverantia,
584 748 826 784 commissum
846 756 903 784 est
921 763 928 785 ς
962 762 1038 785 non
1065 750 1208 791 animo,
1229 761 1308 784 non
1328 760 1389 783 ar-

266 816 353 858 mis,
374 827 453 851 non
473 820 554 850 arte
573 812 677 856 belli,
698 826 776 849 non
798 814 926 862 vigore
946 820 1012 849 aut
1032 813 1173 849 viribus
1200 813 1388 862 corporis,

266 891 336 930 par
355 878 535 915 Romano
555 878 785 914 Tarentinus
817 884 910 914 erat.
968 877 1105 926 Igitur,
1122 877 1207 928 pilis
1237 883 1388 913 tantum

268 943 468 994 conjectis,
488 943 591 993 prius
613 955 722 992 pene,
747 955 859 992 quam
880 951 1124 979 consererent
1142 954 1290 985 manus,
1311 948 1389 977 ter-

267 1022 317 1057 ga
350 1009 548 1051 dederunt,
584 1007 792 1057 dilapsique
825 1020 892 1057 per
925 1013 1018 1042 nota
1048 1007 1150 1043 urbis
1182 1008 1320 1042 itinera
1348 1007 1387 1041 in

267 1085 353 1108 suas
383 1073 665 1120 amicorumque
695 1071 841 1107 domos.
898 1071 989 1107 Duo
1019 1084 1065 1106 ex
1095 1070 1253 1106 ducibus
1283 1070 1386 1107 Nico

267 1143 306 1173 et
325 1136 575 1172 Democrates
595 1135 746 1171 fortiter
776 1142 989 1185 pugnantes
1022 1136 1201 1172 cecidere.
1258 1134 1387 1171 Phile-

266 1214 413 1245 menus,
436 1201 499 1250 qui
530 1201 756 1250 proditionis
788 1202 833 1237 ad
861 1200 1121 1237 Hannibalem
1150 1207 1283 1236 auctor
1302 1200 1386 1236 fue-

265 1272 340 1309 rat,
361 1279 477 1315 quum
498 1266 616 1301 citato
637 1278 734 1314 equo
756 1278 801 1301 ex
822 1265 958 1315 proelio
984 1272 1135 1301 avectus
1167 1272 1288 1310 csset3
1320 1278 1386 1300 va-

266 1343 336 1380 gus
357 1330 485 1380 paullo
516 1337 603 1379 post
633 1342 748 1378 equus
776 1342 902 1365 errans
934 1342 1000 1379 per
1031 1329 1160 1365 urbem
1181 1330 1384 1378 cognitus3

267 1407 403 1444 corpus
424 1406 611 1442 nusquam
631 1394 826 1428 inventum
848 1399 926 1428 est:
960 1393 1144 1429 creditum
1173 1393 1287 1442 vulgo
1316 1400 1388 1436 est,

267 1460 306 1495 in
327 1465 483 1509 puteum
504 1465 675 1508 apertum
696 1470 742 1493 ex
766 1471 863 1506 equo
893 1459 1160 1507 praecipitasse.
1217 1458 1388 1494 Kartha-

267 1523 395 1559 lonem
416 1528 556 1564 autem,
577 1520 798 1571 praefectum
824 1521 988 1570 prresidii
1009 1522 1156 1564 Punici,
1179 1535 1264 1558 cum
1283 1535 1388 1558 com-

266 1587 543 1624 memoratione
563 1586 711 1635 paterni
732 1586 902 1636 hospitii,
924 1587 1057 1635 positis
1082 1588 1210 1629 armis,
1231 1587 1386 1623 venien-

266 1658 345 1687 tem
383 1651 429 1687 ad
467 1649 685 1691 consulem,-
715 1649 820 1685 miles
859 1650 990 1686 obvius
1035 1651 1251 1688 obtruncat.
1309 1651 1388 1688 Alii

269 1716 363 1752 alios
384 1715 522 1765 passim
554 1715 634 1750 sine
664 1714 879 1750 discrimine
910 1723 1089 1759 armatos,
1118 1717 1294 1760 inermes,
1316 1730 1388 1753 cae-

269 1782 377 1823 dunt,
399 1779 743 1828 Karthaginienses
764 1779 1070 1829 Tarentinosque
1089 1782 1242 1831 pariter.
1272 1781 1389 1817 Brut—

268 1846 310 1881 tii
343 1857 493 1894 quoque
513 1843 622 1880 multi
643 1843 846 1887 interfecti,
869 1858 933 1880 seu
954 1858 1020 1894 per
1041 1858 1219 1888 errorem,
1241 1858 1306 1881 sen
1326 1859 1391 1882 ve·

267 1916 348 1946 tere
368 1909 407 1945 in
428 1921 491 1945 eos
513 1909 628 1944 insito
649 1909 750 1951 odio,
773 1921 837 1944 seu
858 1910 903 1945 ad
923 1910 1148 1959 proditionis
1168 1910 1307 1946 famam
1332 1913 1392 1959 (ut

268 1974 305 2009 vi
325 1973 451 2023 potius
473 1979 586 2021 atque
615 1973 727 2008 armis
758 1982 910 2022 captum
940 1973 1150 2010 Tarentum
1178 1975 1386 2022 videretur)

269 2036 599 2085 exstinguendam.
655 2036 754 2072 Tum
784 2036 831 2072 ab
862 2037 962 2073 czede
982 2038 1029 2073 ad
1049 2038 1297 2088 diripiendam
1327 2052 1389 2075 ur-

268 2101 357 2138 bem
377 2101 585 2137 discursum
602 2115 609 2136 :
633 2101 750 2136 millia
766 2101 923 2150 triginta
940 2102 1131 2138 servilium
1149 2104 1316 2154 capitum
1332 2104 1389 2140 di·

270 2173 409 2202 cuntur
424 2166 544 2216 capti:
564 2167 710 2215 argenti
729 2167 780 2201 vis
794 2167 927 2215 ingens
941 2167 1032 2203 facti
1046 2168 1261 2217 signatique
1277 2185 1283 2204 :
1303 2169 1385 2204 auri

270 2231 470 2279 octoginta
489 2230 564 2267 tria
583 2230 700 2267 millia
719 2231 848 2281 pondo
864 2246 871 2266 :
895 2232 1004 2281 signa
1022 2232 1252 2281 tabulaeque,
1269 2247 1389 2285 prope

272 2302 313 2330 ut
335 2295 604 2344 Syracusarum
625 2303 851 2333 ornamenta
871 2298 1113 2346 aequaverint.
1152 2297 1225 2334 Sed
1244 2298 1391 2350 majore

271 2360 399 2397 animo
429 2362 576 2410 generis
607 2360 687 2413 ejus
716 2362 845 2414 praeda
874 2362 1059 2400 abstinuit
1086 2361 1243 2409 Fabius,
1277 2377 1389 2414 quam
