1507 2656
287 178 435 208 LIBER
462 173 580 205 XXX.
614 175 718 203 CAP.
743 175 921 204 XXXIV.
1074 172 1152 217 257

50 265 347 301 incumbentium
373 265 411 299 in
442 263 611 298 hostem:
646 263 885 298 concursatio
912 268 949 298 et
978 261 1155 298 velocitas
1171 264 1260 295 U.C.
1277 271 1350 294 550.

52 330 152 366 illinc
186 329 319 379 major,
357 341 469 377 qnam
495 328 561 363 vis.
619 326 742 375 Igitur
770 327 892 376 primo
929 327 1060 376 inpetu
1093 308 1349 362 ex—A'C'202'

51 393 191 442 templo
222 405 371 429 movere
400 392 485 428 loco
523 392 690 427 hostium
728 392 846 427 aciem
875 391 1066 427 Romani:
1100 391 1160 427 ala

0 476 2 478 v
50 458 181 493 deinde
201 464 237 492 et
259 456 484 493 umbonibus
514 456 720 506 pulsantes,
748 457 787 491 in
816 455 1012 491 submotos
1042 455 1161 503 gradu

51 521 182 563 inlato,
204 521 438 569 aliquantum
467 521 593 570 spatii,
614 520 717 556 velut
745 519 849 556 nullo
869 520 1081 561 resistente,
1102 519 1160 554 in-

49 591 214 630 cessere3
248 585 467 634 urgentibus
492 592 530 620 et
558 585 770 620 novissimis
799 585 954 634 primos,
975 589 1018 619 ut
1046 581 1161 619 semel

47 656 193 686 motam
213 650 331 685 aciem
351 662 525 695 sensere3
558 649 659 698 quod
680 650 803 699 ipsum
822 649 897 684 vim
917 661 1091 697 magnam
1113 646 1161 684 ad

49 713 262 763 pellendum
281 714 430 750 hostem
460 713 635 750 addebat.
693 713 807 763 Apud
835 714 979 755 hostes,
1001 712 1159 748 auxilia-

48 789 105 812 res
126 778 297 813 cedentes
317 777 481 813 secunda
509 778 621 820 acies,
644 777 727 813 Afri
747 783 785 813 et
803 777 1160 825 Karthaginienses,

50 842 144 877 adeo
165 854 242 877 non
272 842 524 884 sustinebant,
546 848 588 877 ut
607 848 740 877 contra
759 842 887 884 etiam,
911 854 958 877 ne
983 841 1161 876 resisten-

48 910 105 940 tes
138 905 383 954 pertinaciter
412 906 552 955 primos
584 905 761 942 caedendo
792 905 838 941 ad
875 918 914 941 se
950 904 1164 955 perveniret

49 969 184 1011 hostis,
222 969 354 1018 pedem
401 970 595 1006 referrent.
652 970 777 1018 Igitur
822 969 1020 1007 auxiliares
1057 975 1166 1017 terga

48 1032 140 1068 dant
159 1038 420 1082 repenteaet,
442 1034 480 1068 in
504 1046 591 1069 suos
620 1034 731 1076 versi,
757 1035 895 1084 partim
925 1033 1096 1082 refugere
1125 1034 1165 1069 in

49 1097 252 1133 secundam
272 1098 404 1140 aciem,
434 1089 572 1148 partim
591 1110 669 1134 non
689 1099 912 1148 recipientes
933 1098 1088 1140 caedere,
1110 1097 1166 1133 uti

49 1160 178 1210 paullo
198 1166 287 1197 ante
314 1174 393 1197 non
422 1161 556 1211 adjuti,
578 1168 616 1198 et
641 1168 732 1198 tunc
758 1162 912 1198 exclusi.
967 1161 1020 1197 Et
1048 1174 1166 1211 prope

50 1224 124 1260 duo
138 1223 220 1274 jam
249 1227 437 1275 permixta
465 1226 601 1276 proelia
624 1232 746 1269 erant,
767 1239 883 1275 quum
912 1225 1166 1273 Karthagini-

50 1300 156 1324 enses
187 1288 297 1324 simul
317 1302 401 1324 cum
420 1289 609 1332 hostibus,
635 1289 746 1326 simul
767 1303 853 1326 cum
882 1290 958 1325 suis
984 1301 1166 1337 cogeren-

51 1358 113 1388 tur
132 1365 331 1389 conserere
351 1366 483 1390 manus
500 1368 508 1389 :
541 1367 619 1390 non
639 1360 767 1390 tamen
797 1355 852 1390 ita
870 1353 1062 1404 perculsos
1092 1353 1166 1389 ira-

51 1423 186 1465 tosque
213 1417 252 1452 in
273 1418 393 1454 aciem
422 1430 623 1468 accepere;
656 1418 735 1460 sed,
763 1419 926 1454 densatis
957 1417 1165 1459 ordinibus,

50 1482 90 1515 in
120 1493 263 1517 cornua
283 1495 517 1531 vacuumque
537 1483 638 1518 circa
656 1495 831 1532 campum
855 1488 963 1517 extra
991 1480 1168 1530 proelium

51 1543 208 1593 ejecere,
239 1558 286 1580 ne
321 1546 476 1596 pavidos
511 1546 604 1595 fuga
636 1546 929 1594 vulneribusque
961 1544 1099 1582 milites
1129 1545 1169 1580 in

52 1614 192 1644 certam
213 1614 250 1644 et
269 1609 455 1658 integram
475 1610 594 1645 aciem
614 1611 829 1647 miscerent.
865 1609 1042 1645 Ceterum
1062 1613 1171 1644 tanta

51 1678 194 1720 strages
215 1673 413 1710 hominum
443 1687 708 1722 armorumque
736 1673 877 1717 locum,
899 1674 938 1710 in
958 1685 1033 1722 quo
1054 1677 1170 1708 stete-

54 1741 139 1770 rant
167 1736 295 1785 paullo
326 1743 414 1772 ante
438 1737 652 1780 auxiliares,
679 1737 947 1788 compleverat,
980 1744 1021 1771 ut
1050 1748 1171 1785 prope

53 1798 240 1835 difficilior
260 1801 441 1836 transitus
469 1807 581 1843 esset,
602 1814 714 1849 quam
734 1813 800 1850 per
822 1800 1016 1836 confertos
1037 1800 1168 1835 hostes

0 1850 1 1862 ³
54 1861 192 1899 fuerat.
249 1863 397 1913 Itaque,
419 1864 482 1912 qui
503 1865 614 1913 primi
635 1871 755 1907 erant,
778 1864 932 1906 hastati,
954 1876 1020 1913 per
1040 1875 1170 1899 cumu-

51 1924 108 1960 los
128 1939 329 1976 corporum
357 1940 622 1976 armorumque
654 1934 691 1964 et
710 1927 838 1964 tabem
868 1928 1077 1976 sanguinis,
1099 1940 1172 1975 qua

52 1991 209 2039 quisque
227 1998 391 2040 poterat,
413 1999 610 2041 sequentes
631 1994 794 2036 hostem,
816 2002 853 2028 et
884 1993 994 2042 signa
1013 1999 1050 2027 et
1070 1992 1171 2027 ordi-

53 2067 118 2090 nes
150 2055 427 2092 confuderunt:
460 2058 673 2107 principum
693 2069 843 2106 quoquc
869 2057 978 2104 signa
997 2055 1173 2091 fluctuari

53 2126 261 2167 coeperant,
295 2133 430 2168 vagam
460 2129 549 2157 ante
583 2134 621 2157 se
652 2121 838 2157 cernendo
871 2121 1003 2155 aciem.
1059 2118 1174 2157 Quod

55 2182 183 2230 Scipio
218 2182 282 2218 ubi
315 2183 421 2227 vidit,
456 2185 625 2234 receptui
657 2196 817 2234 propere
848 2195 981 2218 canere
1013 2182 1172 2219 hastatis

0 2242 1 2251 ¹
50 2244 189 2295 jussit:
226 2253 277 2290 et,
312 2249 447 2284 sauciis
480 2250 520 2284 in
553 2255 784 2299 postremam
815 2249 934 2285 aciem
964 2246 1173 2289 subductis,

58 2311 247 2362 principes
275 2313 501 2363 triariosque
530 2315 568 2350 in
589 2326 730 2351 cornua
759 2313 926 2360 inducit5
960 2324 1034 2362 quo
1058 2311 1176 2347 tutior
