1523 2666
103 292 146 324 U.
161 293 197 322 C.
213 300 284 324 5⁴4.

105 336 144 366 A.
159 336 195 367 C.
213 343 286 368 208.

296 200 355 240 44
757 199 801 226 Τ.
827 199 961 227 L1V11

299 288 547 325 firmandum:
579 301 641 330 ne,
677 288 706 323 si
738 295 945 338 occupatus
979 287 1026 324 ab
1055 287 1276 324 Hannibale
1299 288 1413 332 foret,

299 352 402 390 velut
421 354 460 388 in
480 352 685 388 cervicibus
714 352 900 388 haberent
920 353 1083 389 hostem.
1139 351 1268 388 Movit
1294 366 1337 389 ea
1356 365 1414 388 res

299 417 540 460 Marcellum,
568 425 605 452 et
636 416 805 465 collegae,
827 419 913 465 quin
942 419 1047 459 imus,
1072 418 1210 466 inquit,
1242 419 1313 465 ipsi
1336 430 1416 453 cum

299 482 475 531 equitibus
495 484 622 530 paucis
648 483 872 529 exploratum
889 484 909 517 5¹
938 481 1105 528 Szthjecta
1128 494 1183 518 res
1202 483 1312 518 oculis
1336 494 1418 517 nos-

301 550 366 584 tris
391 549 521 584 certius
541 547 639 582 dabit
664 547 862 582 consiliam.
920 546 1195 583 Consentiente
1223 547 1416 596 Crispino,

299 625 385 648 cum
405 611 595 661 equitibus
616 611 786 647 ducentis
808 617 847 646 et
867 611 1015 659 viginti,
1039 624 1084 647 ex
1104 611 1239 660 quibus
1256 611 1418 660 qnadra-

299 677 409 725 ginta
427 675 654 724 Fregellani,
674 676 789 711 ceteri
805 675 959 711 Etrusci
976 682 1097 718 erant,
1114 675 1419 725 proficiscuntur.

299 741 429 776 Secuti
461 739 518 776 Μ.
531 739 737 776 Marcellus
767 739 932 775 consulis
963 738 1075 781 filius,
1106 744 1145 774 et
1170 738 1418 782 A.Manlius,

299 805 445 842 tribuni
470 805 656 841 militum:
691 803 803 840 simul
828 810 866 840 et
886 804 961 839 duo
987 803 1158 852 praefecti
1184 802 1345 846 socifim,
1372 802 1419 840 L.

300 870 506 913 Arennius,
533 876 571 905 et
588 869 658 906 M’.
674 868 822 906 Aulius.
880 867 1092 904 Inmolasse
1118 880 1164 904 eo
1184 867 1245 903 die
1267 867 1420 916 quidam

300 937 493 972 memoriae
513 935 713 987 prodidere
740 934 936 972 consulem
961 933 1205 978 Marcellum,
1225 940 1278 976 et,
1298 935 1422 984 prima

299 1000 428 1037 hostia
447 1013 557 1043 caesa,
572 999 684 1050 jecur
703 1000 785 1036 sine
800 1000 925 1050 capite
941 1000 1166 1045 inventum,
1199 999 1238 1034 in
1254 1000 1421 1036 secunda

301 1065 431 1101 omnia
457 1065 728 1115 comparuisse,
749 1077 832 1114 quae
863 1062 1051 1099 adsolent.
1107 1063 1276 1099 Auctum
1305 1064 1421 1100 etiam

301 1129 423 1165 visum
460 1129 499 1164 in
537 1129 684 1178 capite:
717 1140 787 1164 nee
817 1127 855 1163 id
893 1139 983 1163 sane
1020 1127 1183 1177 aruspici
1219 1126 1421 1177 placuisse,

302 1191 420 1242 quod,
441 1192 645 1229 secundum
675 1198 812 1228 trunca
840 1197 880 1227 et
905 1191 1034 1242 turpia
1062 1197 1164 1236 exta,
1194 1191 1305 1228 nimis
1335 1191 1423 1230 laeta

303 1256 580 1307 adparuissent.

357 1320 534 1360 XXVII.
566 1323 745 1360 Ceterum
771 1322 965 1360 consulem
983 1321 1212 1360 Marcellum
1230 1328 1339 1359 tanta
1358 1336 1424 1360 cu-

303 1385 442 1437 piditas
469 1387 626 1423 tenebat
646 1387 850 1424 dimicandi
876 1401 962 1424 cum
988 1386 1224 1431 Hannibale,
1245 1393 1288 1423 ut
1312 1400 1425 1424 num·

304 1463 420 1500 quam
439 1452 529 1487 satis
548 1459 672 1488 castra
687 1453 819 1488 castris
837 1452 991 1489 conlata
1005 1452 1174 1489 crederet
1190 1467 1197 1487 :
1230 1458 1312 1487 tum
1329 1465 1424 1501 quo-

303 1530 380 1568 que
398 1518 500 1555 vallo
521 1519 716 1568 egrediens
737 1520 888 1568 signum
909 1520 1025 1563 dedit,
1046 1525 1088 1554 ut
1108 1518 1155 1555 ad
1172 1517 1299 1555 locum
1317 1517 1425 1555 miles

305 1588 408 1618 esset
438 1589 616 1632 paratus:
649 1589 705 1626 ut,
739 1584 771 1619 si
802 1583 924 1627 collis,
963 1585 1002 1619 in
1039 1595 1152 1632 quem
1188 1582 1425 1633 speculatum

306 1646 420 1689 irent,
450 1646 668 1696 placuisset,
699 1660 789 1683 vasa
817 1647 1072 1696 conligerent,
1092 1660 1136 1684 ac
1165 1653 1426 1696 sequerentur.

306 1709 501 1759 Exiguum
531 1711 655 1760 campi
684 1717 773 1747 ante
808 1718 933 1747 castra
958 1718 1061 1748 erat:
1094 1711 1181 1747 inde
1218 1711 1258 1747 in
1288 1711 1427 1748 collem

308 1782 441 1825 aperta
468 1776 633 1824 undique
659 1782 697 1811 et
726 1783 932 1826 conspecta
950 1775 1099 1812 ferebat
1118 1775 1192 1812 via.
1248 1775 1427 1812 Numidis

310 1839 539 1890 speculator,
564 1853 803 1889 nequaquam
833 1842 873 1876 iu
902 1853 1007 1890 spem
1035 1846 1153 1876 tantae
1181 1840 1235 1876 rei
1264 1841 1427 1890 positus,

310 1905 376 1941 sed
402 1906 433 1941 si
452 1918 546 1954 quos
567 1917 698 1953 vagos,
719 1905 848 1955 pabuli
870 1911 936 1941 aut
963 1904 1156 1953 lignorum
1183 1917 1317 1941 caussa
1340 1903 1427 1941 lon-

309 1969 394 2018 gius
421 1983 443 2006 a
462 1971 593 2006 castris
620 1982 856 2020 progressos,
883 1976 1041 2019 possent
1070 1970 1256 2019 excipere,
1277 1970 1429 2018 signum

309 2033 388 2077 dat,
411 2040 452 2070 ut
471 2036 612 2085 pariter
638 2035 685 2072 ab
705 2037 780 2072 suis
802 2037 960 2085 quisque
988 2034 1142 2071 latebris
1173 2036 1426 2073 exorirentur.

310 2098 403 2135 Non
419 2106 507 2135 ante
527 2100 747 2150 adparuere,
765 2100 900 2149 quibus
918 2100 1040 2136 obviis
1060 2100 1107 2136 ab
1121 2099 1219 2149 jugo
1236 2101 1319 2150 ipso
1337 2113 1430 2137 con-

310 2164 541 2211 surgendum
560 2172 654 2207 erat,
673 2178 785 2213 quam
801 2165 1034 2206 circumiere,
1053 2165 1116 2212 qui
1137 2177 1158 2200 a
1178 2171 1287 2212 tergo
1308 2165 1430 2201 inclu-

310 2227 443 2263 derent
463 2229 572 2265 viam.
630 2229 730 2266 Tum
758 2230 930 2278 undique*
958 2242 1088 2265 omnes
1121 2230 1259 2271 exorti,
1283 2236 1321 2265 et
1351 2229 1428 2266 cla-

310 2304 417 2328 more
455 2292 606 2328 sublato
635 2294 809 2343 inpetum
837 2293 973 2330 fecere.
1031 2293 1160 2332 Quum
1191 2294 1228 2328 in
1261 2306 1305 2329 ea
1333 2293 1430 2330 valle

312 2355 487 2393 consules
508 2364 648 2402 essent,
671 2365 711 2395 ut
738 2371 858 2408 neque
880 2357 1035 2395 evadere
1055 2366 1213 2409 possent
1238 2359 1276 2393 in
1293 2357 1430 2408 jugum
