1523 2666
326 224 410 280 586
757 234 805 264 T.
830 234 968 265 mvn

131 330 175 363 U.
189 332 224 364 C.
243 338 391 378 561.po,
408 340 482 377 qua
502 331 539 364 et
559 327 804 378 gymnasium
820 333 891 371 est,
911 326 958 363 L.
976 323 1171 363 Valerium
1187 324 1371 378 operibus
1385 334 1445 366 at-

132 376 223 409 A'C'
245 383 400 443 191’que
435 391 714 443 obpugnationi
744 392 976 442 praeposuit:
1010 404 1134 428 arcem
1164 397 1273 428 extra
1300 405 1449 438 muros,

327 470 411 507 quae
431 457 668 507 frequentius
692 470 826 507 prope,
847 470 960 506 quam
981 456 1084 500 urbs,
1104 456 1365 501 habitabatur,
1385 457 1448 496 Ti.

327 522 557 573 Sempronio
576 521 717 570 Longo
739 520 1037 571 obpugnandam
1055 521 1180 558 dedit:
1214 535 1236 558 a
1255 523 1341 558 sinu
1358 521 1448 558 Ma-

324 586 440 631 liaco,
472 601 553 636 quae
584 587 728 623 aditum
756 586 860 622 haud
888 585 1039 623 facilem
1069 599 1154 637 pars
1183 586 1364 631 habebat,
1388 586 1448 625 M.

325 651 501 688 Baebium
519 669 529 698 5
554 651 600 688 ab
621 651 742 688 altero
762 651 968 695 amniculo,
985 665 1096 702 quem
1115 650 1272 688 Blelana
1289 658 1445 696 vocant,

327 717 504 753 adversus
531 716 668 752 Dianae
697 714 895 767 tempium,
926 717 1000 767 Ap.
1022 716 1223 752 Claudium
1253 715 1448 766 obposuit.

326 780 478 817 Horum
500 794 641 830 magno
666 782 872 817 certamine
900 781 999 817 intra
1030 793 1172 831 paucos
1202 780 1278 816 dies
1309 786 1453 824 turres,

325 847 552 895 arietesque,
571 852 609 882 et
625 845 720 882 alius
742 846 864 882 omnis
886 847 1086 896 adparatus
1103 845 1448 896 obpugnandarum

324 909 477 946 urbium
497 910 702 961 perficitur.
758 910 812 947 Et
841 924 956 960 quum
984 923 1073 959 ager
1092 909 1359 947 Heracleensis
1378 922 1448 961 pa-

326 973 446 1010 luster
465 975 588 1010 omnis
618 975 871 1025 frequensque
894 975 1059 1025 proceris
1080 974 1294 1018 arboribus,
1313 974 1454 1024 benig·

326 1052 375 1075 ne
395 1039 442 1075 ad
469 1052 582 1076 omne
612 1052 730 1089 genus
753 1053 910 1090 operum
931 1041 1129 1076 materiam
1149 1039 1417 1090 subpeditabat
1436 1055 1451 1076 z>

326 1110 424 1147 tum,
445 1105 534 1153 qnia
563 1104 784 1153 refugerant
811 1106 913 1141 intra
941 1105 1083 1141 moenia
1114 1104 1253 1147 AEtoli,
1285 1104 1447 1147 deserta,

325 1181 411 1218 quae
442 1169 480 1205 in
509 1170 698 1206 vestibulo
730 1170 832 1206 urbis
863 1177 984 1212 erant,
1010 1175 1110 1205 tecta
1140 1170 1179 1204 in
1205 1169 1329 1205 varios
1359 1181 1454 1205 usus-
1475 1203 1505 1221 s

326 1247 405 1271 non
426 1235 536 1283 tigna
554 1235 668 1271 modo
693 1242 730 1271 et.
759 1234 923 1277 tabulas,
945 1235 1010 1270 sed
1038 1233 1194 1270 laterem
1225 1246 1388 1283 quoque,
1410 1239 1449 1270 et

327 1307 526 1343 caementa,
548 1306 585 1336 et
605 1312 696 1336 saxa
716 1301 827 1336 variae
848 1299 1133 1348 magnitudinis,
1151 1298 1385 1349 praebebant.

382 1363 544 1400 XXIII.
564 1363 802 1400 Et·R0mani
822 1364 970 1411 quiden]
988 1363 1164 1413 operibus
1184 1364 1319 1412 magis,
1335 1376 1451 1413 quam

328 1430 456 1473 armis,
480 1429 611 1466 urbem
631 1429 931 1480 obpugnabant3
964 1428 1089 1466 AEtoli
1120 1435 1253 1465 contra
1273 1430 1384 1465 armis
1407 1442 1446 1466 se

325 1494 535 1530 tuebantur
551 1509 557 1529 :
582 1508 683 1537 narn,
700 1508 815 1543 quum
839 1495 956 1531 ariete
977 1500 1222 1544 quaterentur
1241 1494 1351 1538 muri,
1369 1507 1447 1530 non

326 1557 486 1607 laquei5‚
509 1565 549 1594 ut
570 1558 681 1602 solet,
701 1566 879 1609 exceptos
901 1558 1142 1595 deciinabant
1160 1558 1282 1604 ictus3
1307 1546 1371 1595 sed
1387 1571 1449 1595 ar-

324 1624 418 1659 mati
440 1623 671 1672 frequente&
688 1623 840 1672 quidam
861 1624 966 1672 ignes
989 1624 1117 1666 etiam,
1131 1636 1224 1672 quos
1245 1622 1447 1672 aggeribus

324 1686 543 1738 injicerent,
565 1687 761 1724 ferebant:
794 1688 958 1724 fornices
980 1700 1129 1738 quoque
1148 1688 1188 1724 in
1209 1701 1316 1724 muro
1340 1695 1449 1725 erant

319 1755 406 1804 ‘apti
427 1754 473 1790 ad
494 1755 792 1800 excurrentium,
817 1761 853 1790 et
873 1754 959 1805 ipsi,
982 1767 1097 1803 quum
1117 1767 1186 1804 pro
1207 1754 1339 1790 dirutis
1360 1754 1446 1792 refi-

325 1825 455 1854 cerent
475 1832 618 1862 muros,
641 1819 849 1855 crebriores
871 1832 950 1862 eos,
973 1825 1015 1854 ut
1043 1819 1212 1869 pluribus
1234 1832 1452 1870 erumpere-

328 1888 388 1918 tur
408 1883 447 1918 in
466 1884 616 1919 hostem
636 1871 744 1926 locis,
766 1883 971 1920 faciebant.
1030 1883 1120 1919 Hoc
1149 1884 1279 1934 primis
1300 1884 1456 1927 diebus„

326 1947 416 1982 dum
436 1947 594 1995 integrae
614 1948 712 1983 vires
735 1953 856 1990 erant,
874 1953 911 1982 et
930 1947 1146 1996 frequentes
1168 1953 1204 1983 et
1225 1948 1372 1998 inpigre
1392 1948 1449 1985 fe-

326 2018 462 2047 cerunt
481 2026 489 2048 :
522 2013 560 2048 in
583 2012 660 2048 dies
682 2012 829 2055 deinde,
851 2013 1048 2062 pauciores
1070 2018 1108 2048 et
1133 2013 1298 2061 segnius.
1354 2013 1450 2049 Ete-

325 2077 422 2119 nim,
450 2089 565 2125 quum
596 2075 724 2112 multis
755 2082 981 2125 urgerentur
1009 2076 1136 2120 rebus,
1163 2077 1269 2114 nulla
1293 2090 1358 2114 eos
1388 2090 1447 2115 res

328 2153 447 2190 aeque,
470 2154 512 2177 ac
543 2141 681 2190 vigiliae
709 2141 990 2187 conficiebant3
1021 2142 1210 2178 Romanis
1238 2143 1278 2179 in
1307 2155 1448 2192 magna

327 2206 444 2255 copia
460 2205 623 2242 militum
645 2206 934 2243 succedentibus
955 2207 1038 2243 aliis
1064 2208 1103 2243 in
1124 2208 1327 2244 stationem
1351 2208 1455 2244 alio*

324 2284 426 2315 rum,
447 2271 604 2310 [Etolos
633 2279 790 2323 propter
819 2274 1052 2323 paucitatem
1082 2274 1232 2311 eosdem
1252 2274 1329 2311 dies
1349 2289 1449 2312 noc-⁷

325 2342 458 2385 tesque
487 2337 650 2374 adsiduo
675 2337 805 2374 labore
836 2345 988 2377 urente„
1037 2339 1111 2376 Per
1130 2346 1294 2389 quatuor
1322 2347 1360 2377 et
1387 2341 1444 2377 vi-

328 2401 425 2451 ginti
445 2401 537 2448 dies,
554 2402 609 2440 ita
627 2408 670 2440 ut
690 2402 834 2448 nullum
853 2411 1004 2457 tempus
1022 2417 1182 2443 vacuum
1198 2405 1452 2443 dimicatione<
