<?xml version="1.0" encoding="UTF-8"?>
<!DOCTYPE html PUBLIC "-//W3C//DTD XHTML 1.0 Transitional//EN"
    "http://www.w3.org/TR/xhtml1/DTD/xhtml1-transitional.dtd">
<html xmlns="http://www.w3.org/1999/xhtml" xml:lang="en" lang="en">
 <head>
  <title>
</title>
<meta http-equiv="Content-Type" content="text/html;charset=utf-8" />
  <meta name='ocr-system' content='tesseract 3.04.00' />
  <meta name='ocr-capabilities' content='ocr_page ocr_carea ocr_par ocr_line ocrx_word'/>
</head>
<body>
  <div class='ocr_page' id='page_1' title='image "./historiarumquaes03livyuoft/historiarumquaes03livyuoft_0444.png"; bbox 0 0 1523 2666; ppageno 0'>
   <div class='ocr_carea' id='block_1_1' title="bbox 477 419 1250 477">
    <p class='ocr_par' dir='ltr' id='par_1_1' title="bbox 477 419 1250 477">
     <span class='ocr_line' id='line_1_1' title="bbox 477 419 1250 477; baseline 0.006 -5"><span class='ocrx_word' id='word_1_1' title='bbox 477 420 540 472; x_wconf 90' lang='lat' dir='ltr'>T.</span> <span class='ocrx_word' id='word_1_2' title='bbox 582 419 796 473; x_wconf 89' lang='lat' dir='ltr'>LIVII</span> <span class='ocrx_word' id='word_1_3' title='bbox 843 420 1250 477; x_wconf 90' lang='lat' dir='ltr'><strong>PATAVINI</strong></span> 
     </span>
    </p>
   </div>
   <div class='ocr_carea' id='block_1_2' title="bbox 636 595 1091 638">
    <p class='ocr_par' dir='ltr' id='par_1_2' title="bbox 636 595 1091 638">
     <span class='ocr_line' id='line_1_2' title="bbox 636 595 1091 638; baseline 0.011 -6"><span class='ocrx_word' id='word_1_4' title='bbox 636 595 848 633; x_wconf 83' lang='lat' dir='ltr'>LIBER</span> <span class='ocrx_word' id='word_1_5' title='bbox 894 597 1091 638; x_wconf 82' lang='lat' dir='ltr'>XXXIV.</span> 
     </span>
    </p>
   </div>
   <div class='ocr_carea' id='block_1_3' title="bbox 714 755 1021 773">
    <p class='ocr_par' dir='ltr' id='par_1_3' title="bbox 714 755 1021 773">
     <span class='ocr_line' id='line_1_3' title="bbox 714 755 1021 773; baseline 0 1893"><span class='ocrx_word' id='word_1_6' title='bbox 714 755 1021 773; x_wconf 95' lang='lat' dir='ltr'> </span> 
     </span>
    </p>
   </div>
   <div class='ocr_carea' id='block_1_4' title="bbox 104 876 1422 2427">
    <p class='ocr_par' dir='ltr' id='par_1_4' title="bbox 104 876 1422 2427">
     <span class='ocr_line' id='line_1_4' title="bbox 107 876 1421 963; baseline 0 -47"><span class='ocrx_word' id='word_1_7' title='bbox 107 889 153 923; x_wconf 72' lang='grc' dir='ltr'>υ,</span> <span class='ocrx_word' id='word_1_8' title='bbox 167 891 203 923; x_wconf 84' lang='lat' dir='ltr'>c,</span> <span class='ocrx_word' id='word_1_9' title='bbox 220 899 292 928; x_wconf 83' lang='lat'><em>557.</em></span> <span class='ocrx_word' id='word_1_10' title='bbox 309 877 511 963; x_wconf 83' lang='lat' dir='ltr'>INTER</span> <span class='ocrx_word' id='word_1_11' title='bbox 529 876 717 915; x_wconf 86' lang='lat' dir='ltr'>bellorum</span> <span class='ocrx_word' id='word_1_12' title='bbox 747 890 988 928; x_wconf 86' lang='lat' dir='ltr'>magnorum,</span> <span class='ocrx_word' id='word_1_13' title='bbox 1018 883 1083 914; x_wconf 86' lang='lat' dir='ltr'>aut</span> <span class='ocrx_word' id='word_1_14' title='bbox 1108 876 1262 915; x_wconf 72' lang='lat' dir='ltr'>vixdum</span> <span class='ocrx_word' id='word_1_15' title='bbox 1292 878 1421 917; x_wconf 84' lang='lat' dir='ltr'>finito-</span> 
     </span>
     <span class='ocr_line' id='line_1_5' title="bbox 107 937 1422 995; baseline 0.001 -14"><span class='ocrx_word' id='word_1_16' title='bbox 107 937 149 967; x_wconf 69' lang='grc' dir='ltr'>Α·</span> <span class='ocrx_word' id='word_1_17' title='bbox 162 937 199 967; x_wconf 81' lang='lat' dir='ltr'>C·</span> <span class='ocrx_word' id='word_1_18' title='bbox 220 945 292 970; x_wconf 78' lang='lat'><strong>¹95·</strong></span> <span class='ocrx_word' id='word_1_19' title='bbox 385 957 483 988; x_wconf 85' lang='lat' dir='ltr'>rum,</span> <span class='ocrx_word' id='word_1_20' title='bbox 506 949 571 980; x_wconf 88' lang='lat' dir='ltr'>aut</span> <span class='ocrx_word' id='word_1_21' title='bbox 591 943 874 985; x_wconf 82' lang='lat' dir='ltr'>inminentium,</span> <span class='ocrx_word' id='word_1_22' title='bbox 897 955 1004 978; x_wconf 86' lang='lat' dir='ltr'>curas</span> <span class='ocrx_word' id='word_1_23' title='bbox 1022 942 1236 979; x_wconf 86' lang='lat' dir='ltr'>intercessit</span> <span class='ocrx_word' id='word_1_24' title='bbox 1256 956 1313 980; x_wconf 87' lang='lat' dir='ltr'>res</span> <span class='ocrx_word' id='word_1_25' title='bbox 1334 958 1422 995; x_wconf 85' lang='lat' dir='ltr'>par-</span> 
     </span>
     <span class='ocr_line' id='line_1_6' title="bbox 105 993 1419 1069; baseline 0 -22"><span class='ocrx_word' id='word_1_26' title='bbox 105 993 258 1069; x_wconf 52' lang='grc' dir='ltr'>Ξὲἓὲῗέε</span> <span class='ocrx_word' id='word_1_27' title='bbox 304 1023 347 1047; x_wconf 80' lang='lat' dir='ltr'>va</span> <span class='ocrx_word' id='word_1_28' title='bbox 369 1010 486 1052; x_wconf 86' lang='lat' dir='ltr'>dictu,</span> <span class='ocrx_word' id='word_1_29' title='bbox 508 1008 571 1045; x_wconf 90' lang='lat' dir='ltr'>sed</span> <span class='ocrx_word' id='word_1_30' title='bbox 591 1021 673 1057; x_wconf 84' lang='lat' dir='ltr'>quae</span> <span class='ocrx_word' id='word_1_31' title='bbox 697 1008 829 1044; x_wconf 84' lang='lat' dir='ltr'>studiis</span> <span class='ocrx_word' id='word_1_32' title='bbox 860 1009 899 1044; x_wconf 89' lang='lat' dir='ltr'>in</span> <span class='ocrx_word' id='word_1_33' title='bbox 931 1020 1111 1056; x_wconf 84' lang='lat' dir='ltr'>magnum</span> <span class='ocrx_word' id='word_1_34' title='bbox 1135 1015 1326 1045; x_wconf 85' lang='lat' dir='ltr'>certamen</span> <span class='ocrx_word' id='word_1_35' title='bbox 1354 1022 1419 1047; x_wconf 81' lang='lat' dir='ltr'>ex-</span> 
     </span>
     <span class='ocr_line' id='line_1_7' title="bbox 104 1072 1420 1128; baseline -0.001 -16"><span class='ocrx_word' id='word_1_36' title='bbox 104 1078 174 1128; x_wconf 78' lang='lat' dir='ltr'>lege</span> <span class='ocrx_word' id='word_1_37' title='bbox 191 1082 257 1123; x_wconf 84' lang='lat' dir='ltr'>Op·</span> <span class='ocrx_word' id='word_1_38' title='bbox 303 1076 468 1112; x_wconf 84' lang='lat' dir='ltr'>cesserit.</span> <span class='ocrx_word' id='word_1_39' title='bbox 524 1073 582 1110; x_wconf 84' lang='lat' dir='ltr'>M.</span> <span class='ocrx_word' id='word_1_40' title='bbox 602 1073 821 1110; x_wconf 71' lang='lat' dir='ltr'>Fundanius</span> <span class='ocrx_word' id='word_1_41' title='bbox 843 1080 880 1109; x_wconf 90' lang='lat' dir='ltr'>et</span> <span class='ocrx_word' id='word_1_42' title='bbox 905 1072 952 1109; x_wconf 90' lang='lat' dir='ltr'>L.</span> <span class='ocrx_word' id='word_1_43' title='bbox 974 1072 1145 1109; x_wconf 81' lang='lat' dir='ltr'>Valerius</span> <span class='ocrx_word' id='word_1_44' title='bbox 1173 1073 1316 1110; x_wconf 87' lang='lat' dir='ltr'>tribuni</span> <span class='ocrx_word' id='word_1_45' title='bbox 1339 1075 1420 1126; x_wconf 89' lang='lat' dir='ltr'>ple-</span> 
     </span>
     <span class='ocr_line' id='line_1_8' title="bbox 105 1133 1418 1191; baseline 0 -14"><span class='ocrx_word' id='word_1_46' title='bbox 105 1133 167 1162; x_wconf 58' lang='grc' dir='ltr'>μᾶ·</span> <span class='ocrx_word' id='word_1_47' title='bbox 300 1141 361 1177; x_wconf 84' lang='lat' dir='ltr'>bei</span> <span class='ocrx_word' id='word_1_48' title='bbox 388 1140 435 1177; x_wconf 90' lang='lat' dir='ltr'>ad</span> <span class='ocrx_word' id='word_1_49' title='bbox 460 1138 610 1191; x_wconf 88' lang='lat' dir='ltr'><strong>plebem</strong></span> <span class='ocrx_word' id='word_1_50' title='bbox 644 1138 813 1174; x_wconf 85' lang='lat' dir='ltr'>tulerunt</span> <span class='ocrx_word' id='word_1_51' title='bbox 842 1138 886 1174; x_wconf 91' lang='lat' dir='ltr'>de</span> <span class='ocrx_word' id='word_1_52' title='bbox 920 1137 1047 1188; x_wconf 88' lang='lat' dir='ltr'>Oppia</span> <span class='ocrx_word' id='word_1_53' title='bbox 1075 1137 1159 1188; x_wconf 84' lang='lat' dir='ltr'>lege</span> <span class='ocrx_word' id='word_1_54' title='bbox 1185 1138 1418 1188; x_wconf 82' lang='lat' dir='ltr'>abroganda.</span> 
     </span>
     <span class='ocr_line' id='line_1_9' title="bbox 299 1202 1417 1253; baseline 0 -11"><span class='ocrx_word' id='word_1_55' title='bbox 299 1205 459 1242; x_wconf 84' lang='lat' dir='ltr'>Tulerat</span> <span class='ocrx_word' id='word_1_56' title='bbox 486 1217 569 1241; x_wconf 84' lang='lat' dir='ltr'>eam</span> <span class='ocrx_word' id='word_1_57' title='bbox 601 1203 644 1240; x_wconf 83' lang='lat' dir='ltr'>C.</span> <span class='ocrx_word' id='word_1_58' title='bbox 666 1203 814 1253; x_wconf 85' lang='lat' dir='ltr'>Oppius</span> <span class='ocrx_word' id='word_1_59' title='bbox 844 1202 1018 1239; x_wconf 82' lang='lat' dir='ltr'>tribunus</span> <span class='ocrx_word' id='word_1_60' title='bbox 1050 1203 1184 1253; x_wconf 89' lang='lat' dir='ltr'>plebis,</span> <span class='ocrx_word' id='word_1_61' title='bbox 1212 1204 1261 1243; x_wconf 89' lang='lat' dir='ltr'>Q.</span> <span class='ocrx_word' id='word_1_62' title='bbox 1280 1204 1417 1249; x_wconf 80' lang='lat' dir='ltr'>Fabio,</span> 
     </span>
     <span class='ocr_line' id='line_1_10' title="bbox 299 1266 1419 1319; baseline 0 -13"><span class='ocrx_word' id='word_1_63' title='bbox 299 1270 360 1307; x_wconf 86' lang='lat' dir='ltr'>Ti.</span> <span class='ocrx_word' id='word_1_64' title='bbox 383 1269 609 1319; x_wconf 80' lang='lat' dir='ltr'>Sempronio</span> <span class='ocrx_word' id='word_1_65' title='bbox 641 1266 877 1309; x_wconf 82' lang='lat' dir='ltr'>consulibus,</span> <span class='ocrx_word' id='word_1_66' title='bbox 912 1267 950 1302; x_wconf 87' lang='lat' dir='ltr'>in</span> <span class='ocrx_word' id='word_1_67' title='bbox 979 1268 1102 1303; x_wconf 85' lang='lat' dir='ltr'>medio</span> <span class='ocrx_word' id='word_1_68' title='bbox 1129 1267 1264 1304; x_wconf 83' lang='lat' dir='ltr'>ardore</span> <span class='ocrx_word' id='word_1_69' title='bbox 1283 1269 1419 1306; x_wconf 86' lang='lat' dir='ltr'>Punici</span> 
     </span>
     <span class='ocr_line' id='line_1_11' title="bbox 299 1333 1420 1382; baseline 0 -11"><span class='ocrx_word' id='word_1_70' title='bbox 299 1334 404 1377; x_wconf 84' lang='lat' dir='ltr'>belli,</span> <span class='ocrx_word' id='word_1_71' title='bbox 427 1335 483 1370; x_wconf 83' lang='lat' dir='ltr'>Ne</span> <span class='ocrx_word' id='word_1_72' title='bbox 499 1346 570 1382; x_wconf 79' lang='lat' dir='ltr'>qua</span> <span class='ocrx_word' id='word_1_73' title='bbox 591 1334 720 1369; x_wconf 80' lang='lat' dir='ltr'>mulier</span> <span class='ocrx_word' id='word_1_74' title='bbox 737 1333 820 1380; x_wconf 77' lang='lat' dir='ltr'>plus</span> <span class='ocrx_word' id='word_1_75' title='bbox 835 1334 1052 1369; x_wconf 73' lang='lat' dir='ltr'><em>semunciam</em></span> <span class='ocrx_word' id='word_1_76' title='bbox 1069 1335 1149 1369; x_wconf 75' lang='lat' dir='ltr'>auri</span> <span class='ocrx_word' id='word_1_77' title='bbox 1168 1333 1332 1371; x_wconf 77' lang='lat' dir='ltr'>haberet:</span> <span class='ocrx_word' id='word_1_78' title='bbox 1350 1347 1420 1372; x_wconf 79' lang='lat' dir='ltr'>neu</span> 
     </span>
     <span class='ocr_line' id='line_1_12' title="bbox 298 1397 1418 1444; baseline 0 -7"><span class='ocrx_word' id='word_1_79' title='bbox 298 1402 507 1437; x_wconf 67' lang='lat' dir='ltr'>vestimento</span> <span class='ocrx_word' id='word_1_80' title='bbox 522 1399 727 1434; x_wconf 70' lang='lat' dir='ltr'>versicolori</span> <span class='ocrx_word' id='word_1_81' title='bbox 747 1402 908 1434; x_wconf 72' lang='lat' dir='ltr'>uteretur</span> <span class='ocrx_word' id='word_1_82' title='bbox 920 1414 932 1434; x_wconf 88' lang='lat'>.·</span> <span class='ocrx_word' id='word_1_83' title='bbox 961 1411 1030 1434; x_wconf 77' lang='lat' dir='ltr'>neu</span> <span class='ocrx_word' id='word_1_84' title='bbox 1046 1397 1177 1444; x_wconf 80' lang='lat' dir='ltr'>juncto</span> <span class='ocrx_word' id='word_1_85' title='bbox 1200 1399 1361 1436; x_wconf 78' lang='lat' dir='ltr'>vehiculo</span> <span class='ocrx_word' id='word_1_86' title='bbox 1381 1402 1418 1437; x_wconf 84' lang='lat' dir='ltr'>in</span> 
     </span>
     <span class='ocr_line' id='line_1_13' title="bbox 298 1464 1418 1514; baseline 0 -12"><span class='ocrx_word' id='word_1_87' title='bbox 298 1466 384 1502; x_wconf 76' lang='lat' dir='ltr'>urbe</span> <span class='ocrx_word' id='word_1_88' title='bbox 409 1465 596 1514; x_wconf 79' lang='lat' dir='ltr'>oppidove,</span> <span class='ocrx_word' id='word_1_89' title='bbox 617 1469 682 1499; x_wconf 80' lang='lat' dir='ltr'>aut</span> <span class='ocrx_word' id='word_1_90' title='bbox 705 1464 854 1512; x_wconf 77' lang='lat' dir='ltr'>propius</span> <span class='ocrx_word' id='word_1_91' title='bbox 884 1465 966 1499; x_wconf 78' lang='lat' dir='ltr'>inde</span> <span class='ocrx_word' id='word_1_92' title='bbox 990 1464 1091 1500; x_wconf 76' lang='lat' dir='ltr'>mille</span> <span class='ocrx_word' id='word_1_93' title='bbox 1114 1477 1252 1512; x_wconf 66' lang='lat' dir='ltr'>passm,</span> <span class='ocrx_word' id='word_1_94' title='bbox 1272 1467 1341 1502; x_wconf 74' lang='lat' dir='ltr'>nisi</span> <span class='ocrx_word' id='word_1_95' title='bbox 1359 1479 1418 1502; x_wconf 82' lang='lat' dir='ltr'>sa·</span> 
     </span>
     <span class='ocr_line' id='line_1_14' title="bbox 298 1529 1418 1579; baseline 0 -11"><span class='ocrx_word' id='word_1_96' title='bbox 298 1544 440 1569; x_wconf 82' lang='lat' dir='ltr'>crorum</span> <span class='ocrx_word' id='word_1_97' title='bbox 456 1531 679 1579; x_wconf 78' lang='lat' dir='ltr'>publicorum</span> <span class='ocrx_word' id='word_1_98' title='bbox 701 1541 838 1571; x_wconf 81' lang='lat' dir='ltr'><strong><em>caussa,</em></strong></span> <span class='ocrx_word' id='word_1_99' title='bbox 859 1529 1056 1566; x_wconf 72' lang='lat' dir='ltr'>veheretur.</span> <span class='ocrx_word' id='word_1_100' title='bbox 1112 1529 1170 1566; x_wconf 91' lang='lat' dir='ltr'>M.</span> <span class='ocrx_word' id='word_1_101' title='bbox 1191 1537 1229 1566; x_wconf 91' lang='lat' dir='ltr'>et</span> <span class='ocrx_word' id='word_1_102' title='bbox 1247 1530 1290 1568; x_wconf 91' lang='lat' dir='ltr'>P.</span> <span class='ocrx_word' id='word_1_103' title='bbox 1311 1531 1335 1567; x_wconf 89' lang='lat' dir='ltr'>J</span> <span class='ocrx_word' id='word_1_104' title='bbox 1340 1533 1418 1568; x_wconf 89' lang='lat' dir='ltr'>unii</span> 
     </span>
     <span class='ocr_line' id='line_1_15' title="bbox 297 1593 1416 1644; baseline 0 -11"><span class='ocrx_word' id='word_1_105' title='bbox 297 1596 410 1633; x_wconf 85' lang='lat' dir='ltr'>Bruti</span> <span class='ocrx_word' id='word_1_106' title='bbox 443 1595 584 1631; x_wconf 84' lang='lat' dir='ltr'>tribuni</span> <span class='ocrx_word' id='word_1_107' title='bbox 614 1593 733 1644; x_wconf 87' lang='lat' dir='ltr'>plebis</span> <span class='ocrx_word' id='word_1_108' title='bbox 764 1593 887 1642; x_wconf 83' lang='lat' dir='ltr'>legem</span> <span class='ocrx_word' id='word_1_109' title='bbox 914 1593 1080 1644; x_wconf 74' lang='lat' dir='ltr'>Oppiam</span> <span class='ocrx_word' id='word_1_110' title='bbox 1105 1594 1325 1640; x_wconf 83' lang='lat' dir='ltr'>tuebantur,</span> <span class='ocrx_word' id='word_1_111' title='bbox 1346 1609 1416 1634; x_wconf 90' lang='lat' dir='ltr'>nec</span> 
     </span>
     <span class='ocr_line' id='line_1_16' title="bbox 298 1658 1415 1708; baseline 0 -10"><span class='ocrx_word' id='word_1_112' title='bbox 298 1674 381 1698; x_wconf 87' lang='lat' dir='ltr'>eam</span> <span class='ocrx_word' id='word_1_113' title='bbox 410 1673 449 1696; x_wconf 87' lang='lat' dir='ltr'>se</span> <span class='ocrx_word' id='word_1_114' title='bbox 477 1658 654 1707; x_wconf 79' lang='lat' dir='ltr'>abrogari</span> <span class='ocrx_word' id='word_1_115' title='bbox 680 1670 856 1708; x_wconf 82' lang='lat' dir='ltr'>passuros</span> <span class='ocrx_word' id='word_1_116' title='bbox 879 1658 1044 1696; x_wconf 79' lang='lat' dir='ltr'>aiebant.</span> <span class='ocrx_word' id='word_1_117' title='bbox 1100 1659 1161 1696; x_wconf 86' lang='lat' dir='ltr'>Ad</span> <span class='ocrx_word' id='word_1_118' title='bbox 1181 1660 1415 1698; x_wconf 84' lang='lat' dir='ltr'>suadendum</span> 
     </span>
     <span class='ocr_line' id='line_1_17' title="bbox 297 1723 1415 1777; baseline 0 -14"><span class='ocrx_word' id='word_1_119' title='bbox 297 1724 665 1773; x_wconf 82' lang='lat' dir='ltr'>dissuadendumque</span> <span class='ocrx_word' id='word_1_120' title='bbox 686 1723 795 1759; x_wconf 89' lang='lat' dir='ltr'>multi</span> <span class='ocrx_word' id='word_1_121' title='bbox 815 1723 963 1760; x_wconf 87' lang='lat' dir='ltr'>nobiles</span> <span class='ocrx_word' id='word_1_122' title='bbox 979 1723 1198 1774; x_wconf 85' lang='lat' dir='ltr'>prodibant.</span> <span class='ocrx_word' id='word_1_123' title='bbox 1256 1726 1415 1777; x_wconf 88' lang='lat' dir='ltr'>Capito·</span> 
     </span>
     <span class='ocr_line' id='line_1_18' title="bbox 294 1788 1414 1841; baseline -0.001 -12"><span class='ocrx_word' id='word_1_124' title='bbox 294 1792 389 1829; x_wconf 85' lang='lat' dir='ltr'>lium</span> <span class='ocrx_word' id='word_1_125' title='bbox 401 1789 514 1827; x_wconf 86' lang='lat' dir='ltr'>turba</span> <span class='ocrx_word' id='word_1_126' title='bbox 528 1789 726 1825; x_wconf 85' lang='lat' dir='ltr'>hominum</span> <span class='ocrx_word' id='word_1_127' title='bbox 743 1788 953 1824; x_wconf 80' lang='lat' dir='ltr'>faventium</span> <span class='ocrx_word' id='word_1_128' title='bbox 969 1789 1322 1840; x_wconf 80' lang='lat' dir='ltr'>adversantiumque</span> <span class='ocrx_word' id='word_1_129' title='bbox 1339 1791 1414 1841; x_wconf 87' lang='lat' dir='ltr'>legi</span> 
     </span>
     <span class='ocr_line' id='line_1_19' title="bbox 296 1853 1414 1908; baseline -0.001 -13"><span class='ocrx_word' id='word_1_130' title='bbox 296 1856 571 1908; x_wconf 85' lang='lat' dir='ltr'>complebatur.</span> <span class='ocrx_word' id='word_1_131' title='bbox 629 1854 822 1890; x_wconf 84' lang='lat' dir='ltr'>Matronae</span> <span class='ocrx_word' id='word_1_132' title='bbox 852 1853 957 1890; x_wconf 85' lang='lat' dir='ltr'>nulla</span> <span class='ocrx_word' id='word_1_133' title='bbox 982 1867 1052 1891; x_wconf 90' lang='lat' dir='ltr'>nec</span> <span class='ocrx_word' id='word_1_134' title='bbox 1076 1856 1319 1899; x_wconf 82' lang='lat' dir='ltr'>auctoritate,</span> <span class='ocrx_word' id='word_1_135' title='bbox 1343 1869 1414 1895; x_wconf 85' lang='lat' dir='ltr'>nec</span> 
     </span>
     <span class='ocr_line' id='line_1_20' title="bbox 293 1920 1413 1969; baseline -0.002 -10"><span class='ocrx_word' id='word_1_136' title='bbox 293 1920 535 1963; x_wconf 83' lang='lat' dir='ltr'>verecundia,</span> <span class='ocrx_word' id='word_1_137' title='bbox 566 1932 636 1956; x_wconf 88' lang='lat' dir='ltr'>nec</span> <span class='ocrx_word' id='word_1_138' title='bbox 668 1920 828 1969; x_wconf 85' lang='lat' dir='ltr'>imperio</span> <span class='ocrx_word' id='word_1_139' title='bbox 861 1920 1028 1955; x_wconf 77' lang='lat' dir='ltr'>virorum</span> <span class='ocrx_word' id='word_1_140' title='bbox 1062 1920 1250 1956; x_wconf 86' lang='lat' dir='ltr'>contineri</span> <span class='ocrx_word' id='word_1_141' title='bbox 1283 1920 1413 1958; x_wconf 89' lang='lat' dir='ltr'>limine</span> 
     </span>
     <span class='ocr_line' id='line_1_21' title="bbox 292 1984 1412 2039; baseline -0.001 -16"><span class='ocrx_word' id='word_1_142' title='bbox 292 1992 492 2039; x_wconf 79' lang='lat' dir='ltr'>poterant:</span> <span class='ocrx_word' id='word_1_143' title='bbox 526 1996 656 2021; x_wconf 84' lang='lat' dir='ltr'>omnes</span> <span class='ocrx_word' id='word_1_144' title='bbox 677 1984 756 2019; x_wconf 85' lang='lat' dir='ltr'>vias</span> <span class='ocrx_word' id='word_1_145' title='bbox 779 1984 883 2020; x_wconf 83' lang='lat' dir='ltr'>urbis</span> <span class='ocrx_word' id='word_1_146' title='bbox 905 1984 1103 2034; x_wconf 85' lang='lat' dir='ltr'>aditusque</span> <span class='ocrx_word' id='word_1_147' title='bbox 1129 1985 1168 2020; x_wconf 91' lang='lat' dir='ltr'>in</span> <span class='ocrx_word' id='word_1_148' title='bbox 1194 1984 1321 2021; x_wconf 87' lang='lat' dir='ltr'>forum</span> <span class='ocrx_word' id='word_1_149' title='bbox 1341 1985 1412 2022; x_wconf 91' lang='lat' dir='ltr'>ob-</span> 
     </span>
     <span class='ocr_line' id='line_1_22' title="bbox 294 2049 1410 2094; baseline -0.003 -5"><span class='ocrx_word' id='word_1_150' title='bbox 294 2051 486 2094; x_wconf 64' lang='lat' dir='ltr'>sidebant}</span> <span class='ocrx_word' id='word_1_151' title='bbox 507 2050 606 2085; x_wconf 78' lang='lat' dir='ltr'>viros</span> <span class='ocrx_word' id='word_1_152' title='bbox 635 2049 903 2085; x_wconf 82' lang='lat' dir='ltr'>descendentes</span> <span class='ocrx_word' id='word_1_153' title='bbox 934 2049 981 2085; x_wconf 86' lang='lat' dir='ltr'>ad</span> <span class='ocrx_word' id='word_1_154' title='bbox 1009 2049 1133 2086; x_wconf 85' lang='lat' dir='ltr'>forum</span> <span class='ocrx_word' id='word_1_155' title='bbox 1159 2056 1326 2094; x_wconf 87' lang='lat' dir='ltr'>orantes,</span> <span class='ocrx_word' id='word_1_156' title='bbox 1356 2058 1410 2094; x_wconf 90' lang='lat' dir='ltr'>ut,</span> 
     </span>
     <span class='ocr_line' id='line_1_23' title="bbox 292 2113 1411 2165; baseline -0.001 -13"><span class='ocrx_word' id='word_1_157' title='bbox 292 2115 453 2153; x_wconf 87' lang='lat' dir='ltr'>florente</span> <span class='ocrx_word' id='word_1_158' title='bbox 474 2113 681 2165; x_wconf 84' lang='lat' dir='ltr'>republica,</span> <span class='ocrx_word' id='word_1_159' title='bbox 704 2121 895 2149; x_wconf 86' lang='lat' dir='ltr'>crescente</span> <span class='ocrx_word' id='word_1_160' title='bbox 917 2113 955 2149; x_wconf 86' lang='lat' dir='ltr'>in</span> <span class='ocrx_word' id='word_1_161' title='bbox 976 2113 1053 2149; x_wconf 89' lang='lat' dir='ltr'>dies</span> <span class='ocrx_word' id='word_1_162' title='bbox 1074 2114 1221 2163; x_wconf 79' lang='lat' dir='ltr'>privata</span> <span class='ocrx_word' id='word_1_163' title='bbox 1240 2115 1411 2151; x_wconf 86' lang='lat' dir='ltr'>omnium</span> 
     </span>
     <span class='ocr_line' id='line_1_24' title="bbox 292 2178 1410 2229; baseline -0.001 -12"><span class='ocrx_word' id='word_1_164' title='bbox 292 2180 462 2223; x_wconf 82' lang='lat' dir='ltr'>fortuna,</span> <span class='ocrx_word' id='word_1_165' title='bbox 484 2179 668 2215; x_wconf 82' lang='lat' dir='ltr'>matronis</span> <span class='ocrx_word' id='word_1_166' title='bbox 697 2191 846 2228; x_wconf 87' lang='lat' dir='ltr'>quoque</span> <span class='ocrx_word' id='word_1_167' title='bbox 872 2178 1075 2229; x_wconf 86' lang='lat' dir='ltr'>pristinum</span> <span class='ocrx_word' id='word_1_168' title='bbox 1099 2184 1275 2215; x_wconf 87' lang='lat' dir='ltr'>ornatum</span> <span class='ocrx_word' id='word_1_169' title='bbox 1305 2179 1410 2216; x_wconf 86' lang='lat' dir='ltr'>reddi</span> 
     </span>
     <span class='ocr_line' id='line_1_25' title="bbox 291 2243 1410 2296; baseline -0.001 -14"><span class='ocrx_word' id='word_1_170' title='bbox 291 2251 524 2296; x_wconf 85' lang='lat' dir='ltr'>paterentur.</span> <span class='ocrx_word' id='word_1_171' title='bbox 582 2243 807 2292; x_wconf 80' lang='lat' dir='ltr'>Augebatur</span> <span class='ocrx_word' id='word_1_172' title='bbox 825 2243 906 2280; x_wconf 90' lang='lat' dir='ltr'>haec</span> <span class='ocrx_word' id='word_1_173' title='bbox 921 2243 1134 2293; x_wconf 86' lang='lat' dir='ltr'>frequentia</span> <span class='ocrx_word' id='word_1_174' title='bbox 1155 2243 1354 2280; x_wconf 70' lang='lat' dir='ltr'>munerum</span> <span class='ocrx_word' id='word_1_175' title='bbox 1370 2245 1410 2282; x_wconf 86' lang='lat' dir='ltr'>in</span> 
     </span>
     <span class='ocr_line' id='line_1_26' title="bbox 292 2309 1409 2360; baseline 0.001 -13"><span class='ocrx_word' id='word_1_176' title='bbox 292 2310 391 2347; x_wconf 84' lang='lat' dir='ltr'>dies:</span> <span class='ocrx_word' id='word_1_177' title='bbox 424 2323 511 2347; x_wconf 85' lang='lat' dir='ltr'>nam</span> <span class='ocrx_word' id='word_1_178' title='bbox 533 2310 646 2346; x_wconf 88' lang='lat' dir='ltr'>etiam</span> <span class='ocrx_word' id='word_1_179' title='bbox 667 2322 713 2346; x_wconf 78' lang='lat' dir='ltr'>ex</span> <span class='ocrx_word' id='word_1_180' title='bbox 734 2310 881 2360; x_wconf 86' lang='lat' dir='ltr'>oppidis</span> <span class='ocrx_word' id='word_1_181' title='bbox 906 2309 1243 2359; x_wconf 87' lang='lat' dir='ltr'>conciliabulisque</span> <span class='ocrx_word' id='word_1_182' title='bbox 1270 2323 1409 2348; x_wconf 81' lang='lat' dir='ltr'>conve-</span> 
     </span>
     <span class='ocr_line' id='line_1_27' title="bbox 292 2374 1407 2427; baseline 0.003 -17"><span class='ocrx_word' id='word_1_183' title='bbox 292 2374 462 2412; x_wconf 85' lang='lat' dir='ltr'>niebant.</span> <span class='ocrx_word' id='word_1_184' title='bbox 519 2374 543 2411; x_wconf 86' lang='lat' dir='ltr'>J</span> <span class='ocrx_word' id='word_1_185' title='bbox 547 2387 606 2412; x_wconf 85' lang='lat' dir='ltr'>am</span> <span class='ocrx_word' id='word_1_186' title='bbox 627 2380 665 2412; x_wconf 87' lang='lat' dir='ltr'>et</span> <span class='ocrx_word' id='word_1_187' title='bbox 685 2374 858 2412; x_wconf 87' lang='lat' dir='ltr'>consules</span> <span class='ocrx_word' id='word_1_188' title='bbox 879 2381 1136 2427; x_wconf 86' lang='lat' dir='ltr'>praetoresque</span> <span class='ocrx_word' id='word_1_189' title='bbox 1155 2381 1192 2412; x_wconf 86' lang='lat' dir='ltr'>et</span> <span class='ocrx_word' id='word_1_190' title='bbox 1213 2374 1308 2413; x_wconf 86' lang='lat' dir='ltr'>alios</span> <span class='ocrx_word' id='word_1_191' title='bbox 1327 2388 1407 2413; x_wconf 86' lang='lat' dir='ltr'>ma—</span> 
     </span>
    </p>
   </div>
  </div>
 </body>
</html>
