1523 2666
306 159 382 198 128
765 173 810 200 T.
836 174 967 201 mvn

110 268 149 297 υ,
163 272 197 299 c,
219 276 289 302 5⁴16·
304 261 402 295 cium
422 262 559 304 missis,
581 262 653 297 nisi
674 263 702 297 si
721 270 841 298 terere
863 263 1001 299 frustra
1023 271 1168 313 tempus
1189 265 1352 302 sedendo
1371 266 1417 302 ad

107 313 147 340 A·
164 314 197 343 C·
218 320 289 346 206.
304 324 427 361 Gades
448 325 600 368 vellent,
623 327 851 362 redeundum
881 328 928 363 ad
950 329 1215 377 imperatorem
1236 342 1331 373 esse,
1353 331 1417 366 ad-

303 390 489 425 sentiente
513 389 676 432 Marcio,
699 404 838 440 paucos
859 400 947 441 post
967 393 1044 428 dies
1075 393 1188 429 ambo
1208 393 1418 444 Karthagi-

302 466 387 489 nem
407 455 562 491 rediere.
620 455 679 490 Ad
701 468 861 503 quorum
881 457 1086 493 discessum
1113 469 1190 493 non
1221 459 1419 508 respiravit

300 518 413 554 modo
434 518 567 567 Mago,
590 531 706 567 quum
727 525 827 555 terra
847 521 1015 569 marique
1037 523 1195 572 ancipiti
1223 528 1328 558 metu
1357 535 1418 558 ur-

303 589 475 631 geretur3
523 583 587 619 sed
622 584 751 626 etiam,
790 584 918 620 audita
955 585 1160 623 rebellione
1197 586 1419 635 Ilergetum,

303 660 409 696 spem
429 648 693 697 recuperanda}
723 647 922 697 Hispania:
952 656 1100 693 nactus,
1127 652 1287 687 nuncios
1318 652 1419 688 Kar-

302 712 499 759 thaginem
521 711 566 747 ad
588 718 761 748 senatum
782 713 924 758 Jnittit3
957 714 1035 762 qui,
1058 714 1169 750 simul
1195 716 1421 751 seditionem

303 776 451 812 civilem
476 777 515 812 in
543 778 674 813 castris
702 777 905 820 Romanis,
937 778 1046 813 simul
1079 779 1332 816 defectionem
1358 792 1420 816 so-

301 841 448 877 ciorum
474 841 513 877 in
543 841 664 891 majus
684 841 807 877 verbis
838 841 1080 885 extollentes,
1100 843 1358 887 hortarentur,
1379 851 1421 881 ut

303 905 444 942 auxilia
463 906 673 950 mitterent,
700 907 837 956 quibus
857 907 1038 943 traditum
1060 920 1082 943 a
1100 907 1270 957 patribus
1300 909 1421 959 impe-

109 977 247 1007 Mando-
301 971 400 1007 rium
420 970 619 1022 Hispaniae
648 973 768 1023 repeti
797 979 937 1023 posset.
1001 973 1234 1010 Mandonius
1255 979 1292 1009 et
1315 972 1421 1010 Indi-

107 1028 253 1096 {2ss⁵3ss
302 1035 404 1080 bilis,
425 1037 464 1073 in
484 1036 576 1074 fines
603 1038 779 1087 regressi,
802 1038 1021 1090 paullisper,
1044 1039 1146 1082 dum,
1168 1038 1349 1088 quidnam
1375 1038 1421 1074 de

107 1109 215 1147 copias
304 1102 489 1138 seditione
509 1109 752 1146 statueretur,
783 1104 937 1148 scirent,
968 1105 1141 1155 suspensi
1169 1104 1416 1152 quieverunt:

106 1161 234 1182 contra-

107 1195 191 1226 hunt
303 1166 334 1201 si
364 1168 502 1203 civium
535 1168 653 1203 errori
684 1168 958 1216 ignosceretur,
993 1182 1072 1205 non
1102 1167 1309 1204 diffidentes
1347 1167 1421 1203 sibi

303 1243 453 1280 quoque
474 1232 619 1281 ignosci
639 1244 774 1282 posse:
806 1240 1010 1282 postquam
1030 1232 1184 1281 vulgata
1203 1237 1259 1267 est
1279 1231 1420 1268 atroci·

301 1302 360 1331 tas
382 1295 571 1346 supplicii,
592 1309 699 1332 suam
720 1309 873 1346 quoque
902 1310 1045 1333 noxam
1074 1297 1156 1346 pari
1185 1308 1299 1345 poena
1319 1295 1420 1331 :esti-

301 1366 445 1396 matam
478 1361 564 1403 rati,
599 1362 742 1397 vocatis
776 1374 904 1398 rursus
941 1363 988 1398 ad
1021 1374 1124 1398 arma
1157 1359 1419 1411 popularibUS,

303 1427 598 1476 contractisque,
620 1440 701 1476 quae
723 1436 811 1463 ante
839 1427 1067 1470 habuerant,
1090 1426 1254 1469 auxiliis,
1281 1425 1321 1461 in
1351 1425 1420 1460 Se·

303 1491 481 1527 ‹let-anum
516 1504 662 1539 agrum,
698 1491 763 1527 ubi
796 1493 984 1542 principio
1022 1491 1245 1527 defectionis
1281 1489 1420 1524 stativa.

302 1555 528 1599 habuerant,
564 1569 650 1592 cum
684 1556 818 1604 viginti
851 1556 1017 1592 millibus
1051 1555 1234 1605 peditum,
1270 1551 1419 1588 duobus

303 1618 469 1654 millibus
491 1621 659 1668 equitum
680 1626 717 1656 et
737 1621 954 1669 quingentis
975 1619 1302 1655 transcenderunt.

356 1682 539 1720 XXXII.
570 1684 712 1734 Scipio,
733 1697 849 1732 quum
869 1683 941 1719 fide
971 1683 1140 1719 solvendi
1169 1681 1311 1732 pariter
1335 1693 1419 1717 om·

303 1746 415 1783 nibus
435 1748 560 1784 noxiis
580 1748 822 1796 innoxiisque
840 1747 1033 1797 stipendii,
1051 1752 1132 1782 tum
1153 1744 1258 1781 vultu
1278 1757 1321 1780 ac
1341 1757 1418 1780 ser-

302 1824 417 1848 mone
434 1813 472 1848 in
493 1825 623 1849 omnes
644 1813 809 1863 placat0,
831 1812 942 1849 facile
970 1811 1224 1848 reconciliatis
1255 1809 1419 1846 militum

304 1877 454 1919 animis,
486 1878 706 1927 priusquam
737 1884 859 1913 castra
891 1877 937 1912 ab
965 1875 1206 1923 Karthagine
1236 1878 1418 1915 moveret,

303 1942 489 1977 concione
510 1942 706 1984 advocata,
728 1941 855 1977 multis
879 1940 999 1976 verbis
1020 1940 1058 1975 in
1080 1938 1273 1988 perfidiam
1297 1936 1420 1974 rebel-

107 2012 216 2041 Oratio
227 2005 463 2041 Sci-lantiam
486 2007 700 2055 regulorum
720 2008 904 2048 invectus,
923 2017 1149 2052 nequaquam
1166 2005 1283 2039 eodem
1301 2004 1421 2038 (mimo

109 2056 211 2093 pionis
229 2055 267 2085 ad

109 2098 225 2129 mffites
304 2083 340 2106 se
370 2072 422 2106 ire
451 2071 641 2120 professus
663 2077 719 2106 est
739 2072 787 2106 ad
805 2071 1060 2106 vindicandam
1083 2070 1120 2104 z'cl
1138 2069 1262 2109 scelus,
1284 2079 1351 2115 quo
1371 2067 1420 2101 ci-

302 2136 407 2171 rilem
435 2148 589 2171 errorem.
618 2148 731 2184 nuper
755 2137 947 2171 sanaverit.
1011 2135 1098 2169 Tum
1129 2146 1178 2174 se,
1200 2133 1297 2167 haud
1325 2142 1422 2166 secus

301 2213 409 2248 quam.
441 2203 574 2237 viscera
603 2206 777 2236 secantem
809 2212 888 2241 sua,
920 2211 997 2234 cum
1026 2199 1161 2244 gemitu
1195 2202 1230 2232 et
1264 2196 1422 2231 lacrimis

301 2268 452 2313 triginta
480 2266 661 2301 hominum
689 2264 863 2312 capitibus
888 2265 1044 2310 expiasse
1074 2266 1152 2296 octo
1182 2260 1336 2296 millium
1360 2270 1419 2293 seu

298 2332 581 2379 ivprztdentc'cun,
612 2342 670 2366 seza
702 2341 828 2365 noxam
845 2345 855 2364 .·
886 2340 977 2363 nnuc
1006 2328 1085 2364 Certo
1106 2331 1139 2362 et
1163 2329 1280 2362 erecto
1299 2325 1421 2360 (mimo
