1523 2666
74 303 117 335 U.
131 304 166 336 C.
183 313 256 338 554.

73 349 162 378 Α.Ο.
184 356 254 383 198.

264 201 349 256 364
721 213 927 244 T.L1VI1

269 309 343 338 est:
367 302 509 339 dimissi
530 301 664 339 deiude
679 315 745 354 per
760 317 886 353 agros,
904 304 967 354 qui
984 305 1227 355 vestigarent.
1257 307 1379 358 Egre-

267 368 329 416 gia
349 367 509 404 duorum
529 380 645 418 opera
663 380 854 405 servorum
882 370 1048 406 iudicum
1074 377 1112 407 et
1143 372 1251 408 unius
1271 372 1381 409 liberi

265 431 351 469 fuit.
407 432 455 468 Ei
476 439 627 469 centum
650 432 768 469 millia
793 435 917 482 gravis
948 435 1029 471 aeris
1050 435 1130 472 dari
1150 436 1281 472 Patres
1295 436 1381 487 jus-

266 502 418 533 serunt:
451 497 565 533 servis
593 498 725 534 vicena
753 499 868 547 quina
894 499 1013 536 millia
1039 501 1135 544 aeris,
1157 507 1195 537 et
1223 500 1380 538 liberta-

264 568 361 598 tem:
394 561 557 612 pretium
574 573 705 597 eorum
725 574 771 599 ex
788 564 920 599 aerario
936 564 1103 601 solutum
1124 572 1180 601 est
1200 565 1377 603 dominis.

265 626 381 663 Haud
401 627 453 663 ita
473 625 594 662 multo
614 632 715 677 post,
738 639 784 663 ex
803 626 970 677 ejusdem
994 629 1270 680 conjurationis
1290 630 1379 666 reli-

263 691 375 740 quiis,
395 691 619 727 nunciatum
646 697 716 734 est,
738 692 890 727 servitia
914 692 1106 730 Praeneste
1133 702 1377 744 occupatura.

262 755 322 792 Eo
354 754 400 792 L.
423 754 623 791 Cornelius
661 760 802 805 praetor
834 756 1042 806 profectuS,
1081 758 1126 794 de
1160 758 1376 807 quingentis

260 822 340 859 sere
369 821 603 864 hominibus,
638 821 701 870 qui
735 821 773 856 in
803 834 847 857 ea
874 835 976 858 noxa
1003 829 1124 866 erant,
1148 823 1375 873 supplicium

261 887 416 923 sumsit:
450 887 486 922 in
515 886 651 922 timore
680 885 811 921 civitas
841 885 927 929 fuit,
949 886 1099 923 obsides
1129 888 1375 938 captivosque

259 950 468 988 Poenorum
497 962 541 986 ea
569 948 708 986 moliri.
765 949 900 999 Itaque
927 956 965 986 et
990 950 1126 987 Romae
1146 951 1283 1000 vigiliae
1309 965 1376 1003 per

257 1016 360 1051 vicos
382 1021 561 1060 servatae3
587 1012 762 1064 jussique
782 1014 979 1050 circumire
1009 1027 1070 1051 eas
1100 1015 1264 1053 minores
1292 1029 1372 1053 ma-

257 1081 460 1130 gistratus:
494 1086 532 1116 et
550 1079 737 1115 triumviri
761 1080 918 1116 carceris
950 1078 1218 1117 lautumiarum
1245 1081 1372 1117 inten-

255 1146 393 1181 tiorem
414 1144 624 1181 custodiam
643 1143 784 1180 habere
798 1143 896 1194 jussi
913 1159 919 1179 :
954 1151 992 1180 et
1011 1146 1111 1181 eirca
1132 1157 1273 1182 nomen
1292 1145 1370 1182 La-

256 1210 377 1246 tinum
399 1222 419 1245 a
439 1215 600 1259 praetore
630 1207 748 1243 literae
778 1208 915 1251 missae,
937 1217 977 1244 ut
1001 1215 1039 1244 et
1065 1209 1213 1245 obsides
1234 1210 1272 1245 in
1293 1210 1371 1260 pri-

254 1281 342 1311 vato
364 1281 616 1316 servarentur,
637 1285 759 1321 neque
788 1273 826 1308 in
861 1273 1054 1322 publicum
1083 1274 1294 1323 prodeundi
1312 1274 1371 1311 fa-

254 1338 374 1375 cultas
404 1339 578 1383 daretur5
611 1344 650 1374 et
675 1337 814 1388 captivi
848 1350 895 1374 ne
928 1339 1052 1374 minus
1086 1338 1216 1374 decem
1241 1339 1371 1388 pondo

254 1403 498 1453 compedibus
524 1403 643 1439 vincti
676 1402 716 1438 in
750 1402 856 1439 nulla
883 1402 969 1447 alia,
996 1416 1109 1453 quam
1139 1404 1179 1440 in
1211 1404 1370 1440 carceris

253 1469 410 1521 publici,
432 1469 604 1505 custodia
625 1474 764 1505 essent.

306 1534 482 1571 XXVII.
512 1534 657 1570 Eodem
678 1545 779 1569 anno
798 1532 915 1582 legati
932 1532 980 1569 ab
1000 1545 1087 1582 rege
1106 1532 1241 1569 Attalo
1257 1545 1367 1570 coro-

254 1613 341 1637 nam
375 1612 527 1636 auream
557 1597 763 1635 ducentum
794 1599 1044 1647 quadraginta
1070 1610 1135 1634 sex
1169 1598 1298 1648 pondo
1327 1598 1365 1634 in

254 1663 447 1714 Capitolio
484 1668 707 1713 posueruut,
747 1663 963 1711 gratiasque
1005 1662 1153 1698 senatui
1190 1668 1364 1710 egerunt,

253 1728 353 1777 quod
374 1727 604 1770 Antiochus,
622 1726 834 1775 legatorum
854 1725 1122 1762 Romanorum
1136 1726 1365 1762 auctoritate

250 1799 392 1836 motus,
415 1793 551 1829 finibus
571 1791 694 1828 Attali
715 1792 923 1828 exercitum
942 1790 1172 1827 deduxisset.
1219 1789 1364 1826 Eadem

251 1864 382 1894 :estate
403 1859 546 1907 equites
568 1857 735 1900 ducenti,
757 1865 794 1892 et
815 1855 1006 1906 elephanti
1028 1856 1170 1898 decem,
1192 1861 1230 1891 et
1248 1855 1366 1891 tritici

249 1922 419 1958 modium
441 1922 603 1957 ducenta
624 1921 756 1963 millia,
777 1920 823 1956 ab
851 1932 940 1969 rege
965 1918 1171 1955 Masinissa
1190 1919 1237 1954 ad
1257 1931 1365 1956 exer-

250 1986 381 2029 citum,
403 1986 466 2034 qui
496 1986 536 2021 iu
565 1985 714 2021 Graecia
743 1991 837 2026 erat,
871 1988 1135 2033 pervenerunt.
1194 1982 1292 2019 Item
1318 1994 1364 2019 ex

250 2051 378 2087 Sicilia
399 2050 647 2099 Sardiniaque
668 2050 796 2097 magui
825 2054 1058 2085 commeatus
1080 2052 1117 2083 et
1138 2047 1367 2084 vestimenta

248 2117 430 2153 exercitui
450 2117 577 2153 missa.
636 2114 803 2152 Siciliam
831 2113 888 2149 M.
905 2110 1127 2153 Marcellus,
1151 2111 1364 2148 Sardiniam

246 2181 303 2217 M.
325 2181 482 2217 Porcius
520 2180 617 2216 Cato
651 2177 872 2222 obtinebat3
906 2184 1058 2212 sauctus
1094 2181 1132 2210 ct
1165 2175 1363 2218 innocens,

248 2246 417 2296 asperior
436 2252 564 2281 tamen
590 2245 629 2280 in
649 2244 798 2280 foenore
828 2240 1038 2278 coercendo
1064 2239 1228 2276 habitus.
1285 2240 1362 2276 Fu-

247 2311 402 2359 gatique
429 2323 475 2346 ex
499 2309 622 2346 insula
650 2309 915 2351 foeneratores,
947 2313 984 2342 et
1007 2310 1166 2347 sumtus,
1193 2317 1285 2354 quos
1321 2305 1360 2341 in

245 2375 390 2412 cultum
418 2381 625 2427 praetorum
652 2374 746 2412 socii
765 2373 891 2411 facere
922 2370 1024 2409 soliti
1055 2376 1176 2413 erant,
1199 2370 1357 2406 circum·
