1523 2666
308 167 392 221 548
776 181 821 209 T.
857 180 987 210 L1v11

118 267 161 298 U·
174 268 212 299 C·
226 273 298 300 ⁵60·
311 270 419 305 cessi.-
449 281 654 306 concursum
680 271 728 306 ad
748 271 854 306 litora
873 270 1061 319 faturum,
1082 271 1174 307 unde
1193 271 1335 306 classem
1359 282 1417 307 re-

118 311 156 341 A'
172 310 208 342 ε’
228 317 300 344 ¹⁹²⁶
308 333 408 379 giam
423 335 694 381 prospexissent.
750 334 826 370 Hic
852 335 949 370 idem
978 346 1088 370 ausus
1119 334 1164 370 de
1196 326 1414 371 Hannibale

311 402 368 430 est
387 407 537 432 movere
554 397 780 433 sententiam
796 396 1007 447 propejam
1027 404 1168 433 certam
1184 398 1282 446 regis
1299 410 1307 431 z
1327 408 1417 432 nam

309 470 422 506 neque
439 461 687 496 dimittendam
703 466 845 508 partem
873 463 1017 497 navium
1036 474 1057 497 a
1078 462 1187 497 classe
1211 462 1312 508 regia
1330 472 1419 495 cen-

309 521 439 560 sebat:
471 535 594 570 neque,
613 526 643 559 si
670 525 850 559 nzittendae
876 537 983 560 naves
999 524 1143 573 forent,
1164 527 1280 562 minus
1299 534 1420 572 quem·

308 588 408 633 piam
427 588 459 622 ei
477 587 592 629 classi,
614 599 721 635 quam
739 588 995 630 Hannibalem,
1021 590 1295 638 praeficiendum.
1343 588 1419 623 Ex-

307 652 419 686 sutem
437 651 541 686 illum
559 656 594 686 et
613 652 762 687 Poenum
782 663 863 694 esse,
885 654 941 688 cui
960 654 1059 688 mille
1074 655 1109 688 in
1130 655 1205 688 dies
1222 664 1314 688 nova
1335 663 1416 688 con-

308 717 392 752 silia
415 718 471 752 vel
479 715 639 765 fortuna
662 729 741 759 sua,
762 718 818 753 vel
840 719 1020 764 ingenium
1046 719 1158 766 possit
1173 717 1313 766 facere.
1370 718 1422 752 Et

309 782 424 828 ipsam
443 793 521 817 eam
538 782 692 829 gloriam
713 781 808 823 belli,
831 794 902 829 qua
919 784 1016 818 velut
1035 784 1117 818 dote
1134 782 1319 818 Hannibal
1338 793 1420 817 con-

310 846 466 888 cilietur,
486 848 635 882 nimiam
664 848 701 881 in
728 846 899 895 proefecto
927 849 1025 895 regio
1051 859 1131 883 esse.
1189 846 1322 894 Regem
1342 858 1423 882 con-

309 913 411 959 spici,
431 924 550 960 regem
577 925 689 948 unum
722 914 859 955 ducem,
885 925 997 949 unum
1030 915 1284 960 imperatorem
1311 913 1426 948 videri

310 974 445 1011 debere.
502 975 545 1011 Si
576 977 735 1019 classem,
761 978 792 1012 si
820 978 1014 1012 exercitum
1043 978 1190 1012 anzittat
1222 976 1422 1018 Hannibal,

308 1039 406 1074 idem
425 1040 549 1076 damni
565 1039 668 1088 fore,
689 1052 732 1076 ac
757 1041 787 1076 si
813 1052 878 1088 per
902 1040 1016 1076 alium
1042 1041 1164 1076 ducem
1183 1041 1400 1075 amittantur
1412 1054 1426 1075 .-

308 1104 339 1138 si
358 1105 446 1151 quid
456 1116 627 1152 prospere
641 1106 793 1147 eveniat,
810 1105 1028 1140 Hannibalis
1045 1116 1138 1147 eam,
1155 1116 1225 1140 non
1239 1103 1422 1146 Antiochi,

306 1166 463 1213 gloriam
480 1166 581 1215 fore.
639 1167 681 1203 Si
698 1179 780 1203 vero
799 1169 961 1203 universo
982 1168 1070 1203 bello
1094 1168 1255 1203 vincendi
1285 1168 1424 1203 Roma-

308 1242 372 1268 nos
379 1229 541 1279 fortuna
559 1232 676 1274 detur,
700 1244 808 1280 quam
835 1243 933 1279 spem
961 1243 1043 1273 esse,
1062 1231 1124 1267 sub
1146 1242 1229 1279 rege
1248 1232 1424 1267 victurum

309 1295 551 1331 Hannibalem
570 1297 634 1331 uni
651 1294 856 1341 subjectum,
877 1296 938 1343 qui
961 1296 1123 1342 patriam
1142 1304 1258 1343 prope
1275 1307 1346 1331 non
1366 1299 1426 1331 tu-

312 1359 427 1395 lerit.9
455 1359 538 1395 Non
557 1360 611 1395 ita
628 1371 664 1395 se
682 1371 705 1394 a
714 1358 867 1405 juventa
886 1370 966 1394 eune.
982 1360 1138 1406 gessisse,
1158 1371 1220 1407 spe
1235 1360 1426 1407 animoque

311 1423 533 1471 complexum
562 1424 653 1460 orbis
683 1429 859 1460 terrarum
887 1424 1090 1472 imperium,
1118 1428 1159 1459 ut
1187 1425 1226 1459 in
1251 1427 1428 1460 senectute

310 1488 494 1524 dominum
514 1489 655 1524 laturus
673 1490 850 1525 videatur.
908 1489 1013 1525 Nihil
1032 1500 1120 1537 opus
1137 1500 1208 1524 esse
1225 1490 1301 1536 regi
1318 1488 1425 1524 Han-

308 1552 430 1588 nibale
448 1553 556 1589 duce:
586 1555 712 1589 comite
730 1558 766 1589 et
783 1554 985 1590 consiliario
1004 1554 1127 1589 eodem
1146 1554 1195 1589 ad
1215 1553 1345 1589 bellam
1368 1554 1425 1588 uti

309 1627 419 1663 posse.
449 1616 634 1652 Modicum
643 1617 811 1665 fructum
825 1629 867 1653 ex
886 1618 1026 1664 ingenio
1048 1618 1114 1653 tali
1132 1629 1245 1665 neque
1259 1627 1421 1664 gravem,

309 1691 422 1727 neque
442 1681 605 1717 inutilem
614 1680 704 1730 fore
717 1697 729 1716 .·
755 1682 786 1717 si
803 1693 943 1717 summa
957 1685 1143 1729 petantur,
1161 1685 1195 1716 et
1213 1681 1371 1722 dantem,
1390 1684 1426 1715 et

312 1745 543 1792 accipientem
560 1750 848 1793 proegravatura.

117 1807 301 1839 Consilium
367 1808 522 1846 XLIII.
551 1808 670 1845 Nulla
705 1809 859 1858 ingenia
894 1815 971 1845 tam
1005 1822 1128 1859 prona
1164 1808 1211 1844 ad
1244 1807 1425 1844 invidiam

119 1852 268 1882 mittendi

121 1894 292 1924 Hanniba·
315 1879 416 1916 sunt,
450 1886 563 1922 quam
595 1885 740 1916 eorum,
773 1874 837 1922 qui
869 1885 987 1921 genus
1021 1886 1065 1909 ac
1098 1872 1291 1909 fortunam
1320 1883 1425 1907 suam

118 1936 158 2008 {is
175 1938 208 1966 in
225 1937 288 2010 153²·-
314 1937 448 1973 animis
468 1950 546 1973 non
568 1944 741 1987 aequant:
774 1938 863 1986 quia
891 1938 1070 1974 virtutem
1099 1944 1138 1973 et
1162 1937 1305 1973 bonum
1334 1936 1425 1972 alie-

135 1988 199 2009 1am
216 1988 234 2010 a
254 1990 294 2019 μ-

119 2022 214 2052 citur.
315 2013 405 2037 num
426 2002 598 2039 oderunt.
654 2001 861 2051 Extemplo
890 2001 1091 2038 consilium
1116 2000 1291 2037 mittendi
1314 2000 1425 2036 Han-

314 2063 465 2107 nibalis,
487 2065 588 2114 quod
608 2078 722 2102 unum
743 2066 782 2101 in
801 2066 989 2115 principio
1008 2064 1099 2102 belli
1117 2064 1261 2100 utiliter
1280 2064 1425 2112 cogita-

314 2136 396 2165 tum
425 2136 519 2173 erat,
540 2130 731 2180 abjectum
761 2136 829 2167 est.
885 2130 1138 2167 Demetriadis
1168 2130 1330 2166 maxime
1359 2129 1423 2165 de-

315 2193 482 2231 sectione
510 2195 557 2232 ab
587 2195 772 2232 Romanis
803 2197 849 2232 ad
875 2196 1029 2232 AEtolos
1059 2195 1194 2238 elatus,
1215 2207 1292 2231 non
1323 2194 1422 2230 ultra

120 2256 302 2288 Antiochus
315 2258 460 2295 differre
480 2259 756 2310 profectionem
775 2261 813 2297 in
834 2259 1020 2297 Graeciam
1039 2259 1251 2296 constituit.
1294 2257 1422 2294 Prius-

122 2299 155 2328 in
175 2299 273 2329 Euro·
861 2324 868 2332 .
1106 2324 1112 2331 .
1314 2322 1320 2329 .

123 2350 199 2379 pam
216 2349 275 2374 tra-
318 2335 429 2372 quam
462 2323 625 2361 solveret
660 2336 788 2369 naveS‚
823 2323 937 2362 Ilium
968 2337 991 2362 a
1021 2336 1117 2362 mari
1149 2321 1354 2365 adscend1t‚
1385 2327 1427 2357 ut

117 2384 199 2422 jicit.
