1523 2666
90 266 132 298 U.

88 310 130 340 A.

96 1488 247 1520 Masinis-

294 165 376 209 230
753 160 799 190 Τ.
824 161 956 191 LIVII

145 265 182 296 c,
201 254 470 299 549,lzon2irzzcn2
499 251 732 287 inimicissimi
760 250 825 287 sibi
844 252 989 288 domum
1014 264 1057 288 ac
1081 258 1230 301 penates
1246 255 1407 292 eamdem

144 309 181 340 θ’
199 315 419 368 203·pestem
448 329 491 353 ac
511 315 660 364 furiam
690 317 856 352 transisse
883 317 1028 353 videat:
1058 329 1172 366 neque
1193 320 1407 367 prudentio-

285 393 376 427 rem,
406 393 517 431 neque
541 382 818 418 constantiorem
850 383 1095 427 Masinissam,
1126 397 1233 433 quam
1262 385 1407 434 Sypha-

286 462 375 493 cem,
409 461 492 492 esse,
526 449 635 485 etiam
658 447 813 494 juventa
844 451 1102 487 incautiorem:
1142 454 1235 486 certe
1265 451 1410 487 stultius

284 514 393 550 illum
410 518 518 562 atque
535 514 833 561 intemperantius
847 525 939 556 eam,
960 526 1068 562 quam
1086 526 1134 556 se,
1155 515 1304 550 duxisse.

340 575 452 613 XIV,
483 574 579 612 Haec
612 588 691 611 non
723 575 857 611 hostili
886 576 1001 612 modo
1032 577 1135 620 odio,
1164 577 1229 613 sed
1267 576 1407 613 amoris
1455 615 1458 617 ,

285 640 401 676 etiam
441 638 617 682 stimulis,
665 645 831 675 amatam
868 639 967 689 apud
1015 640 1188 676 aemulum
1235 652 1408 683 cernenS,

285 717 404 754 quum
435 704 616 750 dixisset3
649 716 729 740 non
766 703 948 741 mediocri
982 717 1073 740 cura
1105 705 1295 754 Scipionis
1326 704 1409 740 ani-

284 780 390 804 mum
409 767 577 818 pepulit:
611 773 648 804 et
668 767 780 804 fidem
800 768 1019 804 criminibus
1037 774 1153 817 raptae
1174 780 1292 817 prope
1311 768 1410 803 inter

286 843 392 867 arma
411 831 567 881 nuptiae,
588 843 710 880 neque
731 831 922 874 consulto,
942 844 1065 881 neque
1086 838 1306 881 exspectato
1323 831 1408 867 Lae-

285 893 354 938 lio,
384 894 600 939 faciebant5
634 902 787 943 tamque
817 907 982 944 praeceps
1010 895 1219 937 festinatio,
1251 900 1306 938 ut,
1335 907 1410 943 quo

286 957 348 994 die
368 964 519 1008 captam
536 958 687 994 hostem
708 958 876 1001 vidisset,
896 958 1029 994 eodem
1044 957 1411 1007 matrimoniojunc-

286 1029 366 1057 tam
386 1022 589 1072 acciperet,
610 1028 648 1057 et
670 1021 716 1058 ad
734 1027 891 1071 penates
914 1022 1036 1057 hostis
1067 1022 1124 1057 sui
1153 1021 1322 1071 nuptiale
1351 1034 1411 1058 sa-

287 1097 393 1121 crum
424 1085 652 1121 conficeret:
685 1097 731 1120 eo
761 1085 925 1121 foediora
957 1085 1038 1121 haec
1071 1085 1295 1121 videbantur
1332 1085 1412 1121 Sci-

287 1150 409 1199 pioni,
430 1149 531 1198 quod
551 1150 674 1200 ipsum
695 1149 733 1185 in
754 1149 944 1199 Hispania
962 1148 1145 1199 juvenem
1170 1148 1310 1185 nullius
1332 1148 1412 1186 for-

289 1225 351 1249 ma
377 1213 577 1263 pepulerat
604 1214 774 1264 captivae.
832 1213 928 1250 Haec
958 1226 1084 1249 secum
1109 1213 1297 1249 volutanti
1326 1213 1413 1249 Lae-

290 1275 364 1312 lius
386 1290 430 1312 ac
449 1276 656 1313 Masinissa
676 1284 998 1327 supervenerunt3
1023 1290 1117 1326 quos
1138 1290 1253 1326 quum
1274 1278 1414 1326 pariter

291 1340 406 1377 ambo
427 1348 464 1377 et
482 1341 651 1389 benigno
679 1341 784 1377 vultu
806 1342 1030 1392 excepisset,
1053 1347 1091 1377 et
1111 1342 1270 1390 egregiis
1294 1341 1415 1377 laudi-

290 1403 361 1440 bus
399 1404 590 1454 frequenti
629 1404 810 1454 praetorio
843 1403 1098 1450 celebrasset3
1141 1404 1347 1441 abductum
1375 1405 1414 1441 in

293 1476 479 1505 secretum
508 1468 754 1505 Masinissam
785 1469 838 1505 sic
868 1469 1108 1518 adloquitur,
1141 1470 1278 1517 Aliqua
1297 1475 1332 1505 te
1355 1481 1415 1505 ex-

93 1542 165 1562 Sssffl
178 1533 271 1562 casti·
291 1535 421 1578 istimo,
443 1535 650 1580 Masinissa,
679 1536 874 1571 intuentem
903 1536 939 1570 in
968 1547 1023 1570 me
1052 1535 1155 1577 bona,
1176 1539 1211 1570 et
1235 1536 1416 1583 principio

92 1582 145 1614 gat
162 1576 278 1615 Scipio.
297 1600 303 1605 .

292 1611 328 1634 m
353 1600 536 1647 Hispania
558 1602 606 1635 acl
625 1598 849 1648 jungendam
880 1611 1016 1635 mecum
1041 1600 1241 1635 amicitiam
1270 1601 1412 1643 ven-isse,

290 1669 325 1699 et
349 1669 475 1712 postea
507 1665 546 1700 in
574 1664 705 1713 Africa
735 1670 768 1700 te
800 1667 913 1713 ipsum
943 1676 1089 1712 spesque
1119 1676 1235 1700 omnes
1268 1668 1347 1700 tuas
1378 1666 1413 1700 in

276 1729 396 1777 fidem
425 1741 544 1765 meam
575 1731 795 1766 commisisse.
853 1731 969 1778 Atqui
1005 1729 1108 1765 niella
1145 1740 1268 1764 earum
1302 1729 1414 1764 virtus

289 1799 352 1836 est,
379 1800 530 1842 propter
562 1807 650 1843 quas
678 1795 898 1843 adpetendus
931 1794 995 1829 tibi
1019 1795 1114 1829 visus
1141 1795 1220 1835 sim,
1252 1805 1322 1841 qua
1350 1805 1413 1841 ego

289 1870 399 1905 (eque,
422 1863 530 1906 atque
559 1863 800 1908 temperantia
819 1866 853 1896 et
871 1861 1087 1896 continentia
1116 1859 1316 1901 libidinum,
1334 1860 1414 1906 glo-

288 1924 403 1958 riatus
411 1921 567 1971 fuerim.
613 1925 722 1961 Hanc
741 1930 774 1960 te
792 1937 929 1973 quoque
948 1926 996 1960 ad
1015 1928 1150 1960 ceteras
1169 1928 1248 1959 tuas
1265 1925 1412 1960 eximias

288 1988 451 2030 virtutes,
472 1987 680 2031 Masinissa,
703 1988 873 2035 adjecisse
891 1990 995 2025 veiim
1009 2005 1021 2025 .·
1039 2001 1108 2025 ‘non
1127 1993 1192 2031 est,
1212 2000 1283 2024 non
1305 1989 1410 2034 (milii

287 2051 407 2097 crede)
429 2056 569 2088 tantum
589 2053 633 2088 ab
653 2052 806 2089 hostibus
825 2056 976 2090 armatis
995 2055 1092 2089 (etati
1113 2058 1241 2089 nostra?
1267 2053 1409 2100 perica-

287 2116 375 2157 lam,
411 2121 586 2164 quantum
622 2117 666 2153 ab
695 2118 918 2168 circumfusis
954 2119 1111 2165 midique
1140 2107 1408 2164 volupta‘tibus:

285 2181 345 2226 qui
375 2191 435 2215 eas
469 2192 535 2216 sua
568 2183 807 2229 tem-perantia
833 2181 1003 2231 frenavit
1034 2194 1078 2217 ac
1111 2167 1259 2222 domuit,
1294 2180 1408 2215 multo

281 2242 399 2289 vnajus
418 2245 522 2281 decus
549 2246 790 2295 majoremque
817 2249 1005 2284 victoriam
1033 2247 1098 2282 sibi
1124 2247 1278 2294 peperit,
1300 2255 1407 2292 quam

280 2319 344 2344 izos
363 2308 528 2358 Syphace
546 2313 639 2348 victo
658 2311 835 2350 habemus.
894 2313 993 2357 Quce,
1015 2323 1071 2348 me
1090 2311 1244 2354 absente,
1264 2314 1406 2347 strenue
