1523 2666
97 306 140 339 U.
155 305 191 336 C.
208 312 280 342 557.

96 350 138 381 Α.
151 350 188 381 C.
207 358 280 384 19⁵.

292 194 376 250 438
755 205 800 234 T.
825 206 958 234 mvn

296 299 471 336 tentavit:
499 299 658 335 nondum,
683 299 740 334 Iex
767 300 888 347 Oppia
909 300 958 335 ad
980 299 1209 336 coercendam
1230 300 1412 336 luxuriam

293 363 502 399 muliebrem
535 364 614 399 lata
651 369 754 399 erat:
798 368 917 400 tamen
952 365 1056 399 nulia
1087 365 1234 412 accepit.
1294 363 1414 404 Quam

294 440 458 464 caussam
475 427 596 476 fuisse
620 429 800 464 censetis?
832 428 972 464 Eadem
987 427 1086 477 fuit,
1114 440 1192 476 qua>
1219 425 1414 473 majoribus

292 494 423 529 nostris
441 492 532 528 nihil
551 493 594 528 [le
617 492 684 527 hac
703 504 739 527 re
759 493 833 539 iege
855 493 1059 529 sanciendi:
1088 493 1193 528 nulla
1212 496 1290 527 erat
1309 491 1413 527 luxu-

291 559 364 600 ria,
399 569 477 605 quae
502 557 731 592 coerceretur.
790 556 893 592 Sicut
922 562 1007 593 ante
1034 557 1172 594 morbos
1195 568 1332 593 necesse
1364 559 1416 591 est

293 623 451 669 cognitos
487 632 571 663 esse,
607 632 714 668 quam
745 621 905 656 remedia
941 633 1083 664 eorum,-
1112 623 1162 658 sic
1199 621 1416 669 cupiditates

287 687 393 734 prius
411 690 506 720 natcc
524 689 619 726 sunt,
642 696 749 732 quam
776 685 880 731 leges,
903 697 979 732 quae
1001 686 1043 721 iis
1070 686 1218 720 <modum
1231 684 1413 733 facerent.

295 751 394 792 Quid
413 751 525 798 legem
547 750 728 785 Liciniam
747 750 918 785 excitavit
937 750 980 785 cle
999 751 1201 798 quingentis
1214 748 1415 796 jugeribuS,

292 817 363 852 nisi
383 817 505 863 iugens
525 815 654 862 cupido
674 825 780 860 agros
799 815 1064 850 continuandi.9
1086 814 1184 855 Quid
1200 814 1312 861 legem
1330 813 1417 849 Cin-

292 881 388 918 ciam
408 882 451 916 (le
471 880 573 916 sionis
592 884 628 915 et
646 878 861 921 muneribus,
881 880 949 915 nisi
969 880 1054 927 quia
1073 880 1258 927 vectigalis
1273 877 1357 926 jam.
1381 881 1417 914 et

291 946 531 994 stipendiaria
543 944 663 993 plebes
679 956 748 980 esse
763 946 903 980 senatui
921 950 1073 993 coeperat
1086 946 1108 982 ,9
1127 945 1256 994 Itaque
1270 946 1417 981 minime

291 1012 426 1047 mirum
457 1015 521 1053 est,
545 1021 609 1046 nec
637 1011 805 1059 Oppiam,
833 1022 896 1046 nec
915 1010 1027 1046 aliam
1049 1011 1166 1047 ullam
1197 1015 1271 1046 tum
1302 1011 1415 1058 legem

292 1076 536 1112 desideratam
557 1087 639 1118 esse,
663 1088 740 1123 quae
758 1076 901 1112 modum
917 1076 1090 1112 sumtibus
1104 1077 1297 1112 mulierum
1305 1075 1417 1124 face-

289 1145 360 1183 ret,
382 1153 490 1188 quum
509 1152 640 1176 aurum
660 1145 695 1176 et
710 1153 912 1189 purpuram
932 1142 1019 1177 data
1037 1146 1072 1177 et
1092 1141 1214 1178 oblata
1232 1141 1330 1177 ultro
1345 1151 1417 1176 non

290 1205 527 1254 accipiebant.
585 1205 627 1241 Si
646 1217 739 1241 nunc
758 1218 838 1241 cum
853 1206 927 1242 illis
943 1206 1044 1242 donis
1061 1205 1189 1243 Cineas
1207 1206 1328 1242 urbem
1343 1206 1414 1241 cir-

291 1271 468 1313 cumiret5
497 1274 633 1304 stantes
652 1271 689 1304 iu
712 1269 856 1317 publico
877 1271 1077 1313 invenisset,
1100 1283 1177 1318 quae
1203 1271 1416 1318 acciperent.

291 1334 414 1382 Atque
443 1345 506 1381 ego
531 1334 788 1369 nonnullarum
817 1336 1060 1382 cupiditatum
1086 1347 1129 1371 ne
1153 1346 1317 1372 caussam
1336 1335 1416 1383 qui-

293 1398 376 1435 dem
394 1403 459 1434 aut
480 1400 657 1434 rationem
678 1400 769 1435 inire
791 1411 935 1447 possum
948 1417 960 1436 .·
988 1413 1074 1437 nam
1095 1405 1147 1444 ut,
1168 1401 1264 1449 quod
1286 1400 1351 1436 alii
1371 1399 1418 1435 Zi-

293 1468 387 1507 ceat,
411 1463 474 1499 tibi
492 1476 563 1500 non
588 1464 706 1506 licere,
727 1465 869 1513 aliquid
880 1464 1044 1514 fortasse
1068 1465 1247 1503 naturalis
1265 1469 1329 1501 aut
1343 1476 1418 1513 pu-

294 1529 391 1564 doris
421 1533 486 1564 aut
519 1529 779 1576 indignationis
808 1529 961 1574 habeat,-
989 1533 1053 1574 sic,
1085 1534 1226 1579 aequato
1259 1530 1418 1565 omnium

294 1594 408 1635 cultu,
431 1595 517 1642 quid
541 1606 762 1642 unaquoeque
781 1594 936 1631 vestram
958 1601 1112 1638 veretur,
1144 1607 1186 1631 ne
1207 1596 1246 1630 in
1272 1605 1308 1630 se
1333 1604 1417 1629 con-

293 1660 470 1707 spiciatur
484 1661 504 1693 ?
537 1660 716 1695 Pessimus
736 1661 873 1708 quidem
892 1661 1011 1708 pudor
1030 1665 1080 1696 est
1099 1660 1154 1696 vel
1172 1658 1416 1707 parsimoniae,

293 1724 351 1759 vel
370 1725 624 1772 paupertatis:
651 1725 714 1759 sed
739 1729 931 1773 utrumque
957 1726 1013 1761 lex
1037 1725 1132 1761 vobis
1158 1725 1282 1767 demit,
1309 1734 1419 1771 quum

293 1789 346 1831 id,
371 1790 465 1837 quod
485 1789 611 1825 habere
638 1802 710 1825 non
732 1791 826 1833 licet,
848 1802 918 1826 non
939 1790 1085 1826 habetis.
1143 1789 1264 1831 Hanc,
1287 1789 1417 1836 inquit,

294 1854 411 1901 ipsam.
431 1856 712 1902 exaequationem
739 1867 809 1890 non
830 1854 933 1904 sero,
963 1856 1031 1891 illa
1059 1854 1235 1902 locuples:
1265 1865 1328 1889 cur
1346 1863 1418 1888 non

292 1919 443 1965 insignis
472 1931 560 1954 auro
594 1924 629 1954 et
658 1931 826 1967 purpura
864 1920 1091 1967 conspicior.9
1127 1931 1191 1954 cur
1220 1921 1420 1966 paupertas

295 1982 453 2018 aliarum
472 1983 534 2019 sub
557 1983 625 2019 hac
649 1985 736 2031 legis
754 1986 870 2032 specie
891 1985 993 2027 latet,
1014 1988 1068 2025 ut,
1089 1984 1183 2031 quod
1202 1982 1329 2019 habere
1347 1993 1419 2017 non

291 2052 454 2095 possunt,
483 2046 670 2090 habitune,
700 2049 730 2084 si
760 2049 893 2090 liceret,
911 2048 1029 2098 fuisse
1049 2047 1272 2084 videantur?
1305 2046 1420 2082 Vultis

298 2111 363 2147 hoc
389 2116 568 2148 certamen
587 2112 755 2148 uxoribus
778 2114 902 2149 vestris
927 2112 1085 2159 injicere,
1109 2113 1282 2154 Quirites,
1304 2115 1343 2147 ut
1363 2111 1420 2146 di-

294 2176 387 2211 vites
421 2177 461 2211 id
490 2176 618 2212 habere
645 2177 770 2220 veiint,
798 2179 892 2226 quod
920 2177 1023 2213 nulla
1052 2177 1129 2213 alia
1154 2178 1290 2225 possit,·
1324 2187 1420 2224 pau-

292 2252 407 2288 peres,
434 2253 478 2277 ne
507 2242 550 2277 ob
579 2242 644 2278 hoc
670 2244 784 2291 ipsum
813 2247 1102 2285 contemnantur,
1128 2253 1238 2290 supra
1266 2242 1358 2276 vires
1383 2251 1421 2277 se

296 2307 520 2343 extendant?
544 2307 624 2350 Nae,
644 2308 754 2344 simul
778 2309 931 2356 pudere,
960 2309 1056 2356 quod
1081 2319 1151 2343 non
1178 2310 1330 2355 oportet,
1352 2318 1420 2342 ca·-

294 2372 415 2419 perit5
446 2373 542 2421 quod
568 2377 722 2421 oportet,
752 2385 823 2409 non
843 2373 1013 2422 pudebit:
1043 2384 1120 2421 quae
1153 2372 1197 2409 de
1224 2383 1287 2408 suo
1315 2375 1419 2420 pote-
