1507 2656
332 209 486 241 LIBER
515 206 683 238 xxx-11.
716 205 822 234 CAP.
845 204 945 233 v11.
1112 202 1193 247 337

81 301 233 344 habuit,
254 307 379 338 utrum
405 313 472 350 per
489 299 674 334 insessum
694 296 740 332 ab
761 296 871 331 hoste
891 293 1042 336 saltum,
1064 305 1195 341 quam·
1212 294 1251 323 U.
1266 293 1302 323 C.
1319 300 1392 324 5:3³.

85 379 198 415 quam
210 365 317 401 labor
329 365 461 412 iugens
477 361 758 412 periculumque
771 364 1059 410 proponeretur,
1074 364 1196 393 trans-
1210 338 1249 367 Α·
1264 337 1300 368 C·
1321 343 1389 369 ‘⁹⁹'

86 430 182 466 itum
210 434 375 465 tentaret
391 444 401 473 3
435 440 483 463 an
513 426 646 462 eodem
674 425 824 467 itinere,
846 436 921 472 quo
942 423 1066 472 priore
1097 435 1197 458 auno

86 493 272 544 Sulpicius
292 492 558 529 Macedoniam
577 490 797 532 intraverat,
819 488 1115 524 circumduceret
1134 500 1199 523 co-

85 559 178 608 pias.
235 557 324 593 Hoc
348 556 547 593 consilium
567 568 633 606 per
653 554 791 591 multos
812 554 889 590 dies
911 553 1072 602 agitanti
1100 565 1198 589 nun-

83 622 162 658 cius
178 622 294 664 venit,
312 621 358 658 T.
372 622 594 660 Quinctium
616 619 809 656 consulem
828 619 985 662 factum,
1002 619 1199 656 sortitum-

83 700 157 737 que
176 688 409 738 provinciam
434 686 717 728 Macedoniam,
738 690 928 721 maturato
958 684 1093 719 itinere
1115 682 1198 733 jam

87 753 290 801 Corcyram
309 751 514 802 trajecisse.
571 750 743 785 Valerius
772 748 908 785 Antias
935 747 1198 791 intrasse,sal-

85 824 167 853 tum
186 815 342 852 Villium
360 816 489 858 tradit,
511 815 598 865 quia
617 821 721 850 recto
743 815 876 850 itinere
895 813 1096 862 nequierit,
1117 825 1199 849 om*-

84 882 194 918 nibus
215 895 237 918 a
256 894 343 930 rege
362 881 528 924 insessis,
547 886 716 916 secutum
736 879 884 921 vallem,
902 891 968 928 per
987 890 1101 927 qua-m
1120 890 1197 913 me-

85 946 185 981 diam
203 945 322 982 fertur
342 946 448 981 Aous
469 945 613 989 amni83
641 950 763 994 ,ponte
783 944 921 993 raptim
940 943 1058 985 facto,
1080 943 1118 978 in
1147 943 1197 979 ri-

82 1022 185 1060 pam,
213 1010 252 1045 in
278 1022 352 1058 qua
378 1016 485 1044 erant
516 1014 640 1045 castra
665 1009 782 1056 regia,
813 1014 1090 1056 transgressum
1119 1008 1199 1043 acie

84 1076 324 1112 conflixisse:
354 1075 483 1111 fusum
511 1075 759 1123 fugatumque
788 1087 929 1123 regem,
952 1074 1083 1110 castris
1107 1085 1198 1112 exu-

81 1147 184 1177 tum:
207 1140 405 1177 duodecim
426 1139 543 1175 millia
561 1139 728 1175 hostium
746 1150 791 1174 eo
811 1137 948 1188 proelio
964 1151 1073 1181 caesa,
1088 1144 1200 1188 capta

85 1205 165 1241 duo
186 1203 304 1241 millia
336 1209 374 1239 et
402 1204 599 1246 ducentos,
631 1209 668 1238 et
698 1202 806 1251 signa
834 1202 1014 1238 militaria
1047 1208 1199 1238 centum

84 1270 241 1318 triginta
261 1269 350 1312 duo,
371 1281 486 1317 equos
514 1268 696 1304 ducentos
726 1267 905 1315 triginta:
938 1268 1055 1303 aedem
1084 1268 1199 1303 etiam

85 1334 175 1369 Jovi
194 1335 232 1369 in
253 1346 298 1369 eo
318 1333 453 1383 proelio
472 1338 614 1375 votam,
635 1332 667 1367 si
685 1344 742 1368 res
763 1344 942 1382 prospere
961 1339 1068 1380 gesta
1088 1338 1199 1369 esset.

87 1398 213 1433 Ceteri
245 1397 368 1432 Graeci
399 1396 605 1446 Latinique
637 1402 824 1438 auctores,
856 1408 1017 1445 quorum
1049 1396 1200 1446 quidem

87 1475 159 1510 ego
186 1461 258 1510 legi
281 1461 449 1504 annales,
470 1460 566 1496 nihil
594 1460 839 1496 memorabile
868 1474 890 1496 a
909 1459 1026 1496 Villio
1056 1467 1197 1505 actum,

79 1528 347 1575 integrumque
358 1526 499 1562 bellum
514 1526 775 1575 insequentem
789 1525 982 1563 consulem
997 1525 1042 1562 T.
1053 1526 1198 1565 Quinc-

79 1591 177 1627 tium
198 1591 387 1640 accepisse
406 1591 571 1627 tradunt.

135 1654 228 1690 Vll.
256 1654 360 1690 Dum
389 1655 470 1690 haec
502 1655 543 1690 in
574 1653 806 1691 NIacedouia
836 1662 1031 1704 geruntur,
1064 1657 1196 1693 consul

74 1717 178 1756 alter
211 1718 256 1754 L.
277 1718 478 1761 Lentulus,
513 1719 574 1768 qui
604 1718 740 1755 Romae
774 1719 1009 1765 substiterat,
1040 1723 1197 1758 comitia

84 1783 302 1819 censoribus
323 1783 492 1819 creandis
512 1783 657 1820 habuit.
693 1784 828 1820 Multis
848 1784 957 1822 claris
977 1786 1193 1836 petentibus

82 1850 184 1893 viris,
206 1849 322 1885 creati
351 1862 524 1885 censores
554 1850 596 1886 P.
618 1849 816 1886 Cornelius
841 1850 969 1900 Scipio
991 1850 1192 1889 Africanus

82 1921 119 1949 et
139 1913 181 1950 P.
197 1912 322 1949 AElius
352 1913 504 1949 Paetus:
538 1914 591 1956 hi,
612 1926 750 1962 magua
779 1914 877 1950 inter
906 1927 944 1950 se
974 1915 1192 1958 concordia,

80 1984 118 2013 et
138 1984 310 2013 senatum
330 1978 410 2014 sine
431 1977 539 2014 ullius
560 1984 653 2014 nota
671 1977 858 2026 legerunt,
881 1985 917 2015 et
940 1981 1109 2030 portoria
1130 1994 1192 2017 ve-

81 2043 222 2080 nalium
243 2044 382 2094 Capuae
409 2044 667 2094 Puteolisque,
688 2046 779 2081 item
810 2046 1031 2082 Castrorum
1060 2052 1192 2096 porto·

80 2110 190 2151 rium,
205 2121 279 2157 quo
301 2110 338 2144 in
359 2109 443 2145 loco
462 2122 563 2146 nunc
583 2110 762 2159 oppidum
784 2116 854 2152 est,
869 2109 1070 2149 fruendum
1088 2111 1191 2147 loca-

78 2179 189 2208 runt:
223 2172 453 2222 colonosque
473 2187 518 2210 eo
538 2181 727 2210 trecentos
752 2175 799 2222 (is
824 2175 924 2210 enim
950 2187 1126 2211 numerus
1148 2175 1191 2212 fi-

79 2236 180 2272 nitus
201 2235 247 2271 ab
280 2243 412 2273 senatu
442 2239 539 2285 erat)
572 2238 864 2288 adscripserunt,
887 2245 923 2275 et
953 2238 1021 2275 sub
1051 2238 1189 2275 Tifatis

81 2301 221 2350 Capuae
250 2315 378 2350 agrum
406 2302 665 2340 vendiderunt.
724 2303 800 2341 Sub
836 2304 932 2341 idem
962 2310 1109 2355 tempus
1142 2304 1189 2342 L.

77 2364 244 2401 'Manlius
265 2366 462 2411 Acidinus,
483 2380 529 2404 ex
548 2367 738 2418 Hispania
757 2368 954 2412 decedens,
974 2368 1188 2420 prohibitus

129 2429 226 2466 Yon.
257 2430 332 2468 ΙΙΙ.
607 2433 647 2470 Q
