1523 2666
104 268 194 299 U.C.
208 275 283 302 556.

107 312 191 344 A.C.
206 319 278 346 196.
326 335 331 341 -

102 589 248 628 Legatio-

103 642 170 664 nes·

299 169 383 218 416
761 182 804 210 Ὺ.
830 178 960 211 mvn

303 268 478 315 trajiciat,
505 282 549 306 ne
578 272 674 319 quod
702 275 776 307 toto
800 274 880 308 orbe
909 278 1083 309 terrarum
1111 274 1277 320 injustum
1299 278 1413 325 impea

300 346 394 369 ruem
413 335 473 376 sit,
494 339 528 370 et
548 334 756 383 ztbiqzcejus,
768 336 849 383 fas,
873 338 926 372 Iex
942 339 1188 385 potentissima
1206 341 1286 376 sint.
1331 338 1412 377 Una

297 409 382 434 voce
404 401 580 446 praeconis
605 401 772 436 liberatas
797 413 914 438 omnes
942 403 1087 439 Groeciae
1111 407 1217 451 atque
1235 405 1329 440 Asiae
1347 416 1408 440 ur-

298 461 365 498 bes.
421 464 502 499 Hoc
533 477 595 512 spe
626 467 820 512 concipere,
859 468 1007 503 audacis
1042 469 1156 504 animi
1179 467 1324 516 fuisse:
1363 469 1414 505 ad

298 527 459 576 effectum
481 529 669 571 adducere,
691 530 835 565 virtutis
854 535 887 566 et
896 529 1063 578 fortunae
1080 533 1242 580 ingentis,

353 590 550 627 XXXIV.
581 591 794 628 Secundum
815 592 887 628 ista
900 592 983 642 jam
1003 595 1205 633 Quinctius
1226 602 1264 631 et
1283 596 1410 632 decem

297 652 416 702 legati
434 654 645 703 legationes
665 668 811 703 regum,
834 658 1017 705 gentium,
1039 659 1323 708 civitatiumque
1342 673 1410 696 au·-

299 719 436 757 ‹livere.
493 721 610 757 Primi
631 722 801 757 omnium
831 723 928 771 regis
949 724 1132 760 Antiochi
1149 725 1274 760 vocati
1294 724 1412 774 legati

298 791 408 821 sunt:
442 785 500 821 his
522 786 667 830 eadem,
689 799 770 835 quae
797 787 875 823 fere
898 787 1034 823 Romae
1054 794 1175 831 erant,
1196 788 1311 824 verba
1330 790 1411 826 sine

296 847 370 886 fide
402 861 527 885 rerum
553 849 713 899 jactata.
770 850 881 886 Nihil
900 850 983 899 jam
1009 851 1200 901 perplexe,
1231 858 1272 888 ut
1305 859 1410 897 ante,

297 924 413 962 quum
434 913 557 949 dubiae
576 927 634 949 res
655 914 837 951 incolumi
856 915 1037 966 Philippo
1055 922 1176 960 erant,
1198 917 1262 952 sed
1281 923 1411 968 aperte

295 978 605 1027 pronunciatum,
626 985 668 1014 ut
694 980 892 1016 excederet
910 981 1012 1016 Asiae
1038 980 1208 1025 urbibus,
1236 994 1319 1030 quae
1345 988 1411 1018 aut

294 1040 478 1091 Philippi,
507 1049 572 1079 aut
593 1043 795 1080 Ptolemaei
821 1057 952 1093 regum
985 1044 1168 1082 fuissent:
1203 1044 1411 1082 abstineret

294 1104 448 1149 liberas,
469 1118 675 1156 omnesque
696 1106 861 1144 Graecas.
921 1109 1024 1144 Ante
1050 1108 1180 1145 omnia
1204 1108 1410 1145 denuncia-

291 1175 391 1213 tum,
412 1183 461 1206 ne
488 1171 527 1207 in
559 1172 754 1222 Europam
781 1178 847 1208 aut
872 1173 952 1222 ipse
981 1173 1173 1216 transiret,
1194 1179 1261 1209 aut
1280 1173 1410 1223 copias

292 1233 500 1284 trajiceret.
557 1235 734 1272 Dimissis
764 1237 864 1284 regis
892 1237 1043 1285 legatis,
1077 1243 1286 1274 conventus
1317 1249 1412 1286 gen-

293 1299 390 1334 tium
411 1299 697 1348 civitatiumque
717 1306 775 1336 est
793 1300 925 1337 haberi
946 1308 1092 1352 coeptus
1109 1316 1117 1337 2
1150 1314 1271 1352 eoque
1285 1307 1410 1337 matu-

293 1362 371 1397 rius
409 1363 676 1412 peragebatur,
711 1364 812 1413 quod
846 1364 996 1401 decreta
1032 1365 1163 1402 decem
1198 1365 1411 1414 legatorum

293 1426 468 1462 ‚civitates
488 1428 717 1464 nominatim
742 1429 1061 1478 pronunciabant.
1119 1429 1281 1474 Orestis,
1305 1429 1411 1478 (Ma-

296 1489 483 1526 cedonum
511 1503 555 1527 ea
586 1504 678 1540 gens
710 1493 784 1540 est)
816 1493 918 1542 quod
943 1494 1055 1544 primi
1075 1493 1122 1529 ab
1142 1506 1231 1542 rege
1251 1493 1408 1530 defecis-

296 1560 395 1597 sent,
417 1567 493 1591 suae
513 1555 613 1604 leges
634 1556 802 1594 redditae.
848 1557 1067 1606 BIagnetes,
1088 1563 1126 1593 et
1144 1557 1351 1601 Perrhaebi,
1373 1563 1413 1593 et

294 1616 483 1668 DolopeS,
507 1619 616 1656 liberi
647 1633 797 1670 quoque
826 1623 1082 1672 pronunciati.
1138 1621 1409 1659 Thessalorum

296 1684 417 1731 genti,
438 1684 801 1733 praeterlibertatem
817 1698 1050 1730 concessam,
1066 1687 1199 1723 Achaei
1214 1686 1408 1723 Phthiotae

295 1747 389 1791 dati,
409 1748 554 1785 Thebis
572 1749 803 1786 Phthioticis
826 1759 862 1787 et
881 1751 1065 1788 Pharsalo
1084 1758 1255 1802 excepto.
1292 1750 1410 1788 AEto-

293 1804 351 1848 los
379 1812 425 1848 de
451 1813 636 1849 Pharsalo
667 1820 705 1850 et
725 1814 902 1851 Leucade
931 1815 1184 1865 postulantes,
1204 1822 1248 1851 ut
1269 1828 1316 1852 ex
1334 1815 1408 1852 foe-

294 1874 381 1913 dere
394 1875 465 1912 sibi
481 1877 784 1920 restituerentur,
802 1879 849 1914 ad
864 1885 1038 1914 senatum
1052 1878 1277 1928 rejecerunt.
1303 1879 1408 1914 Pho-

293 1946 439 1983 censcS,
459 1939 686 1984 Locrenses,
704 1947 742 1977 et
756 1954 839 1990 quae
855 1942 953 1978 sicut
972 1948 1061 1978 ante
1076 1942 1227 1978 fuerant
1243 1941 1406 1993 adjecta,

292 2003 434 2040 decreti
472 2006 701 2042 auctoritate
729 2006 788 2042 his
822 2006 1125 2043 contribuerunt.
1183 2007 1406 2050 Corinthus,

292 2073 331 2102 et
356 2067 568 2118 Triphylia,
597 2075 636 2105 et
661 2069 802 2106 Heraea
837 2069 1111 2121 (Peloponnesi
1141 2076 1179 2106 et
1204 2071 1287 2120 ipsa
1319 2069 1406 2107 urbs

291 2132 367 2179 est)
406 2133 552 2169 reddita
584 2133 749 2170 Achaeis,
806 2134 947 2171 Oreum
982 2141 1021 2171 et
1055 2135 1247 2171 Eretriam
1278 2135 1409 2172 decem

291 2195 409 2244 legati
428 2197 592 2234 Eumeni
611 2199 706 2247 regi,
726 2199 849 2236 Attali
865 2199 957 2243 filio,
975 2199 1138 2237 dabant:
1161 2199 1407 2237 dissentiente

290 2260 490 2305 Quinctio,
521 2262 625 2298 venit
655 2275 712 2298 res
748 2264 787 2299 in
817 2263 1015 2300 arbitrium
1043 2269 1219 2300 senatus:
1253 2269 1404 2299 senatus

293 2322 507 2362 libertatem
544 2325 602 2362 his
637 2327 856 2364 civitatibus
891 2327 1008 2372 dedit,
1048 2327 1209 2378 Carysto
1242 2326 1404 2377 adJecto.
