1507 2656
270 208 425 239 ,LIBER
449 205 618 237 xxxu.
652 203 758 233 cAP.
781 203 961 234 XXXIX.
1092 201 1174 248 377

66 307 219 338 nantem
239 301 371 342 mittit,
392 298 456 348 qui
477 296 714 338 nunciarent,
735 296 851 343 Argos
867 297 902 330 in
917 299 1092 343 potestate
1110 307 1175 331 sua
1189 299 1230 329 U.
1243 299 1278 329 C.
1297 306 1370 330 55³·

65 378 157 402 esse:
187 378 225 401 eo
243 367 273 401 si
292 366 427 401 veniret
448 362 634 404 Quinctius
655 361 703 396 ad
731 360 968 408 conloquium,
990 373 1057 396 uon
1078 360 1174 409 diffi-
1186 343 1223 373 A·
1242 343 1278 373 C·
1297 348 1370 376 ¹97⁸

65 432 159 473 dere,
178 431 243 466 sibi
262 431 381 465 onmia
399 440 476 464 cum
497 438 537 462 eo
556 429 783 462 conventura.
828 425 1045 467 Quinctius,
1068 431 1109 460 ut
1129 437 1175 462 eo

65 506 214 543 quoquc
232 493 405 543 praesidio
422 491 641 541 Philippum
659 490 834 534 nudaret,
852 502 967 539 quum
982 489 1177 526 adnuisset

66 570 104 593 se
124 564 335 599 venturum,
357 556 475 593 mittit
492 556 539 592 ad
557 555 745 598 Attalum,
762 561 804 591 ut
819 554 866 591 ab
882 554 1026 603 AEgina
1043 554 1174 603 Sicyo-

63 633 149 657 nem
172 622 243 658 sibi
264 621 496 665 obeurreret,
524 622 604 671 ipse
635 620 682 657 ab
709 620 895 669 Anticyra
915 620 1042 655 decem
1063 619 1175 668 quin-

62 685 315 734 queremibus,
337 697 427 734 quas
451 686 495 721 iis
516 684 615 720 forte
635 685 725 735 ipsis
746 683 875 720 diebus
901 683 949 720 L.
970 683 1173 722 Quinctius

62 750 179 786 frater
194 749 273 800 ejus
293 750 501 786 adduxerat
515 762 561 786 ex
575 749 744 786 hibernis
761 749 952 798 Corcyrae,
971 748 1174 797 Sicyonem

63 815 284 850 transmisit.
326 814 414 850 Jam
433 814 486 850 ibi
505 813 657 850 Attalus
679 818 782 858 erat3
806 812 884 861 qui,
906 825 1019 861 quum
1040 818 1172 861 tyran·

62 891 114 914 no
133 878 180 914 ad
199 877 418 914 Romanum
444 878 725 928 imperatorem,
746 889 825 913 non
847 876 1026 912 Romano
1046 875 1092 911 ad
1113 882 1173 925 ty·-

60 954 235 984 rannum,
252 942 415 977 eundum
430 941 583 984 diceret,
599 941 639 977 in
652 940 879 976 sententiam
900 952 1005 976 suam
1023 940 1172 977 Quinc-

59 1006 157 1042 tium
176 1005 358 1048 tmduxit,
379 1018 428 1042 ne
446 1006 486 1042 in
506 1005 636 1042 urbem
655 1005 776 1055 ipsam
797 1005 921 1053 Argos
942 1005 1024 1041 iret.
1055 1005 1173 1043 Haud
1184 1009 1317 1041 Nabidis

60 1070 193 1121 procul
212 1070 305 1107 urbe
331 1069 533 1120 Mycenica
551 1075 727 1105 vocatur:
759 1070 800 1104 in
829 1081 874 1104 eo
900 1068 987 1104 loco
1014 1076 1055 1106 ut
1078 1083 1170 1106 con·
1182 1063 1342 1127 &xmae

58 1134 317 1184 gredercntur,
339 1133 529 1170 convenit.
586 1132 788 1172 Quinctius
805 1145 889 1169 cum
909 1132 1026 1170 fratre
1046 1140 1083 1169 et
1103 1135 1170 1170 tri-
1183 1139 1353 1179 conloqui-

60 1199 171 1235 bunis
192 1197 356 1235 militum
385 1197 529 1248 paucis,
549 1196 702 1234 Attalus
728 1209 813 1233 cum
840 1198 947 1246 regio
970 1198 1170 1243 comitatu,
1183 1193 1257 1214 um·

60 1263 301 1300 Nicostratus
315 1263 543 1300 Achaeorum
557 1269 698 1313 praetor
713 1275 798 1299 cum
814 1261 1059 1299 auxiliaribus
1075 1276 1170 1314 pau—

59 1329 112 1364 cis
133 1328 258 1363 venit:
290 1333 494 1377 tyrannum
523 1326 577 1363 ibi
603 1340 689 1363 cum
715 1326 890 1363 omnibus
912 1327 1030 1377 copiis
1051 1327 1170 1378 obpe-

60 1393 219 1429 rientem
238 1393 486 1428 invenerunt:
519 1404 739 1442 progressus
761 1398 926 1429 armatus
947 1405 1033 1429 cum
1055 1393 1170 1431 satel-

57 1456 187 1494 litibus
226 1457 379 1493 armatis
417 1462 474 1492 est
508 1457 548 1493 in
585 1457 751 1494 medium
789 1457 869 1494 fere
908 1457 1168 1508 interjacentis

57 1523 203 1572 campi:
236 1522 388 1558 inermis
409 1521 612 1561 Quinctius
633 1535 717 1558 cum
737 1522 854 1559 fratre
877 1529 915 1559 et
934 1522 1080 1560 duobus
1100 1525 1169 1560 tri-

56 1587 166 1624 bunis
187 1584 373 1631 militum3
405 1587 541 1623 inermi
565 1587 657 1621 item
681 1587 762 1635 regi
781 1593 922 1637 praetor
939 1588 1169 1624 Achaeorum

56 1658 96 1688 et
130 1663 225 1687 unus
256 1662 303 1687 ex
332 1650 547 1701 purpuratis
583 1649 682 1686 latus
720 1650 938 1699 cingebant.
1010 1651 1169 1690 Initium

57 1716 240 1752 sermonis
261 1714 308 1751 ab
335 1715 579 1751 excusatione
599 1716 751 1764 tyranni
770 1722 911 1760 ortum,
933 1718 1029 1765 quod
1046 1730 1168 1753 arma-

59 1785 114 1816 tus
139 1782 212 1829 ipse
240 1781 460 1828 armatisque
483 1785 615 1828 septus,
644 1793 753 1828 quum
784 1782 932 1817 inermes
962 1781 1169 1818 Romanum

57 1845 306 1892 imperatorem
330 1855 516 1892 regemque
544 1850 714 1888 cerneret,
738 1846 775 1880 in
801 1846 1028 1894 conloquium
1053 1846 1169 1882 venis·

19 1954 20 1957 Ἰ
55 1913 126 1945 set:
155 1920 267 1957 neque
279 1909 374 1944 enim
391 1920 428 1944 se
447 1909 527 1944 illos
546 1910 683 1952 timere,
705 1908 814 1953 dixit,
833 1911 895 1946 sed
911 1912 1044 1947 exsules
1058 1912 1168 1959 Argi-

19 1970 20 1977 ’
54 1984 191 2009 vorum.
248 1972 356 2016 Inde,
378 1972 443 2009 ubi
468 1973 513 2010 de
542 1973 826 2010 conditionibus
860 1976 1036 2011 amicitiae
1063 1989 1167 2027 coep-

57 2045 137 2072 tum
157 2036 218 2085 agi
238 2041 309 2079 est,
327 2035 525 2073 Romanus
545 2037 636 2073 duas
657 2037 850 2088 postulare
868 2050 926 2074 res
943 2053 951 2074 z
974 2051 1102 2083 unam,
1125 2046 1167 2075 ut

55 2099 198 2136 bellum
230 2113 316 2137 cum
347 2101 499 2138 Achaeis
533 2101 681 2138 finiret:
715 2101 887 2146 alteram,
918 2109 960 2138 ut
989 2103 1165 2139 adversus

16 2203 19 2215 ἶ
57 2163 274 2214 Philippum
294 2165 461 2201 mitteret
481 2178 608 2202 secum
628 2166 780 2203 auxilia.
828 2168 887 2203 Ea
906 2179 945 2203 sc
964 2168 1164 2204 missurum

55 2227 150 2263 dixit
167 2243 173 2263 :
200 2240 268 2277 pro
288 2240 379 2278 pace
400 2241 485 2265 cum
503 2230 669 2274 Achaeis,
687 2231 846 2268 induciae
868 2232 1079 2284 inpetratae,
1097 2231 1163 2268 do-

19 2300 23 2347 }
55 2304 123 2327 nec
144 2290 282 2329 beilum
303 2305 386 2330 cum
408 2293 586 2346 Philippo
606 2294 788 2334 finiretur.
