1507 2656
288 174 444 202 LIBER
468 169 646 199 xxxw.
680 170 786 197 CAP.
811 170 890 197 xL.
1063 168 1144 211 477

41 264 179 307 solent,
201 277 307 300 ruere
328 264 366 299 iu
386 262 583 298 Romanos
601 265 723 295 tecta:
749 272 817 294 nec
833 258 1046 307 tegularum
1066 272 1147 296 mo·
1160 266 1202 296 U.
1217 265 1253 296 C.
1269 271 1341 300 ⁵⁵7·

40 329 89 366 do
109 329 333 378 fragmenta,
355 327 417 363 scd
446 327 559 362 etiarn
580 323 755 360 ambusta
775 323 896 370 tigna,
918 323 964 359 ad
984 331 1148 360 armatos
1160 310 1199 339 Α·
1213 309 1249 340 C·
1272 315 1344 341 ¹⁹⁵·

40 394 247 442 pervenire,
262 399 299 427 et
310 391 462 427 flamma
477 389 553 425 late
564 387 686 430 fundi,
700 386 825 422 fumus
839 392 1021 422 terrorem
1036 388 1150 424 etiam

41 455 237 506 majorem,
271 468 384 505 quam
412 452 636 504 periculum,
665 451 801 487 facere.
858 450 992 499 Itaque
1022 458 1059 486 et
1088 452 1152 500 qui

41 526 148 556 extra
168 520 299 555 urbem
319 525 428 555 erant
446 518 725 558 Romanorum,
747 521 828 551 tum
854 516 1016 551 maxime
1045 517 1151 567 inpe-

39 591 100 622 tus
120 584 317 628 facientes,
337 595 524 620 recessere
542 595 565 618 a
580 593 688 618 muro
705 595 712 616 :
745 586 796 622 et,
814 580 876 629 qui
890 578 972 629 jam
989 581 1152 619 intrave-

41 654 140 691 rant,
170 661 218 685 ne
244 649 420 685 incendio
441 647 487 684 ab
509 654 617 695 tergo
644 645 790 681 oriente
816 644 1155 682 intereluderentur

42 712 89 750 ab
120 713 211 756 suis,
245 718 470 763 receperunt
500 724 599 747 sese:
633 716 671 746 et
697 709 915 752 Quinctius,
936 716 1152 759 postquam,

43 777 134 827 quid
166 778 218 813 rei
253 783 364 820 esset,
396 776 504 819 vidit,
538 775 704 825 receptui
740 786 875 810 canere
907 772 1036 823 jussit.
1093 774 1156 810 Ita

38 840 122 893 jam
149 855 172 878 a
201 848 313 893 capta
339 853 457 892 prope
484 840 575 876 urbe
604 839 770 876 revocati
799 838 990 874 redierunt
1012 839 1050 874 iu
1075 851 1156 875 cas-

46 913 116 943 tra.

97 969 185 1006 XL.
215 969 417 1009 Quinctius
438 968 521 1020 plus
549 982 593 1005 ex
614 969 753 1004 timore
774 968 956 1011 hostium,
977 980 1090 1016 quam
1111 981 1156 1004 ex

44 1047 83 1070 re
102 1034 197 1084 ipsa,
219 1035 299 1084 spei
318 1040 468 1076 nactus,
485 1046 551 1083 per
568 1033 734 1068 triduum
751 1033 951 1080 insequens
972 1034 1158 1068 territavit

47 1111 132 1144 eos,
165 1111 265 1134 nunc
295 1097 438 1147 proeliis
466 1097 699 1139 lacessendo,
721 1109 822 1132 nunc
842 1096 1019 1145 operibus
1040 1098 1157 1133 inter—

45 1162 224 1213 sepiendo
244 1162 436 1211 qua-dam3
469 1173 516 1197 ne
539 1161 662 1196 exitus
690 1160 737 1196 ad
764 1160 893 1209 fugam
914 1167 1023 1197 esset.
1080 1160 1154 1197 His

48 1226 407 1264 comminationibus
438 1224 652 1275 compulsus
678 1231 859 1274 tyrannus
892 1225 1152 1274 Pythagoram

49 1304 174 1328 rursus
201 1297 392 1327 oratorem
423 1290 540 1332 misit,
576 1302 686 1338 quern
714 1290 916 1329 Quinctius
947 1291 1070 1340 primo
1096 1291 1160 1327 ad-

50 1362 269 1406 spernatum
290 1355 469 1391 excedere
496 1355 626 1390 castris
647 1353 786 1403 jussit:
821 1354 954 1389 deinde
981 1354 1161 1404 supplici-

50 1430 108 1458 ter
131 1429 318 1464 orantem,
350 1420 644 1469 advolutumque
670 1418 844 1467 genibuS,
876 1418 1026 1454 tandem
1054 1419 1161 1454 audi-

50 1487 116 1522 vit.
172 1485 299 1521 Prima
320 1485 443 1520 oratio
468 1483 541 1519 fuit
571 1483 698 1519 omnia
721 1482 975 1532 permittentis
1003 1482 1159 1517 arbitrio
1172 1488 1236 1517 Pax
1253 1497 1332 1518 curn

52 1549 337 1586 Romanorum:
390 1549 490 1591 dein,
526 1560 639 1597 quum
673 1559 718 1582 ea
753 1546 854 1582 velut
885 1558 980 1581 vana
1014 1552 1051 1581 et
1081 1530 1314 1581 SineNabide.

52 1614 187 1650 effectu
204 1613 301 1649 nihil
331 1612 571 1663 proficerent,
594 1625 638 1648 eo
667 1611 827 1647 deducta
853 1622 910 1645 res
940 1618 1009 1652 est,
1033 1616 1074 1646 ut
1103 1611 1160 1645 his

53 1677 348 1719 conditionibus,
377 1690 460 1725 quae
495 1689 541 1711 ex
575 1676 716 1724 scripto
752 1675 879 1723 paucis
911 1682 999 1709 ante
1030 1673 1160 1709 (liebus

54 1742 161 1779 editae
181 1747 302 1783 erant,
325 1741 483 1776 induciae
509 1739 664 1775 fierent:
697 1738 930 1788 pecuniaque
955 1743 991 1772 et
1011 1737 1160 1773 obsides

54 1806 210 1855 accepti.
244 1805 347 1841 Dum
367 1804 609 1854 obpugnatur
628 1809 824 1851 tyrannuS,
846 1802 992 1849 Argivi,
1014 1802 1160 1836 nunciis
1173 1805 1363 1878 *Asgisiffese

1174 1858 1229 1886 ψει
1261 1858 1267 1877 ι
1293 1858 1325 1878 e-

54 1869 136 1905 aliis
156 1881 272 1919 prope
293 1881 404 1919 super
423 1867 516 1904 alios
533 1865 805 1907 adferentibus,
824 1872 973 1900 tantum
993 1863 1161 1914 nonjam
1175 1898 1256 1922 ram·

56 1940 203 1983 captam
230 1932 540 1969 Lacedaemonem
563 1943 657 1973 esse,
679 1930 793 1965 erecti
818 1935 854 1964 et
881 1929 965 1978 ipsi,
987 1928 1098 1964 simul
1117 1942 1162 1964 eo

55 1997 155 2046 quod
175 1997 410 2046 Pythagoras
438 2009 522 2032 cum
542 2002 647 2045 parte
668 1994 896 2030 validissima
916 1993 1078 2043 praesidii
1099 2006 1164 2029 ex-

56 2068 232 2104 cesserat,
247 2067 438 2097 contemta
451 2060 643 2110 paucitate
657 2071 802 2101 eorum,
817 2059 879 2107 qui
894 2058 931 2092 iu
945 2070 1029 2093 arce
1043 2066 1164 2099 erant,

57 2126 149 2162 duce
168 2125 364 2174 Archippo
383 2124 559 2173 quodam,
582 2123 794 2173 praesidium
816 2121 1052 2171 expulerunt.
1100 2121 1167 2156 Ti-

57 2196 263 2226 mocratem
277 2188 552 2230 Pellenensem,
567 2188 655 2236 quia
667 2187 872 2223 clementer
884 2185 1100 2235 praefuerat,
1116 2186 1169 2221 vi-

60 2266 147 2289 vum
174 2253 245 2289 fide
277 2253 365 2289 data
395 2253 612 2289 emiserunt.
670 2251 773 2287 Huic
799 2250 941 2286 laetitiae
967 2249 1169 2288 Quinctius

59 2318 289 2367 supervenit,
311 2330 403 2368 pace
424 2317 511 2353 data
530 2324 707 2366 tyranno,
730 2316 967 2364 dimissisque
983 2313 1029 2350 ab
1051 2313 1171 2349 Lace-
