1507 2656
329 188 482 217 LIBER
505 186 649 215 xxm.
683 185 788 214 cAr.
811 186 882 215 vt.
1082 176 1160 231 165

52 273 247 320 Lucretio,
273 277 302 312 si
335 290 373 313 se
397 277 517 325 Mago
543 288 587 311 ex
618 274 823 322 Liguribus
851 274 1005 324 propius
1030 275 1160 311 urbem
1175 286 1216 315 U.
1228 285 1265 316 C.
1283 291 1357 321 547,

51 346 217 383 moveat,
252 341 402 377 obviam
435 341 488 375 ire
522 346 649 388 parat:
683 339 713 374 si
744 338 884 373 l’oenus
916 338 983 373 sub
1019 339 1160 387 angulo
1173 329 1358 362 A·C·2⁰⁵·

51 402 205 452 Alpium
226 406 373 453 quietus
401 417 440 440 se
467 405 676 445 contineat,
698 410 735 438 et
768 403 848 451 ipse
879 402 917 438 in
947 402 1077 438 eadem
1103 416 1162 440 re-

52 467 166 515 gione
186 470 284 505 circa
303 470 517 505 Ariminum
535 467 656 503 ltaliae
677 467 851 517 praesidio
870 466 1031 502 futurus.

104 532 171 568 VI.
201 533 294 569 Post
314 533 475 568 reditum
497 544 542 568 ex
563 531 696 568 Africa
716 531 759 568 C.
780 530 904 573 Laelii,
927 537 964 566 et
985 531 1162 581 Scipione

53 596 247 633 stimulato
268 597 482 633 Masinissae
510 595 856 637 adhortationibus,
889 600 926 630 et
961 595 1159 637 militibus,

51 658 216 710 'praedam
247 675 293 698 ex
325 663 493 698 hostium
523 668 623 697 terra
656 659 896 696 cernentibus
929 666 1014 696 tota
1043 660 1161 696 classe

54 723 190 767 efferri,
212 727 393 769 accensis,
413 726 460 761 ad
488 724 751 774 trajiciendum
774 736 884 771 quani
906 724 1082 772 primuni,
1104 725 1161 759 in-

53 790 215 824 tei-venit
234 790 369 839 majori
389 791 513 825 minor
533 789 730 838 cogitatio,
751 788 896 824 Locros
917 787 1045 823 urbem
1066 789 1159 824 reci·
1174 790 1263 841 Locri
1280 800 1328 822 re-

52 854 194 902 piendi,
213 866 294 902 quae
311 854 378 890 sub
397 853 646 890 defectionem
663 852 783 888 Italiae
801 852 1007 887 desciverat
1027 859 1064 888 et
1080 853 1162 902 ipsa
1174 842 1267 873 ‘xpm'

53 917 99 952 ad
119 917 272 953 Poenos.
331 919 422 968 Spes
443 924 569 954 autem
591 916 821 953 adfectandae
843 915 922 966 ejus
944 917 997 952 rei
1018 929 1065 952 ex
1090 917 1161 952 mi-

53 981 156 1017 nima
184 994 223 1017 re
261 982 426 1018 adfulsit.
490 982 720 1018 Latrociniis
748 982 881 1029 magis,
916 994 1027 1029 quam
1051 980 1160 1030 justo

52 1043 167 1087 bello,
187 1046 223 1080 in
243 1046 404 1081 Bruttiis
432 1045 661 1093 gerebantur
687 1057 765 1089 res;
798 1045 985 1094 principio
1005 1044 1052 1079 ab
1076 1044 1160 1080 Nu-

52 1108 161 1144 midis
177 1108 294 1151 facto,
309 1115 347 1144 et
362 1109 537 1151 Bruttiis,
559 1121 637 1144 non
657 1108 839 1143 societate
860 1109 978 1155 magis
1002 1108 1158 1151 Punica,

53 1184 164 1220 quam
184 1178 318 1222 suopte
338 1173 506 1221 ingenio,
525 1172 821 1220 congruentibus
844 1172 880 1206 in
898 1184 981 1206 cum
1003 1184 1160 1211 morem.

51 1235 250 1272 Postremo
269 1236 435 1272 Romani
459 1249 622 1285 quoque,
639 1235 722 1285 jam
746 1236 974 1283 contagione
999 1236 1160 1283 quadam

51 1306 161 1348 rapto
188 1300 408 1348 gaudentes,
430 1306 611 1349 quantum
635 1313 701 1349 per
720 1300 831 1335 duces
852 1299 1004 1341 licebat,
1027 1312 1159 1335 excur-

53 1363 177 1399 siones
202 1365 239 1399 in
262 1365 429 1400 hostium
446 1377 556 1412 agros
576 1364 712 1400 facere.
769 1363 830 1399 Ab
853 1364 895 1398 iis
917 1363 1056 1411 egressi
1076 1365 1159 1411 qui-

52 1426 135 1462 dam
176 1427 305 1462 urbem
342 1427 552 1463 Locrenses
595 1428 853 1469 circumventi,
892 1426 1159 1475 Rhegiumque

50 1490 232 1527 abstracti
264 1491 432 1527 fuerant:
466 1493 504 1527 in
532 1504 576 1526 eo
603 1492 836 1540 captivorum
870 1503 1027 1525 numero
1060 1490 1160 1526 fabri

49 1556 200 1604 quidam
231 1556 348 1599 fuere,
381 1557 526 1592 adsueti
559 1556 658 1592 forte
691 1556 790 1605 apud
820 1555 959 1592 Poenos
988 1558 1159 1594 mercede

51 1632 144 1669 opus
168 1621 203 1655 in
234 1634 318 1656 arce
346 1621 559 1656 Locrorum
588 1620 723 1656 facere.
782 1620 827 1661 Ii,
847 1623 989 1670 cogniti
1011 1623 1057 1658 ab
1079 1622 1157 1658 Lo-

48 1685 235 1719 crensium
256 1684 502 1733 principibus,
527 1685 591 1732 qui
617 1684 712 1733 pulsi
734 1684 780 1719 ab
802 1685 955 1720 adversa
975 1685 1157 1728 factione,

52 1761 133 1796 quae
155 1748 361 1784 Hannibali
387 1748 531 1783 Locros
553 1748 770 1791 tradiderat,
793 1748 984 1797 Rhegium
1005 1762 1043 1785 se
1064 1762 1160 1786 con—

52 1811 230 1855 tulerant,
252 1825 365 1860 quum
387 1819 510 1847 cetera
537 1812 885 1861 percunctantibus,
911 1815 969 1859 (ut
986 1826 1066 1848 mos
1088 1820 1158 1856 cst,

53 1877 115 1925 qui
142 1876 204 1912 diu
234 1876 388 1921 absunt)
412 1889 493 1925 qnae
521 1877 859 1924 domiagerentnr,
881 1878 1158 1926 exposuissent,

51 1953 154 1991 spem
176 1940 361 1984 fecerunt,
383 1942 414 1976 si
443 1941 598 1976 redemti
627 1954 670 1976 ac
699 1941 842 1975 remissi
873 1940 1012 1984 forent,
1035 1954 1160 1978 arcem

0 2036 1 2039 ,
51 2018 89 2041 se
110 2007 152 2040 iis
170 2006 394 2041 tradituros:
418 2005 469 2041 ibi
487 2018 525 2040 se
541 2005 727 2046 habitare,
746 2004 930 2053 fidemque
947 2005 1016 2041 sibi
1035 2018 1159 2042 rerum

51 2071 221 2106 omnium
241 2071 339 2106 inter
358 2070 698 2119 Karthaginienses
717 2082 809 2105 esse.
868 2069 1014 2118 Itaque,
1036 2076 1075 2106 ut
1095 2071 1159 2119 qui

52 2134 164 2169 simul
190 2135 372 2171 desiderio
398 2136 529 2184 patriae
558 2141 800 2182 angerentur,
822 2134 933 2169 simul
953 2134 1159 2183 cupiditate

51 2198 223 2234 inimicos
254 2197 456 2234 ulciscendi
487 2198 674 2239 arderent,
696 2197 871 2233 redemtis
898 2196 1089 2246 extemplo
1114 2198 1158 2232 iis

48 2262 301 2313 remissisque,
328 2276 442 2314 quum
473 2263 643 2300 ordinem
673 2261 827 2310 agendae
850 2262 903 2298 rei
924 2261 1160 2312 composuis-
