1523 2666
127 290 169 320 U.
181 287 216 320 C.
237 295 309 320 543.

124 333 164 363 A.
181 332 217 363 C.
234 340 308 365 209.

325 191 380 220 20
785 195 830 222 T.
856 195 988 224 LIVII

322 281 392 317 bus
406 281 576 317 creandis
593 281 640 320 Q.
655 280 809 318 Fulvius
822 284 956 320 consul
968 285 1123 322 comitia
1135 287 1282 325 habuit.
1313 290 1442 327 Creati

322 358 511 389 censoreS,
546 346 659 382 ambo
689 347 753 395 qui
782 349 950 384 nondum
981 350 1153 387 consules
1183 351 1348 396 fuerant,
1380 353 1440 394 M.

323 410 522 447 Cornelius
547 412 754 460 Cethegus,
774 412 817 449 P.
833 413 1077 463 Sempronius
1104 414 1330 454 Tuditanus.
1387 418 1442 455 Hi

321 488 511 518 censores,
538 482 577 511 ut
606 488 736 524 agrum
769 476 1005 526 Campanum
1025 478 1225 516 fruendum
1254 481 1440 525 locarent,

321 552 367 575 ex
388 540 615 575 auctoritate
635 539 792 575 Patrum
817 539 934 576 latum
964 542 1003 577 in
1023 542 1172 592 plebem
1202 551 1272 588 est,
1294 545 1443 595 plebes-

320 616 393 652 que
413 604 534 639 scivit.
593 604 753 639 Senatus
784 604 987 640 lectionem
1007 608 1205 643 contentio
1233 608 1333 644 inter
1352 622 1441 646 cen-

320 681 422 704 sores
443 668 488 704 de
509 668 678 718 principe
708 668 870 717 legendo
891 671 1026 706 tenuit.
1085 671 1299 722 Sempronii
1328 673 1443 710 lectio

318 738 421 769 erat:
455 739 622 768 ceterum
642 732 840 768 Cornelius
867 746 1002 770 morem
1029 737 1205 771 traditum
1231 750 1254 772 a
1278 738 1444 784 patribus

316 801 532 848 sequendum
552 798 678 835 aiebat
691 816 703 835 :
731 804 785 841 ut,
800 801 862 848 qui
877 802 1018 848 primus
1037 812 1158 836 censor
1176 812 1219 836 ex
1237 802 1294 843 iis,
1311 802 1372 849 qui
1389 803 1443 838 vi-

315 869 452 905 verent,
462 863 611 912 fuisset,
633 875 713 899 eum
735 866 936 911 principem
956 865 1136 912 legerent:
1163 865 1195 899 is
1215 863 1261 901 T.
1274 864 1443 901 Manlius

314 927 533 977 Torquatus
564 933 656 964 erat.
715 927 975 977 Sempronius.
998 931 1056 965 cui
1074 929 1145 966 Dii
1171 935 1301 965 sortem
1321 930 1441 978 legen-

314 995 353 1030 di
372 995 561 1036 dedissent,
583 995 615 1029 ei
624 992 688 1039 jus
707 993 855 1030 liberum
870 995 1007 1030 eosdem
1027 995 1161 1030 dedisse
1180 995 1290 1031 Deos.
1336 995 1384 1031 Se
1403 996 1442 1033 z‘d

313 1070 378 1094 suo
405 1058 554 1094 arbitrio
573 1057 767 1106 facturum
781 1075 794 1094 .·
824 1059 1068 1106 lecturumque
1094 1058 1136 1099 Q.
1150 1058 1299 1094 Fabiam
1318 1058 1442 1095 Maxi-

313 1134 426 1164 mum,
448 1134 549 1170 quem
571 1127 647 1157 tum
674 1123 873 1170 principem
895 1122 1067 1158 Romanae
1096 1124 1252 1159 civitatis
1280 1134 1364 1166 esse,
1385 1123 1443 1159 vel

312 1186 521 1223 Hannibale
529 1185 668 1232 judice,
689 1187 847 1222 victurus
865 1191 962 1222 esset.
1020 1186 1148 1225 Quum
1168 1186 1231 1222 diu
1252 1192 1438 1224 certatum

312 1250 436 1287 verbis
457 1256 570 1293 esset,
591 1250 824 1286 concedente
845 1250 1005 1299 collega,
1026 1250 1144 1287 lectus
1169 1263 1190 1286 a
1211 1250 1439 1300 Sempronio

311 1315 488 1366 princeps
508 1315 546 1350 in
567 1321 700 1350 senatu
722 1315 772 1352 Q.
787 1314 927 1350 Fabius
947 1314 1141 1350 Maximus
1162 1313 1318 1351 consul.-
1351 1315 1438 1353 inde

312 1377 408 1415 alius
442 1378 561 1414 lectus
593 1383 760 1420 senatus,
791 1384 880 1413 octo
909 1378 1124 1428 praeteritis,
1155 1379 1254 1415 inter
1273 1391 1368 1427 quos
1391 1378 1439 1416 L.

314 1441 490 1479 Caecilius
506 1441 686 1478 Metellus
700 1448 795 1484 erat,
809 1441 960 1477 infamis
978 1448 1111 1478 auctor
1126 1442 1340 1478 deserendae
1357 1441 1438 1479 Ita-

311 1508 372 1545 lioe
392 1513 480 1557 post
500 1507 738 1542 Cannensem
760 1505 915 1542 cladem.
963 1506 1010 1542 In
1030 1506 1266 1555 equestribus
1287 1519 1439 1556 quoque

312 1573 414 1610 notis
432 1572 563 1608 eadem
580 1578 728 1606 servata
745 1583 877 1607 caussa
892 1586 899 1606 :
924 1571 989 1607 sed
1006 1577 1113 1607 erant
1130 1572 1323 1621 perpauci,
1341 1584 1436 1620 quos

313 1651 357 1674 ea
374 1636 531 1673 infamia
547 1636 772 1684 adtingeret.
820 1635 899 1671 Illis
917 1624 1094 1672 omnibus
1111 1638 1166 1683 (et
1182 1635 1292 1672 multi
1308 1635 1435 1682 erant)

312 1701 454 1738 ademti
484 1701 584 1748 equi,
615 1700 677 1747 qui
710 1700 970 1735 Cannensium
1000 1699 1194 1747 legionum
1225 1700 1370 1748 equites
1399 1701 1439 1737 in

314 1764 445 1801 Sicilia
478 1770 609 1800 erant:
643 1762 868 1799 addiderunt
897 1764 1097 1800 acerbitati
1128 1765 1240 1800 etiam
1272 1770 1437 1814 temp11S,

311 1842 361 1867 ne
397 1829 589 1879 praeterita
623 1828 812 1877 stipendia
845 1829 1094 1877 procederent
1132 1830 1190 1871 iis,
1219 1842 1301 1877 quae
1339 1842 1438 1878 equo

313 1893 468 1946 publico
494 1898 745 1934 emeruerant,
768 1892 830 1928 sed
852 1893 949 1928 dena
969 1893 1159 1942 stipendia
1179 1893 1283 1941 equis
1313 1894 1439 1942 priva-

311 1960 361 1994 tis
391 1958 572 1994 facerent.
629 1956 817 2003 Blagnum
854 1963 1037 2005 prceterea
1068 1969 1267 1992 numerum
1306 1968 1438 1993 eorum

313 2022 638 2070 conquisiverunt,
657 2022 719 2070 qui
742 2033 840 2069 equo
860 2034 1002 2056 merere
1019 2020 1226 2056 deberent:
1259 2027 1373 2070 atque
1393 2035 1440 2058 ex

311 2087 372 2129 iis,
394 2087 457 2134 qui
484 2085 672 2134 principio
696 2084 775 2134 ejus
797 2085 884 2120 belli
913 2085 1182 2135 septemdecim
1213 2098 1334 2121 annos
1355 2087 1436 2122 nati

312 2151 477 2193 fuerant,
497 2163 620 2198 neque
640 2149 909 2192 militaverant,
930 2162 1060 2186 omnes
1083 2151 1233 2186 aerarios
1250 2148 1435 2186 fecerunt.

311 2215 555 2251 Locaverunt
576 2215 662 2249 inde
689 2214 904 2258 reficienda,
926 2228 1007 2263 qnae
1037 2215 1138 2249 circa
1157 2214 1281 2249 forum
1303 2214 1434 2250 incen-

311 2279 376 2315 dio
410 2284 611 2314 consumta
647 2284 768 2321 erant,
808 2285 951 2329 septem
989 2277 1181 2321 tabernas,
1219 2277 1433 2321 macellum,

312 2343 451 2379 atrium
472 2343 629 2391 regium.
