1507 2656
359 189 514 220 LIBER
538 187 683 217 XXXI·
716 186 823 216 CAP.
844 186 903 216 11.
1104 184 1186 230 275

69 299 160 324 euos
181 284 314 322 deinde
341 294 435 333 pace
453 280 600 317 Punica
621 277 704 329 jam
725 277 924 314 Romanos
946 282 984 313 et
1013 277 1181 314 infensos
1197 285 1239 317 U.
1250 285 1287 317 C.
1305 292 1378 318 551.

67 351 260 401 Philippo,
281 360 394 398 quum
425 345 474 382 ob
493 344 649 380 infidam
678 341 853 379 adversus
882 340 1038 378 AEtolos
1068 341 1183 378 alios·
1194 330 1235 360 A·
1251 329 1287 361 C·
1305 336 1379 362 201.

70 429 143 466 que
161 413 326 463 regionis
356 409 525 461 ejusdem
554 408 678 444 socios
707 419 853 457 pacem,
873 412 954 442 tum
975 406 1025 442 ob
1046 406 1187 443 auxilia

70 492 155 517 cum
174 476 335 529 pecunia
352 486 473 524 nuper
492 474 530 509 in
551 471 721 508 Africam
735 471 850 506 missa
869 469 1081 506 Hannibali
1097 470 1187 507 Poe-

67 545 214 592 nisque,
245 552 374 592 preces
394 537 702 579 Atheniensium,
723 548 818 585 quos
848 548 941 584 agro
969 541 1187 585 pervastato

65 609 106 644 in
136 607 267 643 urbem
287 603 537 655 compulerat,
559 602 823 639 excitaverunt
851 600 899 637 ad
927 600 1187 637 renovandum

66 670 221 709 bellum.

121 735 176 772 ΙΙ.
207 733 284 771 Sub
313 733 414 770 idem
434 731 514 768 fere
538 736 687 780 tempus
715 735 753 765 et
783 728 829 765 ab
855 728 989 765 Attalo
1015 741 1117 777 rege,
1148 735 1187 764 et

65 799 230 837 Rhodiis
259 799 377 847 legati
409 802 607 839 venerunt,
634 795 874 838 nunciantes,
900 795 1002 830 Asiae
1035 806 1186 842 quoque

68 865 239 901 civitates
260 862 470 899 sollicitari.
500 860 573 897 His
593 859 849 908 legationibus
870 870 1092 909 responsum
1112 864 1182 901 est,

67 940 168 965 curae
196 927 380 962 Asianam
408 938 490 962 rem
526 924 675 961 senatui
710 923 805 960 fore.
863 922 1106 958 Consultatio
1139 922 1185 958 de

66 990 320 1028 Macedonico
350 989 451 1026 bello
471 989 622 1036 integra
651 987 697 1023 ad
727 986 915 1030 consules,
937 987 1001 1036 qui
1025 992 1117 1022 tunc
1146 987 1186 1022 in

67 1054 205 1106 proelio
235 1066 320 1090 cum
353 1053 460 1089 Boiis
495 1057 617 1094 eraut,
650 1049 793 1100 rejecta
826 1056 895 1087 est.
950 1050 1111 1086 Interim
1139 1050 1186 1086 ad
1200 1048 1305 1088 Legati
1323 1049 1357 1079 in

66 1118 317 1155 Ptolemaeum
354 1115 517 1166 AEgypti
554 1127 683 1163 regem
718 1113 836 1162 legati
874 1120 949 1149 tres
986 1114 1105 1157 missi,
1141 1092 1390 1150 C.AEgypmm'

68 1182 247 1219 Claudius
279 1181 402 1224 Nero,
435 1179 492 1216 M.
515 1178 694 1215 AEmilius
727 1177 910 1227 Lepidus,
943 1177 987 1214 P.
1008 1178 1186 1228 Sempro-

67 1247 152 1284 nius
171 1246 385 1282 Tuditanus
402 1259 409 1280 :
443 1250 485 1280 ut
511 1249 550 1279 et
569 1243 843 1279 adnunciarent
862 1243 1004 1278 victum
1033 1242 1186 1278 Hanni·-

65 1311 192 1349 balem
219 1311 450 1359 Poenosque,
473 1314 510 1344 et
539 1308 679 1357 gratias
709 1314 867 1356 agerent
892 1308 985 1356 regi,
1016 1307 1118 1356 quod
1146 1309 1186 1344 in

67 1374 178 1411 rebus
213 1374 351 1417 dubiis,
386 1385 501 1422 quum
532 1371 683 1408 finitimi
713 1373 827 1408 etiam
860 1372 954 1407 socii
986 1370 1184 1407 Romanos

68 1438 298 1480 desererent,
332 1438 372 1472 in
404 1436 477 1472 fide
506 1435 729 1480 mansisset,
776 1442 813 1471 et
845 1442 1031 1484 peterent,
1066 1442 1122 1478 ut,
1154 1436 1186 1471 si

69 1502 193 1537 coacti
211 1500 360 1550 injuriis
378 1499 522 1536 bellum
551 1499 726 1534 adversus
750 1498 970 1548 Philippum
999 1500 1185 1549 suscepis-

68 1572 165 1609 sent,
197 1565 399 1616 pristinum
429 1565 596 1601 animum
627 1575 716 1612 erga
749 1562 932 1613 populum
963 1562 1184 1600 Romanum

66 1636 318 1666 conservaret.
374 1629 522 1666 Eodem
548 1629 628 1665 fere
646 1636 817 1678 tempore
845 1627 889 1665 P.
904 1627 1030 1664 AElius
1051 1628 1185 1665 consul

66 1696 106 1731 in
127 1694 266 1738 Gallia,
287 1707 402 1743 quum
423 1695 588 1730 audisset
610 1707 633 1729 a
651 1694 757 1729 Boiis
788 1699 876 1728 ante
905 1704 1014 1729 suum
1043 1693 1182 1728 adven-

65 1765 150 1794 tum
177 1758 412 1794 incursiones
444 1757 482 1793 in
516 1769 627 1806 agros
655 1757 845 1792 sociorum
871 1756 1004 1798 factas,
1036 1756 1181 1792 duabus

66 1821 281 1871 legionibus
311 1821 502 1858 subitariis
532 1821 715 1857 tumultus
743 1820 823 1870 ejus
856 1833 988 1857 caussa
1016 1821 1179 1871 scriptis,

66 1887 277 1936 additisque
309 1887 356 1922 ad
389 1899 449 1923 eas
483 1893 647 1935 quatuor
680 1886 900 1922 cohortibus
935 1886 980 1922 de
1014 1888 1182 1924 exercitu

62 1964 146 1994 suo,
167 1951 210 1988 C.
232 1951 400 2001 Oppium
419 1950 639 2000 praefectum
669 1951 815 1987 socium
843 1951 914 1991 hac
933 1951 1180 1988 tumultuaria

61 2028 177 2052 manu
202 2028 269 2066 per
298 2015 499 2052 Umbriam
535 2017 663 2065 (quam
695 2016 840 2052 tribum
865 2016 1085 2065 Sappiniam
1110 2029 1178 2052 vo-

63 2079 169 2126 cant)
192 2092 322 2128 agrum
340 2079 526 2115 Boiorum
555 2080 731 2116 invadere
753 2079 895 2129 jussit:
927 2080 1008 2128 ipse
1028 2080 1176 2123 eodem,

64 2150 196 2192 aperto
214 2143 363 2186 itinere,
392 2156 459 2192 per
486 2144 629 2179 medios
660 2151 807 2179 montes
835 2143 954 2179 duxit.
1011 2142 1173 2193 Oppius,

63 2206 252 2254 ingressus
289 2207 458 2243 hostium
494 2207 600 2251 fines,
632 2209 754 2257 primo
787 2207 1052 2258 populationes
1084 2209 1174 2244 satis

61 2282 240 2320 prospere
269 2284 311 2306 ac
342 2277 426 2306 tuto
451 2270 565 2307 fecit:
599 2271 745 2307 delecto
773 2272 907 2308 deinde
934 2271 981 2307 ad
1010 2278 1176 2308 castrum

59 2333 242 2371 Mutilum
271 2336 361 2372 satis
390 2336 529 2373 idoneo
548 2335 649 2379 loco,
671 2337 717 2373 ad
743 2336 966 2374 demetenda
983 2335 1175 2374 frumenta

582 2400 665 2437 N6
