1507 2656
290 206 444 234 mnan
470 202 649 233 xxxvx.
681 201 788 232 CAP.
810 200 915 232 xm.
1074 192 1153 246 603

43 308 102 333 ros
129 297 265 338 credat,
295 296 325 331 si
351 295 534 343 persoluta
564 294 607 328 iis
634 293 709 327 sine.
735 293 994 327 detractatione
1020 294 1150 340 prioris
1164 294 1205 324 U.
1219 293 1254 323 C.
1271 297 1343 324 561.

40 362 194 409 periculi
213 360 411 407 laborisque
430 369 558 393 merces
575 358 635 398 sit,
657 368 703 391 an
721 356 751 390 si
769 367 863 402 spem
880 368 948 403 pro
966 367 1004 391 re
1021 355 1150 404 feren-

45 428 95 460 tes
115 426 313 465 dimittant,
326 420 406 467 jam
425 421 532 456 semel
551 422 587 456 in
605 422 723 468 prima
741 431 801 466 spe
820 420 1010 467 deceptos?
1039 421 1149 464 Nam,

43 489 137 536 quod
161 489 210 523 ad
231 499 267 522 se
291 487 467 527 adtineat,
488 485 553 520 sibi
577 485 703 531 gloriae
727 484 764 518 in
790 495 926 518 omnem
947 485 1056 519 vitam
1087 485 1152 520 illo

41 552 98 587 die
115 552 202 587 satis
221 553 404 598 qnaesitum
424 561 506 590 esse,
530 560 598 596 quo
615 559 651 582 se
669 548 785 582 virum
811 547 982 594 optimum
1002 545 1151 594 judica-

45 619 120 651 tum
138 616 187 651 ad
206 616 453 663 accipiendam
482 613 642 648 Matrem
668 612 803 647 Idaeam
828 612 975 647 misisset
997 616 1151 648 senatus.

41 678 124 714 Hoc
144 680 263 722 titulo,
285 680 350 714 etsi
368 689 431 713 nec
451 676 652 712 consulatus
671 686 734 710 nec
748 674 947 722 triumphus
965 673 1149 720 adjicitur,

42 746 130 779 satis
149 744 329 779 honestam
350 744 630 789 honoratamque
649 741 693 776 P.
711 740 888 787 Scipionis
906 740 1044 776 Nasicae
1059 742 1150 776 ima-

1163 338 1202 368 A.
1219 337 1256 368 C.
1273 342 1343 369 191.

39 809 159 854 ginem
176 807 278 856 fore.
336 806 542 843 Universus
571 811 723 840 senatus
753 816 831 839 non
861 804 940 852 ipse
967 804 1079 840 modo
1102 804 1147 840 ad
1162 812 1282 843 Consul

43 870 317 906 decernendum
347 869 580 919 triumphum
610 867 814 909 consensit,
845 866 909 902 sed
938 868 1051 903 etiam
1081 875 1147 904 tri—

40 932 186 969 bunum
206 933 324 983 plebis
346 933 573 969 auctoritate
593 945 659 967 sua
679 930 860 981 compulit
880 931 926 967 ad
952 932 1146 968 remitten-

39 997 124 1033 dam
145 998 466 1033 intercessionem.
501 997 544 1033 P.
566 995 765 1032 Cornelius
787 994 919 1030 consul
938 996 1147 1045 triumpha-

35 1060 90 1095 vit
106 1061 149 1096 de
169 1061 294 1096 Boiis:
318 1062 354 1096 in
377 1073 421 1096 eo
442 1060 635 1109 triumpho
657 1058 812 1094 Gallicis
834 1059 1021 1108 carpentis
1042 1072 1146 1096 arma

34 1125 216 1174 signaque
237 1132 274 1161 et
294 1126 415 1175 spolia
439 1126 562 1161 omnis
587 1126 733 1173 generis
754 1125 978 1167 transvexit,
1000 1132 1037 1160 et
1057 1138 1146 1162 vasa

35 1201 140 1224 aenea
165 1188 337 1224 Gallica:
371 1195 409 1224 et
437 1201 522 1224 cum
551 1189 707 1238 captivis
738 1187 929 1224 nobilibus
959 1201 1143 1238 equorum

35 1264 185 1300 quoque
205 1257 401 1301 captorum
421 1263 574 1299 gregem
595 1250 775 1287 traduxit.
823 1251 968 1287 Aureos
989 1258 1142 1301 torques

37 1314 234 1350 transtulit
250 1313 353 1350 mille
372 1314 667 1363 quadringentos
684 1314 924 1363 septuaginta
941 1327 1074 1351 unum:
1097 1316 1145 1352 ad

35 1378 109 1414 hoc
130 1378 209 1414 auri
229 1378 357 1428 pondo
377 1378 538 1414 ducenta
558 1378 806 1427 quadraginta
823 1384 979 1428 septem,
998 1380 1144 1429 argenti

35 1441 167 1478 infecti
193 1442 359 1490 factique
392 1442 429 1476 in
460 1441 615 1477 Gallicis
645 1443 756 1485 vasis,
784 1454 860 1478 non
891 1442 1036 1479 infabre
1072 1456 1142 1480 suo

33 1517 139 1541 more
157 1504 282 1549 factis,
303 1506 377 1541 duo
397 1504 515 1541 millia
532 1496 702 1542 trecenta
721 1506 971 1554 quadraginta
995 1507 1139 1556 pondo,

33 1568 249 1617 bigatorum
285 1581 524 1605 nummorum
558 1570 719 1605 ducenta
755 1570 913 1618 triginta
949 1577 1111 1619 quatuor
1129 1586 1137 1607 z

34 1632 232 1676 militibus,
253 1634 317 1682 qui
345 1646 494 1668 currum
521 1634 640 1669 secuti
668 1640 770 1677 sunt,
795 1641 968 1670 trecenos
987 1636 1138 1672 vicenos

32 1697 167 1744 quinos
206 1709 305 1732 asses
343 1696 469 1732 divisit
486 1712 495 1741 3
546 1696 679 1746 duplex
719 1698 931 1733 centurioni
949 1714 959 1743 3
999 1698 1138 1748 triplex

31 1761 160 1809 equiti.
197 1760 356 1796 Postero
377 1760 449 1802 die,
471 1761 655 1796 concione
675 1761 872 1805 advocata,
893 1762 938 1797 de
957 1761 1067 1798 rebus
1088 1762 1136 1799 ab

29 1836 69 1859 se
88 1824 217 1871 gestis,
239 1830 276 1859 et
302 1824 347 1859 de
372 1822 512 1873 injuria
538 1824 679 1860 tribuni
706 1825 807 1861 bello
833 1824 957 1861 alieno
983 1838 1022 1861 se
1048 1825 1135 1862 inli—

28 1888 168 1937 gantis,
191 1893 232 1923 ut
251 1900 326 1924 suae
348 1889 515 1923 victoriae
535 1887 660 1924 fructu
687 1901 725 1925 se
746 1888 998 1933 defraudaret,
1019 1902 1135 1939 quum

27 1951 275 1994 disseruisset,
296 1951 432 1987 milites
454 1959 719 1988 exauctoratos
740 1952 892 1989 dimisit.

80 2014 190 2052 XLI.
219 2016 323 2051 Dum
341 2016 422 2052 haec
442 2016 479 2051 in
500 2016 613 2052 Italia
633 2023 827 2065 geruntur,
848 2017 1061 2053 Antiochus
1077 2016 1132 2054 E·

24 2079 132 2130 phesi
152 2091 302 2114 securus
323 2079 524 2115 admodum
543 2080 587 2115 de
606 2079 707 2115 bello
724 2080 903 2116 Romano
920 2087 1014 2123 erat,
1031 2087 1129 2118 tam·

23 2156 136 2193 quam
155 2155 233 2178 non
254 2143 466 2179 transituris
487 2143 525 2179 in
546 2143 677 2179 Asiam
695 2143 880 2180 Romanis
897 2160 904 2180 ε
937 2157 1049 2192 quam
1069 2147 1127 2181 se-

22 2207 220 2243 curitatem
241 2208 274 2242 ei
291 2220 426 2255 magna
445 2220 529 2257 pars
550 2208 756 2243 amicorum
776 2214 840 2244 aut
861 2221 927 2258 per
947 2220 1126 2252 errorem,

20 2276 88 2306 aut
107 2271 339 2307 adsentando
359 2271 534 2307 faciebat.
590 2271 788 2308 Hannibal
816 2285 926 2314 unuS,
948 2271 1052 2322 cujus
1081 2285 1127 2310 eo

21 2339 193 2386 tempore
221 2334 281 2371 vel
304 2335 468 2374 maxima
501 2336 598 2385 apud
632 2349 757 2386 regem
790 2337 996 2373 auctoritas
1031 2342 1124 2382 erat,

509 2398 548 2436 D
567 2399 589 2435 d
609 2400 632 2437 2

1119 868 1125 876 ·
1162 856 1308 896 inpetrat.
