<?xml version="1.0" encoding="UTF-8"?>
<!DOCTYPE html PUBLIC "-//W3C//DTD XHTML 1.0 Transitional//EN"
    "http://www.w3.org/TR/xhtml1/DTD/xhtml1-transitional.dtd">
<html xmlns="http://www.w3.org/1999/xhtml" xml:lang="en" lang="en">
 <head>
  <title>
</title>
<meta http-equiv="Content-Type" content="text/html;charset=utf-8" />
  <meta name='ocr-system' content='tesseract 3.04.00' />
  <meta name='ocr-capabilities' content='ocr_page ocr_carea ocr_par ocr_line ocrx_word'/>
</head>
<body>
  <div class='ocr_page' id='page_1' title='image "./historiarumquaes03livyuoft/historiarumquaes03livyuoft_0160.png"; bbox 0 0 1523 2666; ppageno 0'>
   <div class='ocr_carea' id='block_1_1' title="bbox 70 261 254 338">
    <p class='ocr_par' dir='ltr' id='par_1_1' title="bbox 70 261 254 338">
     <span class='ocr_line' id='line_1_1' title="bbox 71 261 253 299; baseline 0.011 -7"><span class='ocrx_word' id='word_1_1' title='bbox 71 261 162 293; x_wconf 86' lang='lat' dir='ltr'>U.C.</span> <span class='ocrx_word' id='word_1_2' title='bbox 181 269 253 299; x_wconf 70' lang='lat'>⁶47.</span> 
     </span>
     <span class='ocr_line' id='line_1_2' title="bbox 70 305 254 338; baseline 0.005 -1"><span class='ocrx_word' id='word_1_3' title='bbox 70 307 110 337; x_wconf 79' lang='lat' dir='ltr'><em>A.</em></span> <span class='ocrx_word' id='word_1_4' title='bbox 129 305 163 336; x_wconf 93' lang='lat' dir='ltr'><em>C.</em></span> <span class='ocrx_word' id='word_1_5' title='bbox 180 314 254 338; x_wconf 79' lang='lat'><strong>205.</strong></span> 
     </span>
    </p>
   </div>
   <div class='ocr_carea' id='block_1_2' title="bbox 271 166 928 213">
    <p class='ocr_par' dir='ltr' id='par_1_2' title="bbox 271 166 928 213">
     <span class='ocr_line' id='line_1_3' title="bbox 271 166 928 213; baseline 0.003 -15"><span class='ocrx_word' id='word_1_6' title='bbox 271 166 351 213; x_wconf 81' lang='lat'><em>150</em></span> <span class='ocrx_word' id='word_1_7' title='bbox 721 170 766 199; x_wconf 75' lang='grc' dir='ltr'><em>Τ.</em></span> <span class='ocrx_word' id='word_1_8' title='bbox 794 171 928 200; x_wconf 73' lang='lat' dir='ltr'><em>mvn</em></span> 
     </span>
    </p>
   </div>
   <div class='ocr_carea' id='block_1_3' title="bbox 259 260 1390 2373">
    <p class='ocr_par' dir='ltr' id='par_1_3' title="bbox 259 260 1390 1667">
     <span class='ocr_line' id='line_1_4' title="bbox 266 260 1384 310; baseline 0.002 -12"><span class='ocrx_word' id='word_1_9' title='bbox 266 273 337 298; x_wconf 82' lang='lat' dir='ltr'><em>esse</em></span> <span class='ocrx_word' id='word_1_10' title='bbox 347 278 359 306; x_wconf 91' lang='grc'><em>,-</em></span> <span class='ocrx_word' id='word_1_11' title='bbox 388 274 452 298; x_wconf 79' lang='lat' dir='ltr'><em>nec</em></span> <span class='ocrx_word' id='word_1_12' title='bbox 482 261 548 297; x_wconf 72' lang='lat' dir='ltr'><em>hoc</em></span> <span class='ocrx_word' id='word_1_13' title='bbox 577 262 674 297; x_wconf 76' lang='lat' dir='ltr'><em>credi</em></span> <span class='ocrx_word' id='word_1_14' title='bbox 699 260 924 310; x_wconf 83' lang='lat' dir='ltr'><em>vulgarique,</em></span> <span class='ocrx_word' id='word_1_15' title='bbox 949 263 1044 310; x_wconf 83' lang='lat' dir='ltr'><em>quod</em></span> <span class='ocrx_word' id='word_1_16' title='bbox 1061 262 1250 299; x_wconf 74' lang='lat' dir='ltr'><em>Hannibal</em></span> <span class='ocrx_word' id='word_1_17' title='bbox 1278 277 1384 300; x_wconf 69' lang='lat' dir='ltr'><em>ausus</em></span> 
     </span>
     <span class='ocr_line' id='line_1_5' title="bbox 264 328 1386 378; baseline 0.005 -17"><span class='ocrx_word' id='word_1_18' title='bbox 264 328 324 368; x_wconf 86' lang='lat' dir='ltr'><em>sit,</em></span> <span class='ocrx_word' id='word_1_19' title='bbox 364 328 537 361; x_wconf 79' lang='lat' dir='ltr'><em>neminem</em></span> <span class='ocrx_word' id='word_1_20' title='bbox 569 328 693 363; x_wconf 78' lang='lat' dir='ltr'><em>ducem</em></span> <span class='ocrx_word' id='word_1_21' title='bbox 727 328 974 364; x_wconf 73' lang='lat' dir='ltr'><em>Romanorum</em></span> <span class='ocrx_word' id='word_1_22' title='bbox 1011 330 1144 365; x_wconf 80' lang='lat' dir='ltr'><em>audere</em></span> <span class='ocrx_word' id='word_1_23' title='bbox 1155 346 1167 373; x_wconf 84' lang='lat'><em>‚-</em></span> <span class='ocrx_word' id='word_1_24' title='bbox 1196 335 1231 365; x_wconf 81' lang='lat' dir='ltr'><em>et</em></span> <span class='ocrx_word' id='word_1_25' title='bbox 1262 333 1386 378; x_wconf 82' lang='lat' dir='ltr'><em>priore</em></span> 
     </span>
     <span class='ocr_line' id='line_1_6' title="bbox 265 391 1388 441; baseline 0.004 -15"><span class='ocrx_word' id='word_1_26' title='bbox 265 391 405 427; x_wconf 85' lang='lat' dir='ltr'><em>Punico</em></span> <span class='ocrx_word' id='word_1_27' title='bbox 431 391 535 434; x_wconf 76' lang='lat' dir='ltr'><em>bello,</em></span> <span class='ocrx_word' id='word_1_28' title='bbox 567 397 643 428; x_wconf 86' lang='lat' dir='ltr'><em>tum</em></span> <span class='ocrx_word' id='word_1_29' title='bbox 673 406 781 441; x_wconf 88' lang='lat' dir='ltr'><em>quum</em></span> <span class='ocrx_word' id='word_1_30' title='bbox 813 395 855 428; x_wconf 84' lang='lat' dir='ltr'><em>de</em></span> <span class='ocrx_word' id='word_1_31' title='bbox 884 394 1013 429; x_wconf 78' lang='lat' dir='ltr'><em>Sicilia</em></span> <span class='ocrx_word' id='word_1_32' title='bbox 1042 399 1252 437; x_wconf 57' lang='lat' dir='ltr'><em>certaretur,</em></span> <span class='ocrx_word' id='word_1_33' title='bbox 1285 397 1388 432; x_wconf 79' lang='lat' dir='ltr'><em>toties</em></span> 
     </span>
     <span class='ocr_line' id='line_1_7' title="bbox 263 454 1387 506; baseline 0.003 -15"><span class='ocrx_word' id='word_1_34' title='bbox 263 454 432 503; x_wconf 83' lang='lat' dir='ltr'><em>Africam</em></span> <span class='ocrx_word' id='word_1_35' title='bbox 452 455 494 490; x_wconf 82' lang='lat' dir='ltr'><em>ab</em></span> <span class='ocrx_word' id='word_1_36' title='bbox 513 458 642 491; x_wconf 81' lang='lat' dir='ltr'><em>nostris</em></span> <span class='ocrx_word' id='word_1_37' title='bbox 661 457 936 505; x_wconf 60' lang='lat' dir='ltr'><em>exercitibusque</em></span> <span class='ocrx_word' id='word_1_38' title='bbox 955 462 990 492; x_wconf 89' lang='lat' dir='ltr'><em>et</em></span> <span class='ocrx_word' id='word_1_39' title='bbox 1018 458 1185 493; x_wconf 84' lang='lat' dir='ltr'><em>classibus</em></span> <span class='ocrx_word' id='word_1_40' title='bbox 1204 458 1387 506; x_wconf 81' lang='lat' dir='ltr'><em>obpugna-</em></span> 
     </span>
     <span class='ocr_line' id='line_1_8' title="bbox 264 521 1386 570; baseline 0.004 -17"><span class='ocrx_word' id='word_1_41' title='bbox 264 523 337 554; x_wconf 76' lang='lat' dir='ltr'><em>tam</em></span> <span class='ocrx_word' id='word_1_42' title='bbox 350 536 363 562; x_wconf 79' lang='grc'><em>,-</em></span> <span class='ocrx_word' id='word_1_43' title='bbox 392 531 499 561; x_wconf 81' lang='lat' dir='ltr'><em>nunc,</em></span> <span class='ocrx_word' id='word_1_44' title='bbox 521 532 630 567; x_wconf 85' lang='lat' dir='ltr'><em>quum</em></span> <span class='ocrx_word' id='word_1_45' title='bbox 650 521 694 555; x_wconf 86' lang='lat' dir='ltr'><em>de</em></span> <span class='ocrx_word' id='word_1_46' title='bbox 714 521 827 556; x_wconf 81' lang='lat' dir='ltr'><em>Italia</em></span> <span class='ocrx_word' id='word_1_47' title='bbox 843 526 1009 563; x_wconf 75' lang='lat' dir='ltr'><em>certetur,</em></span> <span class='ocrx_word' id='word_1_48' title='bbox 1026 521 1194 570; x_wconf 83' lang='lat' dir='ltr'><em>Africam</em></span> <span class='ocrx_word' id='word_1_49' title='bbox 1210 527 1386 569; x_wconf 83' lang='lat' dir='ltr'><em>pacatam</em></span> 
     </span>
     <span class='ocr_line' id='line_1_9' title="bbox 263 584 1388 633; baseline 0.003 -14"><span class='ocrx_word' id='word_1_50' title='bbox 263 595 344 620; x_wconf 79' lang='lat' dir='ltr'><em>esse.</em></span> <span class='ocrx_word' id='word_1_51' title='bbox 402 584 616 632; x_wconf 86' lang='lat' dir='ltr'><em>Requiescat</em></span> <span class='ocrx_word' id='word_1_52' title='bbox 645 586 845 633; x_wconf 86' lang='lat' dir='ltr'><em>aliquando</em></span> <span class='ocrx_word' id='word_1_53' title='bbox 878 590 1007 621; x_wconf 74' lang='lat' dir='ltr'><em>vexata</em></span> <span class='ocrx_word' id='word_1_54' title='bbox 1045 590 1119 621; x_wconf 85' lang='lat' dir='ltr'><em>tam</em></span> <span class='ocrx_word' id='word_1_55' title='bbox 1154 587 1215 621; x_wconf 88' lang='lat' dir='ltr'><em>diu</em></span> <span class='ocrx_word' id='word_1_56' title='bbox 1247 586 1388 622; x_wconf 85' lang='lat' dir='ltr'><em>Italia.-</em></span> 
     </span>
     <span class='ocr_line' id='line_1_10' title="bbox 263 649 1388 698; baseline 0.001 -14"><span class='ocrx_word' id='word_1_57' title='bbox 263 653 393 684; x_wconf 82' lang='lat' dir='ltr'><em>uratur</em></span> <span class='ocrx_word' id='word_1_58' title='bbox 412 653 660 696; x_wconf 70' lang='lat' dir='ltr'><em>evasteturque</em></span> <span class='ocrx_word' id='word_1_59' title='bbox 679 651 715 685; x_wconf 84' lang='lat' dir='ltr'><em>in</em></span> <span class='ocrx_word' id='word_1_60' title='bbox 737 651 848 685; x_wconf 73' lang='lat' dir='ltr'><em>vicem</em></span> <span class='ocrx_word' id='word_1_61' title='bbox 871 649 1016 698; x_wconf 84' lang='lat' dir='ltr'><em>Africa.</em></span> <span class='ocrx_word' id='word_1_62' title='bbox 1067 650 1197 685; x_wconf 84' lang='lat' dir='ltr'><em>Castra</em></span> <span class='ocrx_word' id='word_1_63' title='bbox 1215 649 1388 686; x_wconf 81' lang='lat' dir='ltr'><em>Romana</em></span> 
     </span>
     <span class='ocr_line' id='line_1_11' title="bbox 260 712 1388 762; baseline 0.003 -15"><span class='ocrx_word' id='word_1_64' title='bbox 260 714 382 761; x_wconf 85' lang='lat' dir='ltr'><em>potius</em></span> <span class='ocrx_word' id='word_1_65' title='bbox 401 712 640 760; x_wconf 75' lang='lat' dir='ltr'><em>Karthaginis</em></span> <span class='ocrx_word' id='word_1_66' title='bbox 663 715 780 761; x_wconf 87' lang='lat' dir='ltr'><em>portis</em></span> <span class='ocrx_word' id='word_1_67' title='bbox 805 715 1018 756; x_wconf 78' lang='lat' dir='ltr'><em>inmineant,</em></span> <span class='ocrx_word' id='word_1_68' title='bbox 1041 727 1148 762; x_wconf 88' lang='lat' dir='ltr'><em>quam</em></span> <span class='ocrx_word' id='word_1_69' title='bbox 1166 726 1231 749; x_wconf 91' lang='lat' dir='ltr'><em>nos</em></span> <span class='ocrx_word' id='word_1_70' title='bbox 1255 715 1388 750; x_wconf 82' lang='lat' dir='ltr'><em>iterum</em></span> 
     </span>
     <span class='ocr_line' id='line_1_12' title="bbox 261 778 1390 826; baseline 0 -12"><span class='ocrx_word' id='word_1_71' title='bbox 261 779 399 814; x_wconf 72' lang='lat' dir='ltr'><em>vallum</em></span> <span class='ocrx_word' id='word_1_72' title='bbox 422 778 576 815; x_wconf 80' lang='lat' dir='ltr'><em>hostium</em></span> <span class='ocrx_word' id='word_1_73' title='bbox 602 791 644 814; x_wconf 67' lang='lat' dir='ltr'><em>ex</em></span> <span class='ocrx_word' id='word_1_74' title='bbox 667 780 834 816; x_wconf 72' lang='lat' dir='ltr'><em>maenibus</em></span> <span class='ocrx_word' id='word_1_75' title='bbox 859 781 989 815; x_wconf 84' lang='lat' dir='ltr'><em>nostris</em></span> <span class='ocrx_word' id='word_1_76' title='bbox 1007 780 1202 815; x_wconf 72' lang='lat' dir='ltr'><em>videamus.</em></span> <span class='ocrx_word' id='word_1_77' title='bbox 1255 778 1390 826; x_wconf 81' lang='lat' dir='ltr'><em>Africa</em></span> 
     </span>
     <span class='ocr_line' id='line_1_13' title="bbox 261 842 1390 892; baseline 0.001 -14"><span class='ocrx_word' id='word_1_78' title='bbox 261 843 309 878; x_wconf 76' lang='lat' dir='ltr'><em>sit</em></span> <span class='ocrx_word' id='word_1_79' title='bbox 332 843 463 890; x_wconf 77' lang='lat' dir='ltr'><em>reliqui</em></span> <span class='ocrx_word' id='word_1_80' title='bbox 489 843 571 879; x_wconf 81' lang='lat' dir='ltr'><em>belli</em></span> <span class='ocrx_word' id='word_1_81' title='bbox 598 844 719 880; x_wconf 82' lang='lat' dir='ltr'><em>sedes:</em></span> <span class='ocrx_word' id='word_1_82' title='bbox 748 844 837 880; x_wconf 86' lang='lat' dir='ltr'><em>illuc</em></span> <span class='ocrx_word' id='word_1_83' title='bbox 862 848 978 880; x_wconf 85' lang='lat' dir='ltr'><em>terror</em></span> <span class='ocrx_word' id='word_1_84' title='bbox 993 842 1176 892; x_wconf 81' lang='lat' dir='ltr'><em>fugaque,</em></span> <span class='ocrx_word' id='word_1_85' title='bbox 1198 844 1390 891; x_wconf 81' lang='lat' dir='ltr'><em>populatio</em></span> 
     </span>
     <span class='ocr_line' id='line_1_14' title="bbox 262 906 1388 955; baseline 0.004 -14"><span class='ocrx_word' id='word_1_86' title='bbox 262 918 444 953; x_wconf 82' lang='lat' dir='ltr'><em>agrorum,</em></span> <span class='ocrx_word' id='word_1_87' title='bbox 467 906 620 955; x_wconf 64' lang='lat' dir='ltr'><em>defectio</em></span> <span class='ocrx_word' id='word_1_88' title='bbox 645 908 834 951; x_wconf 85' lang='lat' dir='ltr'><em>sociorum,</em></span> <span class='ocrx_word' id='word_1_89' title='bbox 856 912 980 944; x_wconf 83' lang='lat' dir='ltr'><em>celerae</em></span> <span class='ocrx_word' id='word_1_90' title='bbox 999 907 1081 943; x_wconf 83' lang='lat' dir='ltr'><em>belli</em></span> <span class='ocrx_word' id='word_1_91' title='bbox 1099 908 1232 949; x_wconf 79' lang='lat' dir='ltr'><em>clades,</em></span> <span class='ocrx_word' id='word_1_92' title='bbox 1253 919 1331 955; x_wconf 83' lang='lat' dir='ltr'><em>quoe</em></span> <span class='ocrx_word' id='word_1_93' title='bbox 1348 908 1388 946; x_wconf 82' lang='lat' dir='ltr'><em>in</em></span> 
     </span>
     <span class='ocr_line' id='line_1_15' title="bbox 260 973 1387 1020; baseline 0.002 -14"><span class='ocrx_word' id='word_1_94' title='bbox 260 982 325 1007; x_wconf 76' lang='lat' dir='ltr'><em>nos</em></span> <span class='ocrx_word' id='word_1_95' title='bbox 355 983 424 1019; x_wconf 85' lang='lat' dir='ltr'><em>per</em></span> <span class='ocrx_word' id='word_1_96' title='bbox 461 973 732 1020; x_wconf 84' lang='lat' dir='ltr'><em>quatuordecim</em></span> <span class='ocrx_word' id='word_1_97' title='bbox 773 984 885 1008; x_wconf 84' lang='lat' dir='ltr'><em>annos</em></span> <span class='ocrx_word' id='word_1_98' title='bbox 920 974 1146 1020; x_wconf 82' lang='lat' dir='ltr'><em>ingruerunt,</em></span> <span class='ocrx_word' id='word_1_99' title='bbox 1184 976 1387 1010; x_wconf 83' lang='lat' dir='ltr'><em>vertantur.</em></span> 
     </span>
     <span class='ocr_line' id='line_1_16' title="bbox 263 1036 1387 1086; baseline 0 -14"><span class='ocrx_word' id='word_1_100' title='bbox 263 1036 352 1078; x_wconf 78' lang='lat' dir='ltr'><em>Quae</em></span> <span class='ocrx_word' id='word_1_101' title='bbox 371 1037 420 1072; x_wconf 84' lang='lat' dir='ltr'><em>ad</em></span> <span class='ocrx_word' id='word_1_102' title='bbox 438 1036 695 1085; x_wconf 82' lang='lat' dir='ltr'><em>rempublicam</em></span> <span class='ocrx_word' id='word_1_103' title='bbox 711 1038 908 1086; x_wconf 79' lang='lat' dir='ltr'><em>pertinent,</em></span> <span class='ocrx_word' id='word_1_104' title='bbox 929 1043 965 1074; x_wconf 87' lang='lat' dir='ltr'><em>et</em></span> <span class='ocrx_word' id='word_1_105' title='bbox 981 1037 1125 1080; x_wconf 86' lang='lat' dir='ltr'><em>bellum,</em></span> <span class='ocrx_word' id='word_1_106' title='bbox 1143 1038 1238 1085; x_wconf 83' lang='lat' dir='ltr'><em>quocl</em></span> <span class='ocrx_word' id='word_1_107' title='bbox 1257 1039 1387 1082; x_wconf 87' lang='lat' dir='ltr'><em>instat,</em></span> 
     </span>
     <span class='ocr_line' id='line_1_17' title="bbox 259 1102 1389 1151; baseline 0 -13"><span class='ocrx_word' id='word_1_108' title='bbox 259 1106 297 1138; x_wconf 74' lang='lat' dir='ltr'><em>et</em></span> <span class='ocrx_word' id='word_1_109' title='bbox 311 1103 530 1150; x_wconf 83' lang='lat' dir='ltr'><em>provincias,</em></span> <span class='ocrx_word' id='word_1_110' title='bbox 552 1103 596 1138; x_wconf 87' lang='lat' dir='ltr'><em>de</em></span> <span class='ocrx_word' id='word_1_111' title='bbox 614 1103 739 1151; x_wconf 82' lang='lat' dir='ltr'><em>quibus</em></span> <span class='ocrx_word' id='word_1_112' title='bbox 766 1105 901 1151; x_wconf 85' lang='lat' dir='ltr'><em>agitur,</em></span> <span class='ocrx_word' id='word_1_113' title='bbox 923 1104 1052 1139; x_wconf 77' lang='lat' dir='ltr'><em>dixisse</em></span> <span class='ocrx_word' id='word_1_114' title='bbox 1079 1103 1168 1138; x_wconf 82' lang='lat' dir='ltr'><em>satis</em></span> <span class='ocrx_word' id='word_1_115' title='bbox 1193 1106 1256 1138; x_wconf 86' lang='lat' dir='ltr'><em>est.</em></span> <span class='ocrx_word' id='word_1_116' title='bbox 1310 1102 1389 1138; x_wconf 83' lang='lat' dir='ltr'><em>Illa</em></span> 
     </span>
     <span class='ocr_line' id='line_1_18' title="bbox 262 1165 1389 1215; baseline 0.001 -14"><span class='ocrx_word' id='word_1_117' title='bbox 262 1165 371 1213; x_wconf 82' lang='lat' dir='ltr'><em>longa</em></span> <span class='ocrx_word' id='word_1_118' title='bbox 387 1168 517 1209; x_wconf 83' lang='lat' dir='ltr'><em>oratio,</em></span> <span class='ocrx_word' id='word_1_119' title='bbox 535 1178 598 1203; x_wconf 84' lang='lat' dir='ltr'><em>nee</em></span> <span class='ocrx_word' id='word_1_120' title='bbox 616 1168 667 1202; x_wconf 86' lang='lat' dir='ltr'><em>ad</em></span> <span class='ocrx_word' id='word_1_121' title='bbox 681 1179 741 1202; x_wconf 90' lang='lat' dir='ltr'><em>vos</em></span> <span class='ocrx_word' id='word_1_122' title='bbox 757 1169 939 1215; x_wconf 79' lang='lat' dir='ltr'><em>pertinens</em></span> <span class='ocrx_word' id='word_1_123' title='bbox 953 1169 1012 1211; x_wconf 86' lang='lat' dir='ltr'><em>sit,</em></span> <span class='ocrx_word' id='word_1_124' title='bbox 1026 1169 1070 1210; x_wconf 91' lang='lat' dir='ltr'><em>si,</em></span> <span class='ocrx_word' id='word_1_125' title='bbox 1085 1166 1389 1215; x_wconf 80' lang='lat' dir='ltr'><em>quemadmodum</em></span> 
     </span>
     <span class='ocr_line' id='line_1_19' title="bbox 263 1230 1389 1280; baseline 0.001 -14"><span class='ocrx_word' id='word_1_126' title='bbox 263 1230 307 1272; x_wconf 87' lang='lat' dir='ltr'><em>Q.</em></span> <span class='ocrx_word' id='word_1_127' title='bbox 321 1231 451 1267; x_wconf 83' lang='lat' dir='ltr'><em>Fabius</em></span> <span class='ocrx_word' id='word_1_128' title='bbox 479 1243 576 1268; x_wconf 84' lang='lat' dir='ltr'><em>meas</em></span> <span class='ocrx_word' id='word_1_129' title='bbox 603 1244 659 1268; x_wconf 85' lang='lat' dir='ltr'><em>res</em></span> <span class='ocrx_word' id='word_1_130' title='bbox 675 1236 793 1280; x_wconf 77' lang='lat' dir='ltr'><em>gestas</em></span> <span class='ocrx_word' id='word_1_131' title='bbox 822 1234 858 1268; x_wconf 88' lang='lat' dir='ltr'><em>in</em></span> <span class='ocrx_word' id='word_1_132' title='bbox 877 1232 1062 1280; x_wconf 85' lang='lat' dir='ltr'><em>Hispania</em></span> <span class='ocrx_word' id='word_1_133' title='bbox 1089 1232 1259 1274; x_wconf 81' lang='lat' dir='ltr'><em>clevavit,</em></span> <span class='ocrx_word' id='word_1_134' title='bbox 1281 1232 1333 1266; x_wconf 89' lang='lat' dir='ltr'><em>sic</em></span> <span class='ocrx_word' id='word_1_135' title='bbox 1350 1233 1389 1268; x_wconf 75' lang='lat' dir='ltr'><em>et</em></span> 
     </span>
     <span class='ocr_line' id='line_1_20' title="bbox 260 1294 1387 1342; baseline 0 -12"><span class='ocrx_word' id='word_1_136' title='bbox 260 1305 325 1342; x_wconf 81' lang='lat' dir='ltr'><em>ego</em></span> <span class='ocrx_word' id='word_1_137' title='bbox 345 1299 469 1330; x_wconf 87' lang='lat' dir='ltr'><em>contra</em></span> <span class='ocrx_word' id='word_1_138' title='bbox 485 1297 642 1342; x_wconf 84' lang='lat' dir='ltr'><em>gloriam</em></span> <span class='ocrx_word' id='word_1_139' title='bbox 662 1295 734 1342; x_wconf 82' lang='lat' dir='ltr'><em>ejus</em></span> <span class='ocrx_word' id='word_1_140' title='bbox 760 1296 917 1339; x_wconf 86' lang='lat' dir='ltr'><em>eludere,</em></span> <span class='ocrx_word' id='word_1_141' title='bbox 938 1301 974 1331; x_wconf 83' lang='lat' dir='ltr'><em>et</em></span> <span class='ocrx_word' id='word_1_142' title='bbox 998 1307 1115 1331; x_wconf 86' lang='lat' dir='ltr'><em>meam</em></span> <span class='ocrx_word' id='word_1_143' title='bbox 1141 1294 1254 1331; x_wconf 87' lang='lat' dir='ltr'><em>verbis</em></span> <span class='ocrx_word' id='word_1_144' title='bbox 1272 1294 1387 1330; x_wconf 77' lang='lat' dir='ltr'><em>extol-</em></span> 
     </span>
     <span class='ocr_line' id='line_1_21' title="bbox 261 1359 1387 1410; baseline -0.001 -15"><span class='ocrx_word' id='word_1_145' title='bbox 261 1359 335 1395; x_wconf 69' lang='lat' dir='ltr'><em>lere</em></span> <span class='ocrx_word' id='word_1_146' title='bbox 351 1360 470 1396; x_wconf 85' lang='lat' dir='ltr'><em>velim.</em></span> <span class='ocrx_word' id='word_1_147' title='bbox 518 1360 699 1396; x_wconf 84' lang='lat' dir='ltr'><em>Neutrum</em></span> <span class='ocrx_word' id='word_1_148' title='bbox 706 1360 868 1410; x_wconf 84' lang='lat' dir='ltr'><em>faciam,</em></span> <span class='ocrx_word' id='word_1_149' title='bbox 890 1361 1022 1396; x_wconf 85' lang='lat' dir='ltr'><em>Patres</em></span> <span class='ocrx_word' id='word_1_150' title='bbox 1040 1360 1256 1407; x_wconf 87' lang='lat' dir='ltr'><em>conscripti:</em></span> <span class='ocrx_word' id='word_1_151' title='bbox 1285 1363 1333 1401; x_wconf 80' lang='lat' dir='ltr'><em>et,</em></span> <span class='ocrx_word' id='word_1_152' title='bbox 1353 1359 1387 1395; x_wconf 65' lang='lat' dir='ltr'><em>si</em></span> 
     </span>
     <span class='ocr_line' id='line_1_22' title="bbox 261 1422 1387 1472; baseline -0.001 -14"><span class='ocrx_word' id='word_1_153' title='bbox 261 1422 340 1458; x_wconf 84' lang='lat' dir='ltr'><em>ulla</em></span> <span class='ocrx_word' id='word_1_154' title='bbox 359 1424 436 1458; x_wconf 84' lang='lat' dir='ltr'><em>alia</em></span> <span class='ocrx_word' id='word_1_155' title='bbox 455 1435 507 1466; x_wconf 85' lang='lat' dir='ltr'><em>re,</em></span> <span class='ocrx_word' id='word_1_156' title='bbox 527 1425 703 1460; x_wconf 84' lang='lat' dir='ltr'><em>modestia</em></span> <span class='ocrx_word' id='word_1_157' title='bbox 723 1429 816 1460; x_wconf 89' lang='lat' dir='ltr'><em>certe</em></span> <span class='ocrx_word' id='word_1_158' title='bbox 835 1429 869 1460; x_wconf 87' lang='lat' dir='ltr'><em>et</em></span> <span class='ocrx_word' id='word_1_159' title='bbox 898 1424 1129 1472; x_wconf 84' lang='lat' dir='ltr'><em>temperando</em></span> <span class='ocrx_word' id='word_1_160' title='bbox 1150 1423 1279 1470; x_wconf 87' lang='lat' dir='ltr'><em>linguae</em></span> <span class='ocrx_word' id='word_1_161' title='bbox 1297 1423 1387 1458; x_wconf 86' lang='lat' dir='ltr'><em>ado-</em></span> 
     </span>
     <span class='ocr_line' id='line_1_23' title="bbox 263 1487 1386 1536; baseline 0.001 -14"><span class='ocrx_word' id='word_1_162' title='bbox 263 1487 396 1523; x_wconf 84' lang='lat' dir='ltr'><em>lescens</em></span> <span class='ocrx_word' id='word_1_163' title='bbox 419 1500 535 1524; x_wconf 86' lang='lat' dir='ltr'><em>senem</em></span> <span class='ocrx_word' id='word_1_164' title='bbox 554 1490 682 1525; x_wconf 66' lang='lat' dir='ltr'><em>vicero.</em></span> <span class='ocrx_word' id='word_1_165' title='bbox 730 1489 791 1525; x_wconf 85' lang='lat' dir='ltr'><em>Ita</em></span> <span class='ocrx_word' id='word_1_166' title='bbox 810 1493 845 1524; x_wconf 78' lang='lat' dir='ltr'><em>et</em></span> <span class='ocrx_word' id='word_1_167' title='bbox 869 1490 956 1531; x_wconf 65' lang='lat' dir='ltr'><em>vixi,</em></span> <span class='ocrx_word' id='word_1_168' title='bbox 978 1493 1012 1524; x_wconf 81' lang='lat' dir='ltr'><em>et</em></span> <span class='ocrx_word' id='word_1_169' title='bbox 1036 1501 1092 1524; x_wconf 86' lang='lat' dir='ltr'><em>res</em></span> <span class='ocrx_word' id='word_1_170' title='bbox 1109 1489 1212 1536; x_wconf 81' lang='lat' dir='ltr'><em>gessi,</em></span> <span class='ocrx_word' id='word_1_171' title='bbox 1233 1492 1275 1523; x_wconf 83' lang='lat' dir='ltr'><em>ut</em></span> <span class='ocrx_word' id='word_1_172' title='bbox 1294 1488 1386 1523; x_wconf 83' lang='lat' dir='ltr'><em>taci-</em></span> 
     </span>
     <span class='ocr_line' id='line_1_24' title="bbox 265 1553 1388 1601; baseline 0 -14"><span class='ocrx_word' id='word_1_173' title='bbox 265 1556 322 1588; x_wconf 77' lang='lat' dir='ltr'><em>tus</em></span> <span class='ocrx_word' id='word_1_174' title='bbox 347 1563 389 1587; x_wconf 87' lang='lat' dir='ltr'><em>ea</em></span> <span class='ocrx_word' id='word_1_175' title='bbox 408 1554 585 1600; x_wconf 78' lang='lat' dir='ltr'><em>opinione,</em></span> <span class='ocrx_word' id='word_1_176' title='bbox 607 1565 715 1601; x_wconf 85' lang='lat' dir='ltr'><em>quam</em></span> <span class='ocrx_word' id='word_1_177' title='bbox 739 1557 857 1589; x_wconf 78' lang='lat' dir='ltr'><em>vestra</em></span> <span class='ocrx_word' id='word_1_178' title='bbox 881 1558 1006 1601; x_wconf 87' lang='lat' dir='ltr'><em>sponte</em></span> <span class='ocrx_word' id='word_1_179' title='bbox 1025 1557 1232 1601; x_wconf 82' lang='lat' dir='ltr'><em>conceptam</em></span> <span class='ocrx_word' id='word_1_180' title='bbox 1257 1553 1388 1588; x_wconf 74' lang='lat' dir='ltr'><em>animis</em></span> 
     </span>
     <span class='ocr_line' id='line_1_25' title="bbox 264 1616 925 1667; baseline 0.003 -15"><span class='ocrx_word' id='word_1_181' title='bbox 264 1616 452 1660; x_wconf 74' lang='lat' dir='ltr'><em>haberetis,</em></span> <span class='ocrx_word' id='word_1_182' title='bbox 463 1618 585 1667; x_wconf 85' lang='lat' dir='ltr'><em>facile</em></span> <span class='ocrx_word' id='word_1_183' title='bbox 604 1624 787 1654; x_wconf 83' lang='lat' dir='ltr'><em>contentus</em></span> <span class='ocrx_word' id='word_1_184' title='bbox 806 1631 925 1655; x_wconf 87' lang='lat' dir='ltr'><em>essem.</em></span> 
     </span>
    </p>

    <p class='ocr_par' dir='ltr' id='par_1_4' title="bbox 263 1680 1387 2373">
     <span class='ocr_line' id='line_1_26' title="bbox 318 1680 1384 1732; baseline -0.001 -15"><span class='ocrx_word' id='word_1_185' title='bbox 318 1681 446 1719; x_wconf 91' lang='lat' dir='ltr'><strong>XLV.</strong></span> <span class='ocrx_word' id='word_1_186' title='bbox 474 1682 606 1718; x_wconf 86' lang='lat' dir='ltr'><em>Minus</em></span> <span class='ocrx_word' id='word_1_187' title='bbox 638 1684 753 1732; x_wconf 84' lang='lat' dir='ltr'><em>aequis</em></span> <span class='ocrx_word' id='word_1_188' title='bbox 787 1683 922 1719; x_wconf 83' lang='lat' dir='ltr'><em>animis</em></span> <span class='ocrx_word' id='word_1_189' title='bbox 961 1682 1112 1719; x_wconf 83' lang='lat' dir='ltr'><em>auditus</em></span> <span class='ocrx_word' id='word_1_190' title='bbox 1150 1687 1208 1718; x_wconf 88' lang='lat' dir='ltr'><em>est</em></span> <span class='ocrx_word' id='word_1_191' title='bbox 1239 1680 1384 1730; x_wconf 82' lang='lat' dir='ltr'><em>Scipio,</em></span> 
     </span>
     <span class='ocr_line' id='line_1_27' title="bbox 265 1745 1385 1797; baseline -0.001 -16"><span class='ocrx_word' id='word_1_192' title='bbox 265 1746 355 1795; x_wconf 85' lang='lat' dir='ltr'><em>quia</em></span> <span class='ocrx_word' id='word_1_193' title='bbox 373 1745 569 1795; x_wconf 82' lang='lat' dir='ltr'><em>vulgatum</em></span> <span class='ocrx_word' id='word_1_194' title='bbox 590 1754 685 1790; x_wconf 83' lang='lat' dir='ltr'><em>erat,</em></span> <span class='ocrx_word' id='word_1_195' title='bbox 707 1748 737 1782; x_wconf 88' lang='lat' dir='ltr'><em>si</em></span> <span class='ocrx_word' id='word_1_196' title='bbox 766 1747 865 1797; x_wconf 84' lang='lat' dir='ltr'><em>apud</em></span> <span class='ocrx_word' id='word_1_197' title='bbox 893 1753 1065 1783; x_wconf 88' lang='lat' dir='ltr'><em>senatum</em></span> <span class='ocrx_word' id='word_1_198' title='bbox 1095 1759 1174 1782; x_wconf 89' lang='lat' dir='ltr'><em>non</em></span> <span class='ocrx_word' id='word_1_199' title='bbox 1195 1745 1385 1781; x_wconf 86' lang='lat' dir='ltr'><em>obtinuis-</em></span> 
     </span>
     <span class='ocr_line' id='line_1_28' title="bbox 266 1809 1385 1860; baseline -0.002 -15"><span class='ocrx_word' id='word_1_200' title='bbox 266 1816 336 1852; x_wconf 82' lang='lat' dir='ltr'><em>set,</em></span> <span class='ocrx_word' id='word_1_201' title='bbox 369 1816 410 1845; x_wconf 86' lang='lat' dir='ltr'><em>ut</em></span> <span class='ocrx_word' id='word_1_202' title='bbox 438 1811 634 1860; x_wconf 84' lang='lat' dir='ltr'><em>provincia</em></span> <span class='ocrx_word' id='word_1_203' title='bbox 659 1810 792 1847; x_wconf 85' lang='lat' dir='ltr'><em>Africa</em></span> <span class='ocrx_word' id='word_1_204' title='bbox 821 1810 894 1846; x_wconf 81' lang='lat' dir='ltr'><em>sibi</em></span> <span class='ocrx_word' id='word_1_205' title='bbox 928 1810 1206 1851; x_wconf 75' lang='lat' dir='ltr'><em>decerneretur,</em></span> <span class='ocrx_word' id='word_1_206' title='bbox 1238 1809 1284 1844; x_wconf 83' lang='lat' dir='ltr'><em>ad</em></span> <span class='ocrx_word' id='word_1_207' title='bbox 1313 1820 1385 1857; x_wconf 88' lang='lat' dir='ltr'><em>po-</em></span> 
     </span>
     <span class='ocr_line' id='line_1_29' title="bbox 264 1871 1384 1924; baseline -0.002 -16"><span class='ocrx_word' id='word_1_208' title='bbox 264 1872 396 1923; x_wconf 85' lang='lat' dir='ltr'><em>pulum</em></span> <span class='ocrx_word' id='word_1_209' title='bbox 433 1874 626 1924; x_wconf 80' lang='lat' dir='ltr'><em>extemplo</em></span> <span class='ocrx_word' id='word_1_210' title='bbox 660 1874 848 1910; x_wconf 82' lang='lat' dir='ltr'><em>laturum:</em></span> <span class='ocrx_word' id='word_1_211' title='bbox 889 1875 1017 1922; x_wconf 84' lang='lat' dir='ltr'><em>itaque</em></span> <span class='ocrx_word' id='word_1_212' title='bbox 1051 1874 1100 1911; x_wconf 83' lang='lat' dir='ltr'><em>Q.</em></span> <span class='ocrx_word' id='word_1_213' title='bbox 1116 1872 1287 1914; x_wconf 75' lang='lat' dir='ltr'><em>Fulvius,</em></span> <span class='ocrx_word' id='word_1_214' title='bbox 1318 1871 1384 1920; x_wconf 85' lang='lat' dir='ltr'><em>qui</em></span> 
     </span>
     <span class='ocr_line' id='line_1_30' title="bbox 266 1934 1385 1987; baseline -0.003 -15"><span class='ocrx_word' id='word_1_215' title='bbox 266 1937 397 1972; x_wconf 72' lang='lat' dir='ltr'><em>consul</em></span> <span class='ocrx_word' id='word_1_216' title='bbox 419 1944 553 1985; x_wconf 76' lang='lat' dir='ltr'><em>quater</em></span> <span class='ocrx_word' id='word_1_217' title='bbox 577 1943 614 1973; x_wconf 86' lang='lat' dir='ltr'><em>et</em></span> <span class='ocrx_word' id='word_1_218' title='bbox 634 1951 769 1974; x_wconf 80' lang='lat' dir='ltr'><em>censor</em></span> <span class='ocrx_word' id='word_1_219' title='bbox 788 1937 925 1979; x_wconf 79' lang='lat' dir='ltr'><em>fuerat,</em></span> <span class='ocrx_word' id='word_1_220' title='bbox 947 1936 1154 1987; x_wconf 78' lang='lat' dir='ltr'><em>postulavit</em></span> <span class='ocrx_word' id='word_1_221' title='bbox 1174 1948 1195 1970; x_wconf 86' lang='lat' dir='ltr'><em>a</em></span> <span class='ocrx_word' id='word_1_222' title='bbox 1215 1934 1385 1977; x_wconf 80' lang='lat' dir='ltr'><em>consule,</em></span> 
     </span>
     <span class='ocr_line' id='line_1_31' title="bbox 263 2000 1386 2051; baseline -0.002 -15"><span class='ocrx_word' id='word_1_223' title='bbox 263 2007 306 2036; x_wconf 85' lang='lat' dir='ltr'><em>ut</em></span> <span class='ocrx_word' id='word_1_224' title='bbox 326 2001 452 2051; x_wconf 77' lang='lat' dir='ltr'><em>palam</em></span> <span class='ocrx_word' id='word_1_225' title='bbox 474 2003 511 2037; x_wconf 85' lang='lat' dir='ltr'><em>in</em></span> <span class='ocrx_word' id='word_1_226' title='bbox 533 2008 668 2038; x_wconf 84' lang='lat' dir='ltr'><em>senatu</em></span> <span class='ocrx_word' id='word_1_227' title='bbox 689 2003 844 2044; x_wconf 82' lang='lat' dir='ltr'><em>diceret,</em></span> <span class='ocrx_word' id='word_1_228' title='bbox 864 2003 1130 2049; x_wconf 75' lang='lat' dir='ltr'><em>permitteretne</em></span> <span class='ocrx_word' id='word_1_229' title='bbox 1146 2000 1329 2042; x_wconf 79' lang='lat' dir='ltr'><em>Patribus,</em></span> <span class='ocrx_word' id='word_1_230' title='bbox 1346 2004 1386 2034; x_wconf 78' lang='lat' dir='ltr'><em>ut</em></span> 
     </span>
     <span class='ocr_line' id='line_1_32' title="bbox 264 2065 1387 2114; baseline -0.003 -12"><span class='ocrx_word' id='word_1_231' title='bbox 264 2067 310 2101; x_wconf 79' lang='lat' dir='ltr'><em>de</em></span> <span class='ocrx_word' id='word_1_232' title='bbox 334 2068 528 2114; x_wconf 70' lang='lat' dir='ltr'><em>provinciis</em></span> <span class='ocrx_word' id='word_1_233' title='bbox 557 2068 815 2102; x_wconf 62' lang='lat' dir='ltr'><em>decernerent?</em></span> <span class='ocrx_word' id='word_1_234' title='bbox 842 2071 1070 2113; x_wconf 82' lang='lat' dir='ltr'><em>staturusque</em></span> <span class='ocrx_word' id='word_1_235' title='bbox 1098 2077 1138 2100; x_wconf 88' lang='lat' dir='ltr'><em>eo</em></span> <span class='ocrx_word' id='word_1_236' title='bbox 1167 2069 1266 2106; x_wconf 83' lang='lat' dir='ltr'><em>esset,</em></span> <span class='ocrx_word' id='word_1_237' title='bbox 1291 2065 1387 2111; x_wconf 78' lang='lat' dir='ltr'><em>quod</em></span> 
     </span>
     <span class='ocr_line' id='line_1_33' title="bbox 265 2128 1384 2179; baseline -0.004 -13"><span class='ocrx_word' id='word_1_238' title='bbox 265 2133 490 2173; x_wconf 73' lang='lat' dir='ltr'><em>censuissent,</em></span> <span class='ocrx_word' id='word_1_239' title='bbox 526 2143 573 2166; x_wconf 80' lang='lat' dir='ltr'><em>an</em></span> <span class='ocrx_word' id='word_1_240' title='bbox 606 2132 655 2166; x_wconf 71' lang='lat' dir='ltr'><em>acl</em></span> <span class='ocrx_word' id='word_1_241' title='bbox 684 2132 858 2179; x_wconf 81' lang='lat' dir='ltr'><em>populum</em></span> <span class='ocrx_word' id='word_1_242' title='bbox 890 2132 1062 2166; x_wconf 63' lang='lat' dir='ltr'><em>laturus?</em></span> <span class='ocrx_word' id='word_1_243' title='bbox 1095 2129 1224 2168; x_wconf 84' lang='lat' dir='ltr'><em>Quum</em></span> <span class='ocrx_word' id='word_1_244' title='bbox 1255 2128 1384 2177; x_wconf 86' lang='lat' dir='ltr'><em>Scipio</em></span> 
     </span>
     <span class='ocr_line' id='line_1_34' title="bbox 264 2192 1380 2244; baseline -0.002 -15"><span class='ocrx_word' id='word_1_245' title='bbox 264 2195 534 2243; x_wconf 79' lang='lat' dir='ltr'><em>respondisset,</em></span> <span class='ocrx_word' id='word_1_246' title='bbox 565 2208 618 2237; x_wconf 80' lang='lat' dir='ltr'><em>se,</em></span> <span class='ocrx_word' id='word_1_247' title='bbox 640 2195 739 2244; x_wconf 85' lang='lat' dir='ltr'><em>quod</em></span> <span class='ocrx_word' id='word_1_248' title='bbox 761 2207 780 2230; x_wconf 87' lang='lat' dir='ltr'><em>e</em></span> <span class='ocrx_word' id='word_1_249' title='bbox 803 2193 996 2244; x_wconf 76' lang='lat' dir='ltr'><em>republica</em></span> <span class='ocrx_word' id='word_1_250' title='bbox 1026 2199 1138 2236; x_wconf 83' lang='lat' dir='ltr'><em>esset,</em></span> <span class='ocrx_word' id='word_1_251' title='bbox 1166 2192 1380 2237; x_wconf 68' lang='lat' dir='ltr'><em>facturum,</em></span> 
     </span>
     <span class='ocr_line' id='line_1_35' title="bbox 264 2255 1384 2306; baseline -0.002 -14"><span class='ocrx_word' id='word_1_252' title='bbox 264 2263 344 2293; x_wconf 85' lang='lat' dir='ltr'><em>tum</em></span> <span class='ocrx_word' id='word_1_253' title='bbox 375 2258 542 2302; x_wconf 82' lang='lat' dir='ltr'><em>Fulvius,</em></span> <span class='ocrx_word' id='word_1_254' title='bbox 566 2259 646 2294; x_wconf 79' lang='lat' dir='ltr'><em>Non</em></span> <span class='ocrx_word' id='word_1_255' title='bbox 667 2270 730 2306; x_wconf 76' lang='lat' dir='ltr'><em>ego</em></span> <span class='ocrx_word' id='word_1_256' title='bbox 750 2260 909 2306; x_wconf 84' lang='lat' dir='ltr'><em>ignarus,</em></span> <span class='ocrx_word' id='word_1_257' title='bbox 931 2258 1018 2305; x_wconf 71' lang='lat' dir='ltr'><em>quicl</em></span> <span class='ocrx_word' id='word_1_258' title='bbox 1041 2268 1270 2304; x_wconf 80' lang='lat' dir='ltr'><em>responsurus</em></span> <span class='ocrx_word' id='word_1_259' title='bbox 1293 2255 1384 2303; x_wconf 83' lang='lat' dir='ltr'><em>fac-</em></span> 
     </span>
     <span class='ocr_line' id='line_1_36' title="bbox 266 2319 1384 2373; baseline -0.002 -14"><span class='ocrx_word' id='word_1_260' title='bbox 266 2326 406 2360; x_wconf 71' lang='lat' dir='ltr'><em>turusve</em></span> <span class='ocrx_word' id='word_1_261' title='bbox 431 2334 530 2367; x_wconf 75' lang='lat' dir='ltr'><em>esseS,</em></span> <span class='ocrx_word' id='word_1_262' title='bbox 552 2324 709 2373; x_wconf 82' lang='lat' dir='ltr'><em>quaesivi,</em></span> <span class='ocrx_word' id='word_1_263' title='bbox 731 2324 861 2372; x_wconf 80' lang='lat' dir='ltr'><em>quippe</em></span> <span class='ocrx_word' id='word_1_264' title='bbox 880 2333 988 2371; x_wconf 83' lang='lat' dir='ltr'><em>quum</em></span> <span class='ocrx_word' id='word_1_265' title='bbox 1009 2333 1086 2370; x_wconf 81' lang='lat' dir='ltr'><em>prae</em></span> <span class='ocrx_word' id='word_1_266' title='bbox 1114 2325 1147 2357; x_wconf 86' lang='lat' dir='ltr'><em>te</em></span> <span class='ocrx_word' id='word_1_267' title='bbox 1162 2319 1284 2370; x_wconf 81' lang='lat' dir='ltr'><em>feras,</em></span> <span class='ocrx_word' id='word_1_268' title='bbox 1307 2323 1384 2357; x_wconf 75' lang='lat' dir='ltr'><em>ten—</em></span> 
     </span>
    </p>
   </div>
  </div>
 </body>
</html>
