1523 2666
61 354 154 385 U.C.
171 360 229 389 5⁵7

63 398 99 427 A.
117 398 153 428 C.
174 405 244 429 195.

62 748 193 779 Catonis

62 799 213 831 stratage-

62 843 128 865 ma.

257 248 340 301 443
709 261 755 289 Τ.
780 261 917 289 L1v11

259 351 475 388 dimicando
495 351 702 402 periculum
723 353 870 389 adferre
889 358 1030 402 posset.
1066 353 1150 390 Stat
1170 354 1373 398 sententia,

258 430 336 453 non
357 418 526 453 minuere
547 419 690 468 copias,
711 431 759 454 ne
780 419 867 468 quid
889 420 1038 455 interim
1060 419 1188 456 hostes
1209 420 1376 456 inferant

257 482 479 529 ignominiae
496 497 502 517 :
536 483 648 517 sociis
666 495 768 532 spem
791 496 859 532 pro
879 496 918 519 re
938 484 1211 520 ostendendam
1233 491 1374 522 censet.

258 546 366 595 Saepe
386 560 482 582 vana
510 559 578 596 pro
600 549 710 588 veris,
735 550 898 584 maxime
925 550 962 584 in
983 548 1099 593 bello,
1119 549 1304 586 valuisse:
1337 554 1376 586 et

257 612 472 647 credentem
505 624 542 647 se
567 611 708 655 aliquid
737 612 867 648 auxilii
899 613 1054 657 habere,
1078 615 1233 664 perinde
1261 620 1376 663 atque

256 675 429 716 haberet,
465 675 545 724 ipsa
581 675 730 716 fiducia,
767 684 803 711 et
835 677 1022 726 sperando
1061 685 1174 727 atque
1204 678 1377 715 audendo

260 749 448 776 servatum
506 740 668 776 Postero
685 741 744 776 die
762 740 895 789 legatis
917 743 1126 791 respondit,
1150 744 1380 790 Quamquam

258 811 438 847 vereatur,
460 818 502 840 ne
520 818 602 841 suas
624 808 724 846 vires,
747 807 829 842 aliis
848 819 907 842 eus
922 809 1195 850 commodando,
1212 809 1355 844 minuat
1366 823 1379 851 ,-

261 876 379 906 tamen
400 870 542 905 illorum
563 882 598 905 se
619 872 788 918 temporis
807 883 849 906 ac
864 872 1015 919 periculi
1034 874 1160 920 magis,
1183 884 1287 920 quam
1307 872 1378 914 sui,

257 937 433 970 rationem
453 935 590 970 habere.
630 934 865 971 Dcnunciari
887 936 1049 972 militum
1072 937 1167 985 parti
1189 937 1312 972 tertiae
1332 948 1379 972 ex

259 999 435 1035 omnibus
458 999 679 1034 cohortibus
697 998 822 1047 jubet,
844 1006 885 1035 ut
909 999 1050 1043 cibum,
1073 1013 1184 1049 quem
1204 1001 1241 1036 in
1263 1012 1376 1036 naves

258 1064 461 1113 inponant,
491 1069 636 1098 mature
667 1070 853 1112 coquant:
887 1077 1077 1113 navesque
1102 1065 1140 1100 in
1174 1065 1271 1100 diem
1301 1071 1378 1101 ter-

258 1128 354 1163 tium
376 1126 684 1177 expedirijussit.
743 1128 852 1164 Duos
880 1141 926 1164 ex
956 1128 1091 1176 legatis
1118 1128 1289 1177 Bilistagi
1317 1135 1378 1164 at-

260 1205 332 1241 que
352 1191 579 1240 Ilergetibus
603 1193 783 1228 nunciare
807 1205 850 1228 ea
866 1191 1000 1241 jubet3
1033 1193 1153 1228 filium
1173 1192 1291 1242 reguli
1311 1206 1376 1230 co—

260 1257 371 1293 miter
389 1257 582 1299 habendo,
613 1264 651 1292 et
677 1257 894 1293 muneribus
915 1258 1016 1307 apud
1036 1270 1075 1293 se
1094 1258 1245 1294 retinet.
1301 1257 1378 1294 Le-

262 1317 339 1370 gati
360 1334 439 1357 non
460 1327 548 1358 ante
569 1321 745 1371 profecti,
767 1335 879 1366 quam
901 1323 1087 1372 inpositos
1110 1323 1149 1358 in
1172 1335 1285 1358 naves
1306 1322 1377 1359 mi·-

258 1386 343 1422 lites
365 1387 562 1422 viderunt:
595 1387 633 1423 id
662 1400 730 1436 pro
759 1388 859 1424 haud
891 1388 1008 1424 dubio
1029 1387 1112 1438 jam
1137 1389 1376 1431 nunciante&

260 1464 337 1487 non
374 1464 461 1488 suos
489 1452 618 1495 modo,
651 1453 716 1488 sed
750 1453 863 1489 etiam
897 1454 1042 1497 hostes,
1079 1453 1183 1490 fama
1210 1453 1379 1490 Romani

261 1516 391 1552 anxilii
413 1517 652 1552 adventantis
674 1517 924 1566 inpleverunt.

315 1581 432 1617 XIII.
465 1581 623 1624 Consul,
657 1582 722 1618 ubi
754 1583 859 1624 satis,
887 1582 989 1631 quod
1022 1582 1059 1617 in
1095 1582 1258 1632 speciem
1288 1581 1375 1625 fuit,

261 1652 494 1682 ostentatum
515 1653 585 1687 est,
610 1648 779 1683 revocari
809 1660 853 1684 ex
881 1647 1039 1683 navibus
1070 1647 1207 1683 milites
1232 1646 1371 1697 jubet:

260 1711 353 1760 ipse,
375 1724 489 1758 Quum
513 1710 592 1761 jam
621 1711 658 1747 id
682 1718 830 1761 tempus
857 1712 944 1748 anni
967 1712 1176 1761 adpeteret,
1200 1724 1275 1760 quo
1295 1712 1380 1760 geri

260 1787 316 1810 res
351 1782 521 1825 possent,
549 1784 673 1812 castra
698 1776 856 1812 hiberna
891 1776 963 1811 tria
990 1775 1109 1811 millia
1130 1788 1307 1825 passuum
1327 1775 1379 1812 ab

258 1840 451 1889 Emporiis
485 1842 634 1890 posuit:
679 1841 767 1877 inde
804 1854 870 1890 per
896 1841 1130 1883 occasiones,
1170 1853 1270 1876 nunc
1303 1841 1374 1876 hac

259 1910 380 1953 parte,
416 1917 517 1941 nunc
551 1904 627 1948 illa,
664 1906 815 1941 modico
845 1905 1021 1954 praesidio
1060 1906 1191 1941 castris
1226 1905 1373 1947 relicto,

260 1968 469 2017 praedatum
489 1968 627 2004 milites
648 1970 685 2004 in
703 1969 869 2005 hostium
888 1982 999 2018 agros
1021 1969 1217 2005 educebat.
1247 1968 1375 2005 Nocte

256 2035 376 2070 ferme
395 2034 746 2084 proficiscebantur,
767 2042 807 2071 ut
823 2041 860 2070 et
880 2049 992 2085 quam
1012 2035 1234 2083 longissime
1253 2048 1275 2070 a
1291 2047 1373 2071 cas-

256 2099 325 2134 tris
363 2099 623 2149 procederent,
663 2106 700 2136 et
737 2100 956 2149 inopinatos
995 2100 1266 2150 obprimerent.
1322 2099 1375 2135 Et

258 2162 458 2198 exercebat
486 2176 530 2198 ea
562 2176 619 2199 res
656 2176 774 2199 novos
808 2163 961 2207 milites,
984 2171 1022 2201 et
1044 2164 1214 2200 hostium
1236 2176 1375 2212 magua

257 2226 312 2262 vis
333 2226 611 2276 excipiebatur:
644 2240 713 2263 nec
736 2226 817 2278 jam
850 2229 976 2277 egredi
1003 2236 1111 2264 extra
1139 2228 1375 2263 munimenta

256 2290 498 2326 castellorum
519 2291 722 2328 audebant.
781 2292 859 2329 Ubi
883 2296 973 2328 satis
1001 2292 1204 2328 admodum
1225 2298 1263 2328 et
1282 2304 1371 2327 suo-

255 2367 338 2390 rum
358 2362 394 2391 et
415 2356 583 2392 hostium
610 2357 757 2393 animos
785 2363 841 2393 est
868 2364 1059 2408 expertus,
1082 2357 1283 2392 convocari
1305 2357 1373 2392 tri-

253 2417 394 2464 bunos,
415 2420 706 2473 praefectosque,
728 2428 765 2459 et
788 2423 932 2473 equites
953 2435 1100 2467 omneS,
1122 2428 1160 2458 et
1181 2421 1374 2459 centurio-
