1523 2666
287 189 371 244 388
750 203 796 233 T.
819 203 952 233 mvn

90 297 370 375 {Lgsssmius
398 306 510 343 eques
541 294 578 330 in
612 294 760 333 Graecia
792 304 898 334 erat:
942 298 1068 349 pedite
1097 299 1196 337 inter
1224 300 1405 339 finitimos

125 365 132 373 .
176 349 274 379 ·197·

289 358 549 395 vincebantur.

342 423 454 459 VIII.
491 423 636 460 Laetior
672 437 744 467 res,
783 438 896 474 quam
933 440 1002 477 pro
1040 440 1215 464 successu
1251 442 1402 479 pugnae,

287 489 481 531 nunciata,
503 501 617 537 quum
638 488 701 524 alii
729 502 840 540 super
869 491 962 528 alios
983 500 1217 529 recurrentes
1239 507 1285 530 ex
1303 507 1406 544 proe-

286 552 339 589 lio
360 552 580 595 clamarent,
602 553 733 601 fugere
760 556 913 603 pavidos
944 556 1156 601 Romanos,
1178 559 1337 595 invitum
1368 565 1407 595 et

286 617 608 660 cunctabundum,
630 626 667 654 et
687 619 874 656 dicentem
896 627 1038 657 temere
1064 622 1158 665 fieri,
1178 636 1257 659 non
1277 623 1404 660 locum

287 681 360 717 sibi
380 681 541 731 placere,
562 694 640 717 non
670 688 832 732 tempus,
854 684 1032 735 perpulit,
1053 691 1095 721 ut
1122 687 1297 722 educeret
1322 700 1404 723 om-

286 759 352 783 nes
373 747 501 796 copias
523 747 560 782 in
580 747 711 783 aciem.
770 748 875 784 Idem
896 756 933 785 et
952 749 1166 792 Romanus,
1188 752 1307 799 magis
1336 763 1403 787 ne-

287 812 477 854 cessitate,
512 824 624 860 quam
658 813 858 849 occasione
892 826 1029 863 pugnae
1059 814 1248 858 inductus,
1282 815 1400 852 fecit:

289 877 463 913 dextrum
490 889 622 920 cornu,
644 876 854 927 elephantis
885 886 973 915 ante
1001 880 1109 927 signa
1138 880 1346 923 instructis,
1367 880 1404 917 in

288 941 464 978 subsidiis
485 941 660 990 reliquit:
693 941 788 978 laevo
809 956 890 979 cum
914 944 1016 980 omni
1045 943 1117 980 levi
1146 950 1336 981 armatura
1364 945 1403 981 in

284 1007 433 1042 hostem
463 1006 593 1051 vadit5
627 1007 737 1043 simul
767 1008 989 1051 admonens,
1019 1022 1099 1045 cum
1129 1010 1248 1045 iisdem
1279 1011 1404 1046 Mace-

284 1071 432 1107 donibus
458 1076 694 1119 pugnaturos,
725 1085 809 1119 quos
846 1074 895 1109 (cd
921 1074 1028 1121 Epiri
1052 1073 1198 1122 fauces,
1230 1075 1405 1111 montibus

272 1136 553 1185 fluminibusque
580 1142 709 1185 septos,
739 1139 835 1173 victa
868 1140 1031 1174 naturali
1063 1139 1278 1186 dffcultate
1307 1141 1403 1176 loco-

284 1213 380 1243 rum,
402 1201 626 1248 expulissent,
649 1203 792 1249 acieque
820 1207 1103 1250 expugnassent:
1133 1215 1211 1238 cum
1242 1205 1297 1246 iis,
1319 1216 1405 1251 quos

286 1266 330 1302 P.
344 1266 500 1313 Sulpicii
517 1267 618 1313 prius
637 1267 764 1309 ductu,
785 1268 981 1302 obsidentes
1000 1267 1161 1303 Eordoeae
1186 1268 1325 1304 aditum
1351 1270 1404 1304 υἱ-

285 1332 422 1366 cissent.
456 1330 566 1365 Fama
583 1332 732 1372 stetisse,
753 1343 822 1366 non
841 1330 987 1372 viribus,
1010 1331 1232 1367 Macedoniae
1247 1343 1404 1379 regnum.

287 1395 381 1430 Eam
401 1406 537 1442 quoque
554 1394 704 1443 famam
725 1396 867 1430 tandem
887 1396 1076 1431 evanuisse.
1131 1395 1219 1431 Jam
1247 1408 1405 1445 perven-

286 1463 368 1493 tum
389 1457 434 1493 ad
457 1470 543 1493 suos
571 1458 610 1493 in
640 1458 716 1494 ima
736 1457 830 1494 valle
860 1464 1003 1494 stantes
1035 1464 1128 1501 erat,
1149 1460 1213 1507 qui
1242 1460 1404 1496 adventu

288 1523 474 1558 exercitus
497 1523 811 1572 imperatorisque
840 1535 1007 1572 pugnam
1034 1529 1233 1567 renovant,
1254 1524 1405 1574 inpetu-

287 1598 360 1635 que
387 1586 491 1623 facto
519 1599 645 1622 rursus
676 1594 851 1622 avertunt
874 1587 1035 1624 hostem.
1093 1587 1290 1637 Philippus
1318 1601 1404 1624 cum

288 1652 452 1687 caetratis
473 1658 510 1687 et
527 1664 645 1687 cornu
665 1652 799 1688 dextro
815 1652 998 1701 peditum,
1012 1651 1150 1688 robore
1165 1652 1406 1690 Macedonici

289 1716 491 1759 exercitus,
513 1729 625 1765 quam
644 1715 873 1766 phalangem
891 1715 1093 1759 vocabant,
1112 1729 1275 1766 propero
1296 1730 1407 1753 cursu

288 1781 336 1818 ad
365 1782 515 1817 hostem
546 1783 661 1818 vadit.
717 1781 918 1824 Nicanori,
949 1794 995 1817 ex
1023 1782 1237 1831 purpuratis
1266 1783 1344 1825 uni,
1366 1789 1407 1819 ut

287 1859 373 1882 cum
417 1846 569 1895 reliquis
607 1847 726 1896 copiis
766 1846 967 1882 confestim
1005 1852 1196 1895 sequatur,
1235 1842 1406 1897 imperat.

286 1909 431 1952 Primo,
455 1916 494 1945 ut
515 1910 553 1945 in
576 1909 713 1959 jugum
735 1910 866 1952 evasit,
890 1916 940 1953 et,
962 1908 1181 1958 jacentibus
1204 1909 1254 1945 ibi
1275 1911 1404 1960 paucis

288 1975 400 2010 armis
422 1974 720 2024 corporibusque
749 1975 931 2016 hostium,
953 1973 1128 2023 proelium
1156 1986 1201 2009 eo
1228 1974 1313 2010 loco
1342 1973 1402 2010 fu-

288 2040 375 2083 isse,
393 2039 596 2089 pulsosque
616 2039 702 2075 inde
723 2038 934 2081 Romanos,
952 2046 990 2074 et
1009 2040 1167 2089 pugnari
1189 2050 1306 2089 prope
1323 2051 1405 2075 cas-

288 2110 348 2141 tra
374 2104 543 2140 hostium
568 2103 672 2147 vidit,
695 2103 841 2152 ingenti
865 2103 1004 2151 gaudio
1035 2109 1091 2139 est
1120 2102 1239 2138 elatus
1260 2118 1266 2139 :
1301 2116 1404 2146 mox,

287 2168 562 2218 refugientibus
591 2169 681 2211 suis,
707 2176 745 2204 et
778 2174 921 2204 terrore
949 2180 1073 2210 verso,
1103 2166 1320 2217 paullisper,
1348 2169 1406 2204 in-

286 2240 410 2270 certus
432 2247 478 2269 an
500 2234 537 2269 in
567 2240 690 2269 castra
716 2234 899 2282 reciperet
919 2232 1062 2282 copias,
1083 2231 1307 2281 trepidavit:
1340 2233 1405 2268 de-

285 2298 387 2341 inde,
403 2304 443 2334 ut
463 2297 792 2348 adpropinquabat
812 2297 948 2340 hostis,
966 2303 1017 2340 et,
1035 2302 1285 2347 praeterquam
1305 2297 1406 2346 quod

285 2362 528 2399 caedebantur
553 2363 687 2406 aversi,
711 2375 795 2406 nec,
826 2363 899 2399 nisi
932 2362 1236 2406 defenderentur,
1265 2363 1403 2399 servari
