1507 2656
275 155 429 183 menn
451 153 619 182 xxvu.
653 151 761 180 cAr·
784 150 939 179 xmu.
1121 138 1176 192 67

64 253 146 279 tero
165 242 224 279 die
244 244 365 292 prima
384 242 467 278 luce
494 241 701 292 profectus,
722 241 871 289 magnis
899 239 1098 277 itineribus
1117 239 1175 278 fa·
1189 247 1232 279 U.
1243 247 1280 280 C.
1299 256 1372 281 545.

62 318 162 341 mam
183 312 220 342 et
246 306 406 354 vestigia
435 305 596 353 agminis
624 316 797 354 sequens,
817 305 918 341 haud
947 303 1081 355 procul
1098 304 1176 342 Ve-

62 371 169 406 nusia
199 371 349 406 hostem
378 370 610 418 adsequitur.
668 369 729 405 Ibi
748 381 899 418 quoque
928 369 1178 407 tumultuaria

61 445 190 482 pugna
209 432 306 469 fuit:
339 445 452 483 supra
471 433 545 469 duo
566 432 684 469 millia
702 433 910 468 Poenorum
931 445 1038 469 caesa.
1080 432 1176 470 Inde

61 497 257 532 nocturnis
284 497 552 545 montanisque
578 496 777 533 itineribus
797 496 953 540 Poenus,
974 509 1022 532 ne
1047 495 1176 534 locum

61 560 255 609 pugnandi
282 560 401 603 daret,
431 559 703 610 Eletapontum
733 560 855 610 petiit.
911 559 1057 597 Hanno
1086 560 1176 597 inde

64 624 112 670 (is
139 623 240 659 enim
267 624 442 673 praesidio
469 622 548 673 ejus
578 623 654 659 loci
683 623 903 674 praefuerat)
931 625 972 660 in
998 624 1174 660 Bruttios

59 698 144 722 cum
163 687 291 737 paucis
312 687 359 723 ad
378 687 586 723 exercitum
606 700 747 723 novum
767 687 1064 738 comparandum
1082 688 1174 724 mis-

59 762 133 787 suS.
190 750 400 794 Hannibal,
430 751 548 801 copiis
576 749 656 800 ejus
689 751 735 787 ad
761 763 845 787 suas
874 752 1022 794 additis,
1042 751 1174 788 Venu-

58 815 152 851 siam
178 821 294 859 retro,
315 815 449 865 quibus
470 821 624 852 venerat
649 815 864 859 itineribus,
884 816 1037 866 repetit,
1058 822 1174 865 atque

60 878 148 914 inde
170 879 376 915 Canusium
396 879 581 930 procedit.
637 879 861 928 Numquam
878 879 986 916 Nero
1003 880 1173 929 vestigiis

59 942 180 979 hostis
197 943 420 980 abstiterat:
443 949 481 979 et
500 944 549 983 Q.
561 943 752 988 Fulvium,
768 957 882 994 quum
902 943 1175 995 Metapontum

59 1007 139 1058 ipse
164 1008 483 1059 proficisceretur,
513 1009 554 1044 in
581 1008 775 1054 Lucanos,
806 1022 854 1046 ne
882 1010 990 1059 regio
1018 1022 1064 1046 ea
1093 1010 1175 1046 sine

57 1073 235 1124 praesidio
255 1079 367 1117 esset,
388 1073 622 1111 arcessierat

1192 292 1229 323 Α.
1243 292 1280 324 C.
1296 299 1371 334 207.⁴

69 1176 72 1177 ⁷
111 1135 268 1174 XLIII.
298 1136 405 1174 Inter
431 1137 512 1174 haec
546 1137 593 1173 ab
624 1136 882 1181 Hasdrubale,
916 1144 1120 1187 postquam
1151 1137 1352 1179 alntercipi·

55 1198 262 1242 Placentiae
277 1200 477 1237 obsidione
498 1200 695 1244 abscessit,
710 1206 874 1250 quatum
892 1200 994 1236 Galli
1009 1201 1170 1250 equites,

1184 1188 1285 1211 untur
1305 1183 1390 1213 Has-

1184 1225 1324 1257 drubalis
1338 1226 1377 1257 li·

55 1262 133 1299 duo
169 1264 361 1308 Numidae,
399 1277 486 1301 cum
520 1264 639 1300 literis
674 1264 720 1300 ad
756 1264 1018 1301 Hannibalem
1053 1266 1270 1310 missi,terae.

57 1340 175 1375 quum
192 1341 259 1378 per
284 1328 427 1365 medios
453 1328 583 1364 hostes
610 1333 732 1364 totam
751 1328 870 1364 ferme
895 1327 1177 1377 longitudinem

57 1391 179 1428 Italiae
212 1393 354 1429 emensi
388 1398 528 1435 essent,
560 1392 648 1428 dum
678 1391 949 1442 Metapontum
979 1393 1176 1431 cedentem

55 1456 314 1493 Hannibalem
333 1463 554 1507 sequuntur,
572 1458 725 1493 incertis
746 1456 944 1493 itineribus
961 1456 1173 1496 Tarentum

56 1519 184 1563 delati,
205 1534 226 1556 a
248 1522 350 1569 vagis
378 1534 444 1570 per
471 1533 582 1569 agros
603 1519 894 1570 pabulatoribus
914 1520 1102 1556 Romanis
1125 1521 1173 1557 ad

57 1584 106 1623 Q.
132 1584 331 1621 Claudium
347 1592 622 1635 propraetorem
639 1584 886 1620 deducuntur.
929 1584 1030 1620 Eum
1046 1585 1173 1635 primo

56 1648 209 1685 incertis
231 1649 457 1699 inplicantes
475 1650 680 1699 responsis,
695 1655 736 1684 ut
756 1655 878 1684 metus
895 1654 1175 1686 tormentorum

56 1712 230 1748 admotus
250 1713 362 1749 fateri
381 1726 471 1749 vera
490 1714 631 1761 coegit,
654 1713 900 1755 edocuerunt,
921 1712 1048 1748 literas
1070 1725 1109 1748 se
1124 1712 1173 1750 ab

58 1777 300 1814 Hasdrubale
321 1778 368 1814 ad
388 1778 647 1815 Hannibalem
674 1778 784 1814 ferre.
842 1779 938 1814 Cum
964 1778 1009 1813 iis
1037 1777 1171 1821 literis,

57 1842 155 1877 sicut
171 1848 292 1884 erant,
307 1842 481 1890 signatiS‚
497 1841 545 1878 L,
558 1842 735 1890 virginio
750 1841 906 1878 tribuno
921 1841 1086 1878 militum
1103 1842 1171 1878 du·-

54 1905 165 1943 cendi
185 1906 232 1941 ad
253 1905 454 1942 Claudium
474 1905 670 1942 consulem
694 1906 917 1942 traduntur:
950 1906 1033 1942 duae
1060 1905 1172 1942 simul

55 1975 188 2005 turmae
216 1969 445 2006 Samnitium
471 1970 635 2019 praesidii
658 1982 791 2005 caussa
816 1969 953 2006 missae.
1009 1970 1086 2008 Qui
1106 1969 1172 2005 ubi

54 2033 103 2069 ad
122 2033 315 2070 consulem
336 2040 600 2083 pervenerunt,
622 2033 815 2083 literaeque
842 2034 948 2069 lectae
968 2045 1034 2083 per
1053 2034 1171 2069 inter-

54 2103 197 2146 pretem
218 2107 320 2140 suut,
341 2104 378 2133 et
398 2111 444 2135 ex
463 2099 620 2148 captivis
648 2098 911 2148 percunctatio
931 2097 1056 2141 facta3
1089 2103 1171 2132 tum

56 2159 253 2204 Claudius,
273 2175 352 2198 non
372 2162 409 2198 id
436 2168 582 2212 tenipus
603 2175 682 2199 esse
708 2161 925 2213 reipublicae
955 2167 1073 2203 ratus,
1095 2172 1170 2209 quo

56 2225 223 2261 consiliis
241 2228 439 2263 ordinariis
456 2229 659 2277 provinciae
680 2240 756 2264 suae
773 2228 929 2277 quisque
945 2225 1082 2263 finibus
1103 2237 1170 2275 per

57 2290 241 2327 exercitus
262 2303 348 2328 suos
370 2305 455 2329 cum
474 2293 585 2329 hoste
601 2292 789 2329 destinato
810 2290 856 2328 ab
874 2296 1008 2328 senatu
1026 2288 1167 2327 bellum
