1523 2666
321 181 406 236 536
767 195 811 222 T.
837 194 971 222 mvn

125 287 168 318 U.
184 288 220 318 C.
239 294 387 325 560.n0,
409 295 455 318 ex
481 283 711 333 principibus
739 297 848 328 unns,
873 298 1019 333 magnae
1050 293 1129 321 tum
1159 285 1208 321 ob
1235 285 1426 335 eleganter

131 332 166 360 A.
184 332 220 362 C·
238 340 445 382 192ἐιςῖ-«ιιῐι
467 347 580 382 vitam
607 348 857 391 auctoritatis,
878 357 958 384 tum
981 349 1083 397 qnod
1112 361 1258 399 semper
1279 349 1425 385 Roma-

319 421 455 445 norum
472 410 570 446 haud
588 411 698 447 dubie
716 412 831 460 partis
853 411 990 454 fuerat,
1004 411 1051 447 ab
1067 412 1251 450 Quinctio
1271 411 1426 460 legatis-

319 486 391 522 que
420 474 501 510 aliis
527 474 618 511 flens
649 475 773 525 petiit,
794 488 836 511 ne
862 478 964 511 unius
991 478 1184 512 amentiam
1203 478 1343 512 civitati
1362 477 1427 511 ad-

316 539 507 584 signarent.
565 538 641 574 Suo
667 551 836 585 quemque
859 541 1019 586 periculo
1039 539 1180 588 furere.
1238 540 1432 587 Magnetas

318 612 386 636 non
403 602 599 636 libertatem
621 603 735 642 modo,
755 603 817 637 sed
843 604 975 644 omnia,
997 615 1072 649 quse
1092 603 1287 639 hominibus
1305 607 1430 638 sancta

320 675 474 711 caraque
505 666 589 705 sint,
628 665 667 700 T.
691 665 859 705 Quinctio
887 670 921 700 et
942 666 1078 713 populo
1106 665 1266 702 Romano
1293 668 1431 704 debere.

325 727 425 762 Nihil
450 740 659 775 quemquam
684 728 727 763 ab
756 729 843 764 Diis
876 728 1123 764 inmortalibus
1148 731 1291 776 precari
1316 743 1429 778 posse,

320 791 414 837 quod
434 802 500 826 non
520 791 709 838 Magnetes
728 792 770 826 ab
790 792 862 826 illis
881 792 1065 833 haberem
1085 796 1120 826 et
1140 793 1173 827 in
1195 804 1344 840 corpora
1365 806 1432 830 sua

319 854 423 888 citius
436 865 502 901 per
511 853 680 902 furorem
699 857 892 897 servituros,
914 866 1020 902 quam
1047 859 1085 889 ut
1112 853 1314 892 Romanam
1339 859 1430 893 ami-

320 909 441 952 citiam
464 919 646 955 violarent.

375 980 555 1017 XXXII.
584 981 710 1031 Hujus
736 983 947 1018 orationem
977 982 1187 1020 subsecutae
1218 982 1430 1020 multitudi-

321 1045 377 1081 nis
406 1058 533 1095 preces
562 1053 661 1083 sunt.
718 1047 956 1096 Eurylochus
984 1061 1030 1084 ex
1051 1049 1213 1085 concilio
1233 1049 1429 1086 itineribus

318 1109 476 1145 occultis
497 1111 544 1146 ad
563 1118 728 1160 portam,
749 1118 863 1160 atque
885 1112 971 1147 inde
990 1113 1162 1162 protinus
1183 1113 1223 1148 in
1242 1112 1430 1149 AEtoliam

128 1178 227 1226 ffitqli
244 1179 296 1208 de·
317 1173 499 1223 profugit.
556 1174 643 1210 Jam
662 1175 775 1218 enim,
798 1182 835 1213 et
856 1176 891 1211 id
912 1177 1030 1224 magis
1052 1177 1090 1212 in
1110 1177 1203 1220 dies,
1225 1176 1349 1212 AEtoli
1365 1177 1429 1213 de-

131 1222 305 1295 ἑῗὲἑῖῒῐῃ
317 1237 522 1274 sectionem
535 1238 748 1275 nudabant:
769 1253 887 1288 eoque
901 1240 984 1289 ipso
994 1240 1093 1276 forte
1106 1247 1276 1290 tempore
1284 1239 1429 1285 Thoas,

320 1302 494 1352 princeps
516 1304 652 1351 gentis,
674 1315 784 1351 quem
804 1304 986 1339 miserant
1005 1303 1050 1339 ad
1065 1302 1314 1346 Antiochum,
1332 1304 1432 1340 redi-

321 1370 416 1407 erat,
438 1365 598 1414 indeque
623 1366 850 1417 Menippum
873 1380 999 1403 secum
1019 1367 1239 1410 adduxerat,
1260 1368 1357 1417 regis
1377 1367 1432 1404 le·

320 1435 463 1477 gatum.
521 1430 612 1473 Qui,
640 1431 858 1480 priusquam
881 1432 1083 1468 concilium
1109 1433 1153 1467 iis
1181 1431 1347 1475 daretur,
1370 1433 1430 1468 in-

318 1492 514 1541 pleverant
541 1494 711 1530 omnium
740 1506 862 1538 aures,
883 1501 1079 1532 terrestres
1109 1494 1335 1543 navalesque
1365 1508 1429 1532 co-

319 1555 400 1606 pias
421 1558 772 1603 commemorand03
797 1561 972 1606 ingentem
993 1561 1063 1595 vim
1073 1560 1237 1608 peditum
1252 1560 1431 1606 equitum-

321 1633 388 1668 que
411 1623 554 1657 venire:
588 1634 630 1658 ex
666 1623 774 1658 India
806 1623 1035 1672 elephantos:
1069 1629 1152 1660 ante
1185 1625 1304 1659 omnia
1340 1624 1433 1672 (quo

319 1686 482 1721 maxime
503 1687 643 1722 moveri
665 1687 869 1723 credebant
887 1687 1139 1723 multitudinis
1161 1688 1325 1734 animos)
1350 1692 1431 1724 tan·

322 1754 396 1785 tum
418 1751 546 1787 advehi
565 1753 660 1794 auri,
680 1757 720 1787 ut
738 1754 828 1800 ipsos
848 1765 960 1789 emere
978 1754 1160 1789 Romanos
1172 1754 1294 1801 possit.
1351 1753 1431 1789 Ad-

319 1814 492 1864 parebat,
524 1816 612 1863 quid
645 1829 688 1851 ea
715 1817 839 1853 oratio
869 1817 908 1852 in
939 1817 1102 1854 concilio
1131 1824 1282 1853 motura
1307 1823 1428 1853 esset:

321 1889 410 1914 nam
433 1886 470 1914 et
495 1878 641 1914 venisse
667 1892 745 1922 θος,
767 1887 818 1923 et,
839 1893 920 1929 quoe
947 1888 1116 1929 agerent,
1138 1881 1266 1917 onmia
1283 1880 1429 1917 Roma·

321 1941 378 1978 nis
406 1941 540 1991 legatis
568 1944 851 1982 deferebantur:
884 1953 935 1988 et,
964 1959 1190 1995 quamquam
1220 1959 1337 1996 prope
1364 1947 1432 1983 ab-

320 2007 416 2041 scisa
434 2019 491 2041 res
512 2013 606 2050 erat,
628 2015 755 2044 tamen
775 2022 852 2045 non
881 2010 928 2046 ab
949 2023 988 2046 re
1008 2023 1088 2047 esse
1107 2010 1291 2049 Quinctio
1310 2011 1431 2047 visum

321 2076 390 2111 est,
413 2070 602 2107 sociorum
631 2071 775 2120 aliquos
806 2073 950 2121 legatos
980 2075 1162 2110 interesse
1189 2074 1223 2110 ei
1250 2073 1429 2117 concilio,

322 2132 384 2180 qui
406 2133 653 2170 admonerent
673 2134 857 2172 Romanae
878 2138 1069 2173 societatis
1090 2136 1259 2180 AEtolos‚
1277 2138 1339 2186 qui
1359 2150 1428 2173 vo-

321 2208 402 2231 cem
428 2195 584 2233 liberam
616 2199 765 2234 mittere
795 2200 969 2236 adversus
997 2201 1094 2249 regis
1125 2200 1290 2248 legatum
1314 2200 1429 2236 aude-

320 2266 415 2296 rent.
471 2260 722 2298 Athenienses
742 2264 904 2300 maxime
929 2265 968 2300 in
996 2277 1078 2300 eam
1106 2276 1184 2300 rem
1214 2264 1341 2299 idonei
1360 2264 1429 2299 visi

321 2332 421 2366 siun,
458 2332 611 2377 propter
642 2332 678 2361 et
712 2327 874 2364 civitatis
905 2328 1141 2378 dignitatem,
1175 2335 1212 2365 et
1242 2334 1430 2367 vetustam
