1523 2666
23 427 71 460 11.
84 428 120 460 C.
136 436 210 462 544.

26 474 69 505 Δ.
83 473 119 505 C.
134 481 208 506 208.

218 182 274 238 38
677 191 722 220 T.
748 190 882 222 mvn

220 285 351 321 decem
371 296 491 321 annos
510 282 649 326 fuerat,
670 283 808 328 vivere,
830 289 944 334 atque
962 282 1001 320 in
1020 282 1190 320 hostium
1209 289 1340 335 potes·

219 355 301 386 tate
320 362 415 393 esse,
437 350 528 386 satis
549 348 764 386 constabat.

274 414 414 452 XXII.
445 414 658 452 Undecimo
688 426 789 451 anno
819 413 956 451 Punici
982 412 1073 451 belli
1099 412 1343 451 consulatum·

220 479 387 516 inierunt
415 478 473 517 M.
493 477 698 516 Marcellus
729 478 905 528 quintum
928 480 988 527 (ut
1006 484 1226 514 numeretur
1246 490 1340 514 con-

221 544 380 588 sulatus,
401 556 513 594 quern
531 544 627 580 vitio
647 549 794 580 creatus
814 556 891 580 non
914 543 1047 592 gessit)
1070 550 1107 579 et
1126 543 1173 580 T.
1193 543 1343 582 Quinc-

218 609 294 645 tius
316 609 527 659 Crispinus.
584 607 769 657 Utrisque
797 607 1016 644 consulibus
1046 606 1161 644 Italia
1189 607 1343 643 decreta

217 674 417 724 provincia
436 680 507 718 est,
528 679 566 710 et
585 673 660 710 duo
681 671 897 710 consulares
917 673 1053 724 prioris
1077 673 1168 708 anni
1196 672 1342 708 exerci-

217 744 304 776 tus:
336 739 471 776 tertius
500 745 583 776 tum
617 745 697 775 erat
730 738 923 782 Venusiae,
959 738 1019 774 cui
1050 737 1108 773 M.
1134 736 1343 773 Marcellus

186 817 191 819 “
217 803 423 854 praefuerat
441 818 448 840 ε
482 803 536 839 ita
555 809 597 839 ut
616 816 663 839 ex
683 802 802 839 tribus
824 802 1008 850 eligerent
1033 801 1122 844 duo,
1141 813 1236 850 quos
1263 800 1344 838 vel*

217 866 298 903 lent
315 883 326 913 ;
357 868 491 910 tertius
522 867 557 902 ei
585 866 810 909 traderetur,
829 866 888 901 cui
904 865 1115 902 Tarentum
1136 872 1173 901 et
1194 864 1343 902 Sallen-

218 932 289 967 tini
309 932 507 982 provincia
533 933 732 968 evenisset.
791 931 936 966 Ceterae
966 929 1171 980 provinciae
1200 930 1255 966 ita
1283 930 1341 966 di-

218 996 308 1032 visae
327 996 566 1046 praetoribuS.
622 995 666 1032 P.
686 994 840 1031 Licinio
860 994 962 1030 Varo
993 994 1157 1038 urbana,
1172 994 1216 1032 P.
1233 995 1339 1031 Lici-'-

218 1060 285 1097 nio
307 1061 445 1096 Crasso
463 1059 635 1110 pontifici
655 1059 823 1096 maximo
838 1059 1052 1109 peregrina,
1075 1067 1111 1095 et
1132 1072 1208 1108 quo
1228 1072 1341 1096 sena·

218 1132 278 1161 tus
308 1126 542 1162 censuisset:
576 1125 662 1161 Sex.
683 1124 789 1160 Julio
820 1124 961 1160 Caesari
989 1123 1132 1168 Sicilia,
1153 1125 1201 1164 Q.
1221 1124 1339 1161 Clau·

217 1189 280 1226 dio
310 1189 475 1226 Flamini
504 1189 726 1225 Tarentum.
784 1189 1039 1238 Prorogatum
1068 1189 1269 1240 imperium
1297 1190 1341 1226 in

218 1265 360 1290 annum
394 1261 451 1291 est
481 1255 531 1294 Q.
550 1254 685 1290 Fulvio
719 1253 872 1296 Flacco,
911 1260 953 1290 ut
990 1255 1225 1304 provinciam
1261 1254 1336 1291 Ca-

216 1330 346 1368 puam,
381 1332 464 1368 quae
497 1319 543 1356 T.
563 1319 736 1358 Quinctii
769 1320 940 1369 praetoris
973 1318 1112 1363 fuerat,
1147 1332 1233 1356 cum
1261 1333 1340 1357 una

218 1383 369 1432 legione
399 1383 615 1420 obtineret:
648 1391 898 1434 prorogatum
928 1391 966 1420 et
999 1384 1042 1420 C.
1060 1383 1234 1421 Hostilio
1257 1384 1338 1421 Tu·-

217 1447 307 1484 bulo
329 1455 400 1492 est,
419 1454 460 1484 ut
479 1461 548 1499 pro
575 1454 737 1499 praetore
758 1449 796 1484 in
816 1448 1010 1485 Etruriam
1027 1449 1073 1485 ad
1093 1449 1184 1486 duas
1214 1449 1337 1499 legio-

216 1524 282 1548 nes
299 1513 517 1549 succederet
537 1514 581 1551 C.
600 1513 809 1563 Calpurnio
832 1527 839 1548 z
872 1521 1121 1563 prorogatum
1141 1520 1179 1550 et
1196 1514 1244 1551 L.
1261 1514 1338 1552 Ve-

215 1577 317 1613 turio
344 1577 499 1614 Philoni
528 1585 599 1622 est,
620 1585 663 1614 ut
693 1592 763 1629 pro
792 1585 955 1629 praetore
976 1578 1141 1615 Galliam
1165 1579 1336 1617 eamdem

211 1641 450 1692 provinciam
470 1655 555 1679 cum
575 1643 708 1678 iisdem
728 1642 870 1679 duabus
890 1642 1103 1691 legionibus
1131 1642 1338 1688 obtineret,

213 1705 351 1754 quibus
385 1713 527 1756 praetor
558 1706 800 1743 obtinuisset.
858 1707 973 1746 Quod
1009 1708 1048 1744 in
1081 1707 1127 1744 L.
1158 1707 1334 1753 Veturio,

214 1769 313 1806 idem
332 1771 370 1806 in
393 1772 436 1808 C.
457 1772 718 1808 Aurunculeio
745 1772 937 1808 decretum
958 1772 1004 1809 ab
1027 1780 1175 1817 senatu,
1196 1772 1335 1810 latum-

213 1847 286 1884 que
320 1835 366 1871 de
399 1837 642 1887 prorogando
675 1837 835 1887 imperio
870 1838 916 1873 ad
948 1837 1132 1888 populum
1163 1846 1233 1882 est,
1269 1839 1334 1889 qui

212 1906 354 1950 praetor
383 1901 595 1938 Sardiniam
620 1902 855 1951 provinciam
886 1915 971 1939 cum
998 1903 1140 1939 duabus
1171 1903 1333 1953 legioni-

211 1963 282 2001 bus
302 1965 548 2002 obtinuerat:
581 1966 717 2003 additae
746 1967 780 2002 ei
811 1967 856 2002 ad
886 1968 1103 2018 praesidium
1126 1970 1333 2019 provinciae

211 2029 488 2079 quinquaginta
533 2043 662 2073 naves,
698 2043 790 2080 quas
823 2031 866 2067 P.
899 2032 1027 2082 Scipio
1062 2045 1108 2069 ex
1141 2033 1332 2085 Hispania

212 2093 389 2131 misisset.
445 2095 498 2130 Et
518 2095 560 2132 P.
582 2095 766 2146 Scipioni,
789 2102 826 2132 et
844 2096 901 2133 M.
920 2096 1051 2133 Silano
1081 2110 1156 2134 suae
1189 2098 1335 2151 Hispa-

214 2159 302 2201 niae,
323 2159 456 2208 suique
476 2161 662 2196 exercitus
692 2162 732 2197 in
761 2174 903 2198 annum
929 2163 1081 2199 decreti.
1139 2163 1267 2214 Scipio
1288 2178 1334 2203 ex

214 2224 415 2272 octoginta
439 2224 613 2268 navibus,
639 2238 731 2275 quas
752 2234 817 2263 aut
840 2239 966 2263 secum
987 2240 1033 2265 ex
1053 2227 1167 2265 Italia
1192 2229 1334 2268 adduc·

213 2293 271 2324 tas
293 2294 358 2324 aut
378 2296 506 2339 captas
528 2291 770 2341 Karthagine
796 2292 975 2337 habebat,
997 2294 1273 2343 quinquaginta
1292 2295 1333 2332 in

214 2351 427 2391 Sardiniam
443 2356 701 2393 transmittere
707 2355 836 2408 jussus
853 2372 861 2395 :
894 2357 982 2409 quia
995 2356 1099 2396 fama
1114 2364 1209 2405 erat,
1224 2372 1333 2411 mag-
