1523 2666
241 165 298 209 94
698 165 744 194 T.
768 165 903 195 L1V11

46 262 90 294 U.
104 261 141 292 C.
157 254 290 291 545.ab
315 253 480 297 Euboea,
509 252 609 289 unde
641 253 765 303 primo
799 253 846 289 ad
879 264 990 303 opem
1023 250 1215 289 ferendam
1244 254 1356 291 sociis

48 309 88 338 Α·
101 307 137 337 C·
155 311 228 341 ²⁰7·
240 318 432 370 profectus
453 322 547 360 erat,
567 315 730 366 trajecit.
787 316 1031 352 Cassandreae
1056 316 1190 352 deinde
1206 324 1358 354 centum

240 385 393 421 navium
423 383 623 432 longarum
657 383 793 419 carinis
827 383 977 432 positis,
1011 388 1281 432 contractaque
1309 384 1356 420 ad

241 449 417 486 effectum
437 446 516 497 ejus
537 446 923 497 operismultitudine
937 446 1133 483 fabrorum
1151 447 1356 491 navalium,

240 514 331 562 quia
362 524 420 547 res
447 512 487 546 in
520 510 670 546 Graecia
696 510 919 559 tranquillas
948 518 986 547 et
1014 511 1202 561 profectio
1235 510 1358 547 Attali

240 578 396 618 fecerat,
418 576 515 611 etin
535 581 706 624 tempore
734 574 997 611 laborantibus
1027 576 1139 612 sociis
1167 575 1286 611 latum
1310 574 1359 612 ab

194 662 197 666 ·
242 653 282 677 se
302 639 497 682 auxilium,
518 645 620 675 retro
641 639 680 674 in
706 651 865 688 regnum
885 640 1088 683 concessit,
1111 647 1153 675 ut
1167 639 1358 676 Dardanis

241 704 385 742 bellum
404 703 572 740 inferret.

294 767 371 805 IX.
400 767 585 804 Extremo
616 766 756 802 aestatis
790 765 885 816 ejuS‚
920 778 994 814 qua
1024 766 1107 802 haec
1139 766 1178 802 in
1211 766 1362 804 Graecia

241 838 351 881 gesta
379 839 481 875 sunt,
513 843 629 880 quum
657 830 706 869 Q.
726 830 866 866 Fabius
896 829 1059 866 Maximi
1084 829 1181 866 filius
1210 830 1357 879 legatus

242 896 290 933 ab
316 896 373 933 M.
394 896 506 932 Livio
527 894 682 931 consule
708 893 874 930 Romam
904 894 949 930 ad
979 901 1152 930 senatum
1180 896 1359 931 nuncias-

242 967 314 1004 set,
341 959 536 996 consulem
565 960 655 995 satis
688 958 851 1008 praesidii
881 958 1014 994 Galliae
1044 959 1248 1008 provinciae
1278 970 1359 995 cre-

242 1024 331 1060 dere
359 1024 405 1060 L.
434 1023 611 1059 Porcium
641 1034 727 1057 cum
756 1022 831 1057 suis
862 1021 1075 1070 legionibus
1114 1034 1216 1059 esse:
1249 1022 1358 1059 deee-

243 1087 330 1123 dere
349 1100 388 1122 se
409 1087 509 1129 inde,
532 1099 575 1122 ac
594 1085 727 1121 deduci
746 1085 951 1121 exercitum
973 1085 1209 1122 consularem
1224 1098 1356 1136 posse3

242 1152 375 1188 Patres
396 1165 475 1188 non
494 1152 551 1188 M.
571 1151 723 1187 Livium
743 1156 893 1186 tantum
919 1151 1040 1186 redire
1063 1151 1108 1186 ad
1129 1150 1272 1193 urbem,
1294 1150 1359 1186 sed

244 1216 430 1265 collegam
463 1228 612 1265 quoque
641 1214 720 1265 ejus
753 1215 796 1250 C.
825 1214 1026 1250 Claudium
1048 1214 1257 1264 jusserunt.
1314 1213 1359 1249 ld

242 1281 356 1316 modo
376 1282 415 1316 in
438 1281 589 1316 decreto
611 1279 796 1321 interfuit,
818 1279 919 1327 quod
947 1279 1003 1314 M.
1024 1279 1124 1314 Livii
1154 1277 1360 1315 exercitum

241 1345 383 1386 reduci,
414 1344 581 1380 Neronis
612 1343 781 1391 legiones
813 1343 1023 1378 Hannibali
1058 1343 1252 1392 obpositas
1279 1354 1359 1378 ma·

241 1420 331 1443 nere
351 1409 389 1443 in
410 1407 828 1458 provinciajusscrunt.
886 1410 991 1446 Inter
1021 1411 1192 1447 consules
1222 1412 1278 1446 ita
1294 1415 1360 1460 pc‘r

240 1470 368 1506 literas
389 1472 581 1514 convenit,
604 1478 659 1516 ut,
681 1474 996 1520 quemadmodum
1019 1487 1094 1509 uno
1116 1475 1243 1510 animo
1260 1486 1358 1510 rem-

242 1535 432 1584 publicam
463 1536 680 1583 gessissent,
712 1538 778 1579 itu,
801 1551 1027 1586 quamquam
1047 1552 1093 1574 ex
1116 1539 1269 1574 diversis
1299 1551 1358 1574 re-

242 1598 418 1645 gionibus
449 1601 710 1643 convenirent,
747 1614 823 1636 uno
852 1608 1023 1652 tempore
1058 1602 1103 1638 ad
1135 1603 1264 1638 urbem
1295 1615 1358 1638 ac-

241 1663 430 1699 cederent.
482 1664 675 1700 Praeneste
696 1666 759 1714 qui
780 1666 883 1715 prior
902 1667 1080 1709 venisset,
1102 1666 1286 1715 collegam
1305 1666 1359 1703 ibi

241 1728 407 1775 opperiri
437 1726 580 1776 jussus,
638 1728 752 1764 Forte
789 1730 842 1765 ita
877 1731 1015 1772 evenit,
1053 1738 1093 1766 ut
1131 1730 1262 1766 eodem
1300 1730 1359 1767 die

242 1791 355 1826 ambo
374 1790 566 1828 Praeneste
596 1794 768 1829 venirent
787 1809 793 1829 :
828 1794 914 1829 inde
944 1795 1137 1844 praemisso
1157 1794 1295 1838 edicto,
1318 1802 1358 1831 nt

241 1854 367 1889 triduo
388 1862 476 1904 post
494 1854 669 1904 frequens
691 1863 842 1892 senatus
863 1857 909 1892 ad
931 1858 1044 1893 aedem
1062 1857 1231 1894 Bellonae
1252 1858 1362 1894 ades-

242 1924 313 1960 set,
335 1919 438 1954 omni
466 1919 708 1956 multitudine
742 1921 892 1957 obviam
914 1922 1042 1964 effusa,
1071 1922 1115 1957 ad
1139 1921 1266 1957 urbem
1297 1934 1357 1958 ac-

242 1993 398 2018 cessere.
455 1983 547 2019 Non
567 1984 785 2021 salutabant
808 1986 921 2022 modo
942 1986 1106 2021 universi
1126 1986 1358 2030 circumfusi,

241 2046 320 2088 sed,
342 2048 564 2095 contingere
583 2062 652 2099 pro
673 2062 711 2085 se
731 2051 888 2098 quisque
908 2050 1079 2086 victrices
1096 2050 1247 2086 dextras
1267 2063 1358 2086 con-

241 2109 365 2145 sulum
385 2111 593 2160 cupientes,
622 2112 684 2148 alii
706 2113 1008 2161 gratulabantur,
1031 2113 1093 2149 alii
1110 2114 1249 2162 gratias
1271 2127 1358 2163 age-

239 2172 348 2216 bant,
371 2175 471 2224 quod
492 2189 623 2212 eorum
643 2190 759 2228 opera
787 2176 986 2214 incolumis
1013 2177 1226 2227 respublica
1246 2184 1357 2215 esset.

238 2236 285 2273 ln
316 2246 450 2276 senatu
471 2254 585 2290 quum
609 2256 714 2280 more
735 2244 905 2280 omnium
935 2244 1221 2294 imperatorum,
1241 2256 1356 2293 expo-

239 2302 320 2339 aitis
351 2304 464 2342 rebus
500 2306 548 2344 ab
581 2320 621 2345 se
651 2308 783 2357 gestiS,
813 2308 1084 2361 postulassent,
1115 2312 1169 2352 ut,
1205 2320 1274 2356 pro
1301 2319 1357 2349 re·
