1523 2666
114 285 158 315 U.
173 286 210 317 C.
228 293 302 318 555.

116 330 156 361 A.
172 330 207 360 C.
229 336 300 365 197.

311 177 395 233 378
773 188 817 218 Τ.
841 189 975 220 mvn

367 280 458 318 XL.
489 279 551 317 De
566 280 680 330 Argis
701 293 852 331 quoque
871 282 1098 333 disceptatio
1118 281 1165 321 ab
1184 282 1319 321 Attalo
1337 294 1427 335 rege

314 352 372 382 est
390 353 500 382 nata:
533 357 650 395 quum
674 345 804 382 fraude
830 346 1012 383 Philoclis
1033 347 1222 397 proditam
1240 348 1371 386 urbem
1390 349 1429 386 vi

313 409 361 447 ab
392 422 438 446 eo
463 410 585 446 teneri
615 417 815 458 argueret3
848 410 925 454 ille,
947 410 994 446 ab
1022 411 1112 461 ipsis
1139 413 1306 461 Argivis,
1327 419 1370 462 ut
1388 425 1428 449 se

312 474 543 517 defenderet,
582 475 761 512 adcitum.
830 476 1066 512 Concionem
1095 477 1327 526 Argivorum
1362 489 1430 514 rex

311 539 547 590 postulabat,
576 546 619 574 ut
651 539 688 574 id
719 540 806 575 sciri
838 547 979 590 posset.
1034 541 1120 577 Nec
1147 548 1331 591 tyrannus
1361 541 1429 578 ab-

310 616 451 641 nuere:
499 603 578 647 sed,
613 604 781 640 deductis
821 617 867 641 ex
903 605 997 641 urbe
1033 607 1233 656 praesidiis,
1271 606 1430 643 liberam

313 669 556 712 concionem,
577 681 656 704 non
681 669 852 704 inmixtis
876 669 1194 714 Lacedaemoniis‚
1216 671 1428 707 declaratu-

313 744 408 776 ram,
443 734 534 782 quid
566 734 698 784 Argivi
729 734 885 779 vellent,
919 736 1081 786 praeberi
1114 737 1250 773 debere
1280 737 1431 773 dicebat

312 809 392 834 rcX.
448 797 650 847 Tyrannus
670 800 825 848 negavit
845 800 1107 837 deducturum.
1166 800 1262 837 Haec
1286 801 1430 851 discep-

312 862 410 898 tatio
431 863 512 898 sine
532 864 636 899 exitu
655 864 740 901 fuit.
797 864 858 900 De
879 865 1085 914 conloquio
1106 866 1324 910 discessum,
1345 878 1430 902 sex-

313 927 435 963 centis
459 928 703 965 Cretensibus
725 929 772 965 ab
792 937 957 979 tyranno
978 930 1075 966 datis
1103 930 1298 973 Romano,
1319 931 1430 966 indu-

314 992 459 1041 ciisque
486 993 587 1028 inter
612 993 879 1030 Nicostratum
906 1002 1108 1045 praetorem
1133 994 1364 1031 Achoeorum
1393 1002 1432 1032 et

314 1055 695 1095 Lacedaemoniorum
715 1066 919 1108 tyrannum
940 1060 978 1095 iu
999 1066 1166 1107 quatuor
1185 1072 1333 1096 menses
1350 1059 1430 1096 fac-

315 1121 377 1157 tis.
424 1120 519 1158 Inde
535 1122 738 1161 Quinctius
760 1122 990 1158 Corinthum
1011 1128 1067 1158 est
1083 1122 1277 1173 profectus
1296 1139 1303 1159 :
1328 1129 1365 1159 et
1384 1123 1433 1160 ad

315 1192 468 1236 portam
487 1198 572 1221 cum
593 1186 833 1222 Cretensium
858 1186 1017 1222 cohorte
1043 1187 1216 1230 accessit,
1238 1194 1280 1223 ut
1299 1186 1431 1223 Philo-

316 1249 366 1286 cli
388 1250 570 1300 praefecto
596 1251 699 1287 urbis
733 1251 944 1301 adpareret,
975 1257 1179 1300 tyrannum
1203 1264 1226 1287 a
1253 1252 1432 1302 Philippo

318 1314 492 1351 descisse.
549 1314 740 1351 Philocles
760 1322 798 1351 et
822 1315 903 1365 ipse
927 1315 973 1351 ad
998 1316 1268 1365 imperatorem
1285 1314 1433 1352 Roma-

317 1392 411 1417 num
431 1380 472 1416 in
501 1380 747 1430 conloquium
779 1381 902 1417 venit:
934 1380 1196 1429 hortantique,
1223 1387 1265 1416 ut
1290 1387 1434 1416 extem-

319 1444 385 1496 plo
403 1446 597 1489 transiret,
626 1445 836 1496 urbemque
862 1447 1042 1490 traderet,
1070 1446 1125 1482 ita
1152 1445 1362 1495 respondit,
1393 1450 1436 1481 ut

320 1509 511 1562 distuli-sse
536 1523 614 1546 rem
643 1511 780 1559 magis,
804 1523 917 1560 quam
947 1522 1121 1559 negasse,
1141 1509 1341 1545 videretur.
1398 1510 1435 1545 A

321 1573 511 1609 Corintho
537 1574 742 1613 Quinctius
774 1575 1000 1623 Anticyram
1028 1572 1203 1623 trajecit:
1241 1573 1329 1609 inde
1356 1573 1436 1610 fra-

319 1644 418 1674 trem
437 1637 484 1674 ad
502 1639 725 1674 tentandam
745 1639 990 1674 Acarnanum
1015 1644 1168 1686 gentem
1191 1638 1306 1674 misit.
1361 1638 1436 1674 At-

321 1701 419 1738 talus
440 1701 486 1738 ab
506 1702 621 1751 Argis
643 1702 844 1752 Sicyonem
868 1708 926 1738 est
943 1701 1150 1752 profectus.
1206 1700 1268 1737 Ibi
1287 1707 1326 1738 et
1345 1702 1436 1738 civi-

320 1773 379 1803 tas
399 1768 507 1803 novis
527 1767 738 1804 honoribus
758 1774 902 1804 veteres
930 1768 1029 1815 regis
1049 1767 1214 1803 honores
1242 1767 1367 1804 auxit:
1400 1773 1439 1804 et

322 1844 389 1868 rex
424 1832 471 1868 ad
504 1832 555 1876 id,
587 1833 688 1882 quod
724 1845 871 1869 sacrum
906 1832 1097 1882 Apollinis
1136 1844 1267 1881 agrum
1302 1832 1436 1881 grandi

321 1885 512 1946 quondam
545 1898 707 1948 pecunia
735 1898 945 1933 redemerat
968 1898 1045 1943 cis3
1077 1903 1160 1933 tum
1193 1908 1357 1946 quoque,
1387 1908 1437 1932 ne

322 1960 403 1996 sine
423 1959 550 2010 aliqua
572 1961 832 1997 munificentia
851 1962 1061 2010 praeteriret
1080 1961 1272 1996 civitatem
1292 1960 1435 1996 sociam

322 2029 436 2074 atque
465 2026 640 2068 amicam,
672 2025 800 2061 decem
834 2024 978 2060 talenta
1005 2024 1154 2073 argenti
1187 2024 1290 2060 dono
1317 2023 1434 2067 dedit,

322 2097 361 2126 et
398 2091 525 2126 decem
561 2090 679 2127 millia
716 2090 950 2127 medimnum
983 2090 1182 2126 frumenti:
1233 2095 1347 2139 atque
1382 2090 1437 2126 ita

324 2156 538 2193 Cenchreas
559 2158 606 2194 ad
623 2171 737 2194 naves
760 2159 883 2195 rediit.
940 2158 993 2194 Et
1012 2157 1146 2200 Nabis,
1169 2157 1320 2193 firmato
1339 2169 1435 2207 prae-
1486 2192 1487 2196 ,

323 2221 419 2258 sidio
453 2223 581 2272 Argis,
619 2222 933 2260 Lacedaemonem
971 2235 1177 2272 regressus,
1209 2234 1323 2271 quum
1356 2222 1437 2272 ipse

321 2286 421 2323 viros
450 2288 662 2339 spoliasset,
685 2289 730 2325 ad
756 2288 917 2326 feminas
942 2287 1158 2340 spoliandas
1187 2299 1343 2324 uxorem
1361 2287 1436 2322 Ar-
