1507 2656
391 187 547 218 mean
570 184 764 215 xxvnx.
794 184 902 214 cAP.
924 184 1020 214 ιιι.
1205 184 1261 228 99

147 287 202 323 ut,
222 280 287 329 qui
315 279 412 316 cives
433 278 706 315 Cremonenses
736 281 850 325 atque
881 274 1096 312 Placentini
1115 280 1256 318 essent,
1271 277 1313 308 U.
1328 277 1364 308 C.
1380 283 1453 309 546.

146 351 234 380 ante
259 350 401 380 certam
427 343 525 379 diem
556 342 594 377 in
621 339 790 377 colonias
824 345 1124 376 reverterentur:
1155 340 1259 389 prin·
1271 321 1360 352 A‘c'
1376 326 1449 353 ²⁰⁶·

146 408 247 458 cipio
267 407 401 444 deinde
430 406 525 442 veris
549 411 587 441 et
616 405 688 454 ipsi
718 403 765 440 ad
792 402 933 440 bellum
967 403 1129 453 profecti
1159 409 1260 442 sunt.

144 471 193 511 Q.
214 471 387 507 Caeeilius
408 469 540 507 consul
562 469 770 506 exercitum
786 467 834 504 ab
859 468 903 504 C.
924 466 1093 511 Nerone,
1123 467 1170 505 L.
1183 467 1260 504 Ve-

144 536 265 572 tutius
292 535 338 572 ab
364 535 413 574 Q.
435 533 595 570 Claudio
628 539 861 583 propraetore
887 533 1047 582 accepit,
1078 532 1261 581 novisque

143 598 340 642 militibus,
378 611 472 648 quos
510 599 590 648 ipse
626 596 917 647 conscripserat,
957 595 1157 647 supplevit,
1214 595 1261 633 In

143 663 422 699 Consentinum
450 675 583 711 agrum
610 660 782 698 consules
814 661 1021 698 exercitum
1054 661 1259 705 duxerunt,

142 727 356 778 passimque
376 726 610 778 depopulati,
631 738 747 775 quum
766 737 903 774 agmen
916 725 998 776 jam
1019 738 1133 774 grave
1162 737 1260 775 prae-

142 791 190 829 da
216 800 326 835 esset,
358 793 397 828 in
426 791 524 828 saltu
546 797 710 840 angusto
730 804 752 827 a
771 790 932 826 Bruttiis
956 789 1257 840 jaculatoribus-

142 867 215 904 que
237 856 413 893 Numidis
444 855 587 892 turbati
617 862 732 900 sunt;
765 855 818 891 ita
848 862 888 890 ut
917 867 994 890 non
1025 854 1164 904 praeda,
1194 852 1259 890 sed

143 920 278 955 armati
315 932 465 968 quoque
499 920 538 956 in
574 919 742 970 periculo
774 919 941 955 fuerint:
974 917 1096 968 major
1131 925 1260 955 tamen

141 983 340 1026 tumultus,
375 996 487 1033 quam
517 997 645 1034 pugna
678 984 776 1020 fuit:
822 990 860 1019 et
891 983 1084 1033 praemissa
1117 982 1258 1032 praeda,

140 1046 347 1084 incolumes
368 1054 406 1084 et
424 1047 592 1097 legiones
613 1048 652 1084 in
672 1047 755 1084 loca
774 1054 859 1083 tuta
878 1059 1040 1084 evasere.
1098 1045 1193 1083 Inde
1218 1047 1259 1083 in

139 1110 318 1148 Lucanos
347 1112 532 1162 profecti:
564 1125 609 1148 ea
634 1112 715 1148 sine
749 1111 954 1148 certamine
984 1116 1068 1147 tota
1097 1123 1188 1161 gens
1218 1111 1259 1149 in

138 1176 321 1213 ditionem
343 1176 471 1227 populi
492 1176 659 1212 Romani
677 1176 800 1212 rediit.

192 1240 289 1277 XII.
319 1241 416 1276 Cum
448 1239 666 1277 Hannibale
695 1239 791 1275 nihil
825 1252 871 1275 eo
897 1251 999 1275 anno
1025 1239 1079 1275 rei
1109 1244 1258 1287 gestum

138 1310 218 1340 est:
250 1317 339 1340 nam
367 1317 489 1353 neque
517 1305 598 1354 ipse
627 1316 666 1339 se
695 1302 837 1339 obtulit
855 1303 892 1338 in
915 1309 992 1338 tam
1012 1303 1155 1338 recenti
1174 1301 1256 1338 vul-

138 1380 228 1404 nere
247 1368 400 1419 publico
424 1369 658 1419 privatoque,
680 1380 802 1417 neque
821 1366 1068 1403 lacessierunt
1087 1367 1257 1415 quietum

138 1434 329 1472 Romani:
360 1442 508 1472 tantam
536 1435 660 1470 inesse
688 1434 777 1477 vim,
799 1434 869 1470 etsi
894 1434 1022 1469 omnia
1051 1432 1125 1469 alia
1155 1434 1256 1470 circa

138 1512 224 1536 eum
253 1506 417 1543 ruerent,
449 1501 488 1535 in
513 1512 591 1535 uno
620 1498 685 1534 illo
706 1499 798 1535 duce
827 1496 1044 1535 censebant.
1100 1498 1160 1534 Ac
1186 1510 1253 1534 ne·
1266 1495 1455 1545 Lffflsflm·

136 1564 231 1607 scio,
262 1576 310 1599 an
336 1562 544 1599 mirabilior
575 1562 752 1604 adversis,
784 1574 896 1610 quam
924 1561 1096 1598 secundis
1125 1561 1253 1606 rebus,
1265 1540 1392 1571 mbahs.

136 1628 276 1664 fuerit:
309 1630 447 1679 quippe
473 1629 550 1678 qui,
579 1641 693 1678 quum
724 1634 761 1664 et
795 1628 833 1663 in
865 1627 1034 1663 hostium
1060 1634 1162 1663 terra
1187 1641 1254 1678 per

137 1705 257 1728 annos
278 1693 471 1735 tredecim,
492 1700 570 1728 tam
598 1692 731 1742 procul
760 1692 807 1727 ab
829 1692 957 1734 domo,
978 1692 1081 1728 varia
1101 1692 1255 1729 fortuna

135 1755 276 1792 bellum
297 1764 442 1805 gereret
462 1758 628 1793 exercitu
658 1769 736 1793 non
756 1769 825 1792 suo
846 1756 959 1799 civili,
981 1756 1045 1792 sed
1065 1757 1186 1793 mixto
1206 1769 1254 1794 ex

137 1820 362 1857 conluvione
393 1822 562 1857 omnium
582 1822 766 1870 gentium,
792 1820 928 1870 quibus
959 1833 1036 1856 non
1067 1821 1141 1863 lex,
1171 1833 1251 1857 non

135 1896 232 1927 mos,
252 1897 329 1920 non
350 1883 479 1933 lingua
499 1885 732 1930 communis3
766 1884 860 1920 alius
879 1884 1046 1927 habitus,
1074 1883 1148 1920 alia
1166 1896 1250 1920 ves-

133 1948 197 1989 tis,
218 1947 292 1983 alia
321 1960 438 1991 arma,
460 1947 523 1984 alii
553 1949 661 1991 ritus,
692 1947 765 1984 alia
794 1961 914 1990 sacra,
936 1947 998 1984 alii
1027 1960 1146 1998 prope
1174 1947 1251 1985 Dei

134 2019 261 2048 essent
274 2029 284 2057 ;
317 2013 371 2049 ita
394 2014 556 2062 quodam
588 2025 664 2049 uno
683 2012 835 2049 vinculo
856 2011 1087 2062 copulaverit
1107 2026 1186 2055 eos,
1207 2019 1251 2049 ut

131 2075 237 2112 nulla
265 2089 336 2113 nec
369 2078 467 2113 inter
499 2078 615 2127 ipsos,
643 2089 712 2113 nec
743 2077 917 2113 adversus
950 2077 1081 2112 ducem
1111 2077 1249 2114 seditio

134 2141 347 2186 exstiterit3
380 2155 495 2190 quum
515 2148 553 2177 et
571 2142 732 2191 pecunia
751 2154 849 2190 saepe
879 2143 916 2176 in
947 2141 1189 2190 stipendium,
1210 2147 1249 2178 et

134 2212 366 2242 commeatus
394 2207 432 2242 in
462 2207 627 2242 hostium
659 2218 751 2254 agro
771 2206 967 2241 deessent:
1001 2218 1160 2254 quorum
1189 2206 1249 2242 in-

134 2268 224 2318 opia
251 2270 375 2319 priore
403 2270 549 2307 Punico
581 2270 683 2306 bello
715 2270 835 2306 multa
865 2270 1020 2306 infanda
1048 2271 1148 2306 inter
1177 2270 1247 2306 du-

135 2345 194 2369 ces
210 2333 423 2384 militesque
442 2336 641 2373 commissa
659 2335 824 2373 fuerant.
880 2334 975 2372 Post
993 2334 1246 2372 Hasdrubalis

652 2399 684 2436 F
702 2401 725 2437 2
