1507 2656
348 190 503 221 LIBER
527 186 672 217 xxxl.
705 186 811 216 CAP.
835 186 1026 216 XXVIII.
1161 189 1244 233 303

130 280 311 326 rexisset3
344 293 421 317 non
447 278 568 315 tulere
597 276 768 327 inpetum
786 274 1052 312 Rornanorum
1080 276 1244 316 militum
1257 284 1298 315 U.
1311 284 1346 315 C.
1364 293 1438 318 552.

128 346 246 394 regii:
278 344 384 382 multi
419 357 466 380 ex
494 344 539 379 iis
570 341 699 384 occisi,
731 340 855 391 plures
887 340 1000 389 capti.
1056 328 1437 391 Lega.tus,A·C·‘-'00·

126 408 306 445 incolumi
336 408 502 445 exercitu
529 406 686 442 reducto
720 404 767 441 ad
796 403 1004 449 consulem,
1036 407 1244 445 remittitur

124 472 211 508 inde
231 471 420 522 extemplo
440 471 487 508 ad
507 469 677 506 classem.

177 536 374 573 XXVIII.
404 536 491 573 Hac
511 535 602 571 satis
622 534 723 571 felici
743 532 984 584 expeditione
1011 532 1114 571 bello
1134 529 1241 573 coin-

122 600 252 644 misso,
282 600 404 650 reguli
437 613 480 637 ac
510 600 698 651 principes
733 598 873 636 adcolae
904 598 1162 637 Macedonum
1198 602 1240 638 in

122 670 246 701 castra
263 665 443 702 Romana
461 666 632 708 veniunt,
658 663 858 701 Pleuratus
889 664 1104 702 Scerdilaedi
1124 665 1237 711 filius,

121 735 160 764 ct
191 729 436 779 Amynander
472 730 731 766 Athamanum
768 741 848 772 rex,
888 734 927 765 et
963 742 1010 766 ex
1046 729 1238 767 Dardanis

120 791 235 836 Bato,
256 793 427 843 Longari
455 794 565 830 filius.
623 792 773 829 Bellum
802 807 871 830 suo
898 794 1053 830 nomine
1077 794 1236 843 Longa-

120 869 181 892 rus
212 870 297 894 cum
323 858 523 895 Demetrio
543 857 711 908 Philippi
741 864 849 908 patre
879 864 1059 907 gesserat.
1115 858 1236 895 Polli-

120 922 293 958 centibus
326 923 467 959 auxilia
497 924 693 973 respondit
721 923 868 967 consul,
901 923 1168 960 Dardanorum
1198 929 1237 960 et

117 984 286 1022 Pleurati
306 999 434 1037 opera,
456 1000 572 1036 quum
591 987 801 1023 exercitum
822 988 861 1022 in
877 986 1147 1024 Macedoniam
1175 988 1235 1024 in-

118 1049 284 1092 duceret,
306 1062 345 1085 se
364 1063 531 1086 usurum.
587 1050 835 1099 Amynandro
854 1050 1010 1087 AEtolos
1034 1052 1234 1088 concitan-

117 1113 184 1149 dos
205 1113 252 1150 ad
270 1113 411 1150 bellum
432 1113 624 1150 adtribuit.
664 1113 786 1149 Attali
807 1113 942 1162 legatis
966 1116 1071 1162 (nam
1091 1115 1117 1150 ii
1138 1129 1233 1165 quo-

116 1189 187 1226 que
202 1190 269 1228 per
288 1177 325 1213 id
340 1183 488 1228 tempus
509 1177 707 1223 venerant)
730 1177 899 1220 mandat,
921 1184 963 1213 ut
976 1177 1131 1227 AEginae
1151 1191 1232 1222 rex,

115 1240 181 1277 ubi
225 1242 467 1286 hibernabat,
506 1241 663 1278 classem
708 1241 928 1278 Romanam
965 1241 1228 1292 obperiretur:

117 1318 191 1354 qua
206 1305 399 1356 adjuncta,
418 1306 519 1343 bello
540 1307 745 1350 maritimo,
769 1307 867 1343 sicut
886 1312 989 1350 ante,
1008 1307 1230 1357 Philippum

116 1376 279 1418 urgeret.
317 1370 378 1406 Ad
397 1371 571 1406 Rhodios
592 1384 742 1420 quoque
763 1371 865 1406 missi
885 1369 1016 1419 legati,
1038 1377 1080 1406 ut
1099 1384 1230 1421 capes-

116 1434 240 1469 serent
269 1441 415 1484 partem
444 1435 546 1473 belli.
603 1435 686 1472 Nec
716 1435 914 1486 Philippus
944 1436 1096 1485 segnius
1133 1435 1227 1486 (jam
1242 1447 1377 1488 Philippi

114 1498 212 1533 enim
229 1499 267 1533 in
286 1497 555 1535 Macedoniam
575 1501 815 1550 pervenerat)
838 1499 1046 1550 adparabat
1073 1499 1226 1537 bellum.
1240 1492 1420 1531 adparatus.

112 1561 251 1598 Filium
273 1562 424 1606 Persea,
455 1575 612 1613 puerum
642 1563 860 1606 admodum,
891 1563 987 1599 datis
1009 1576 1056 1599 ex
1085 1564 1227 1600 amico-

111 1639 194 1662 rum
221 1640 394 1671 numero,
416 1629 480 1677 qui
510 1634 661 1664 aetatem
680 1627 760 1677 ejus
791 1634 980 1676 regerent,
1005 1640 1090 1664 cum
1120 1635 1227 1678 parte

114 1690 307 1740 copiarum
335 1691 381 1726 ad
401 1691 627 1727 obsidendas
658 1692 866 1739 angustias,
888 1705 970 1740 quae
999 1692 1045 1728 ad
1065 1692 1227 1741 Pelago-

111 1755 214 1790 niam
243 1761 343 1797 sunt,
366 1756 494 1792 mittit.
552 1756 745 1791 Sciathum
771 1761 808 1791 et
835 1755 1103 1806 Peparethum,
1125 1756 1227 1793 haud

111 1818 297 1867 ignobiles
320 1819 443 1862 urbes,
464 1833 512 1856 ne
532 1819 641 1856 classi
660 1820 830 1855 hostium
849 1820 983 1870 preedae
1004 1832 1047 1856 ac
1065 1821 1224 1870 praemio

111 1890 249 1926 ezssent,
271 1883 396 1919 diruit.
452 1884 512 1919 Ad
540 1883 693 1920 sEtolos
724 1885 842 1919 mittit
870 1883 1031 1932 legatos,
1052 1896 1100 1921 ne
1129 1897 1222 1934 gens

109 1947 279 1995 inquieta
299 1947 462 1983 adventu
480 1947 745 1983 Romanorum
765 1947 875 1984 fidem
895 1955 1071 1985 mutaret.

162 2010 319 2048 XXIX
351 2011 565 2047 Concilium
595 2011 816 2047 ,Etolorum
845 2017 988 2047 statuta
1016 2011 1091 2055 die,
1119 2013 1221 2061 quod

108 2075 359 2112 Panaetolium
378 2082 530 2119 vocant,
551 2076 720 2112 futurum
745 2082 838 2112 crat.
895 2076 998 2112 Huic
1021 2082 1062 2112 ut
1081 2077 1219 2113 obcur-

109 2149 247 2182 rerent,
269 2146 306 2174 et
334 2139 448 2187 legati
478 2140 575 2188 regis
606 2140 677 2175 iter
706 2140 979 2183 adcelerarunt,
1001 2145 1039 2175 et
1058 2140 1104 2176 ab
1126 2151 1218 2176 con-

110 2204 188 2240 sule
208 2205 341 2240 missus
360 2203 405 2240 L.
422 2203 553 2240 Furius
572 2204 767 2254 Purpureo
785 2204 931 2253 legatus
954 2205 1067 2240 veuit.
1096 2205 1219 2241 Athe-

108 2269 295 2304 niensium
314 2280 462 2317 quoquc
482 2267 598 2316 legati
618 2268 663 2304 ad
684 2268 721 2304 id
738 2267 940 2304 concilium
957 2267 1218 2306 obcurrerunt.

106 2333 221 2368 Primi
241 2333 486 2375 Macedones,
506 2348 589 2371 cum
611 2334 746 2386 quibus
776 2335 1075 2372 recentissimum
1094 2334 1218 2371 foedus
