1523 2666
123 242 214 275 U.C.
230 248 302 279 547.

125 288 166 318 A.
177 287 214 318 C.
226 293 300 318 205.

310 142 392 182 166
766 154 811 181 r.
838 153 970 182 mvn

322 249 420 287 sent,
451 243 646 291 signaque,
677 255 759 291 quae
789 243 921 292 procul
950 243 1052 279 edita
1080 243 1339 287 observarent,
1360 244 1429 294 ipsi

321 308 368 344 ad
398 308 615 357 Scipionem
645 307 847 356 Syracusas
878 307 1054 356 profecti,
1085 308 1189 357 apud
1207 321 1318 357 quem
1346 314 1455 358 pars'

320 371 493 407 exsulum
526 376 620 413 erat,
652 370 857 406 referentes
885 370 936 406 ibi
967 371 1153 420 promissa
1182 372 1433 421 captivorum,

320 448 436 484 quum
457 447 561 484 spem
581 434 628 470 ab
650 434 785 470 effectu
804 434 905 470 haud
925 434 1193 470 abhorrentem
1214 435 1359 471 consuli
1377 435 1434 471 fe·
1486 455 1488 458 ·

320 499 484 544 cissent;
517 499 662 534 tribuni
691 498 855 534 militum
883 511 969 534 011111
997 499 1043 534 iis
1072 498 1130 535 M.
1152 500 1304 548 Sergius
1335 506 1373 535 et
1392 499 1436 537 P.

321 562 515 599 Elatienus
537 563 654 605 missi,
669 561 844 611 jussique
864 562 910 598 ab
930 562 1083 611 Rhegio
1103 564 1178 600 tria
1199 563 1319 608 millia
1337 563 1437 599 mili·

321 634 404 662 tum
442 627 588 663 Locros
618 626 776 663 ducere:
827 634 864 663 et
901 628 951 666 Q.
988 627 1176 664 Pleminio
1213 628 1440 678 propraetori

322 692 519 741 scriptum,
538 697 579 727 ut
598 692 652 727 rei
672 691 828 739 agendae
849 691 1009 729 adesset.
1066 692 1234 728 Profecti
1261 692 1308 728 ab
1331 691 1438 728 Rhe-

325 758 403 805 gio‚
437 756 556 793 scalas
591 756 638 792 ad
668 757 808 792 editam
838 757 1079 793 altitudinem
1109 756 1205 792 arcis
1234 755 1439 792 fabricatas

324 828 537 872 portantes,
558 822 682 858 media
700 821 818 857 ferme
838 827 952 857 nocte
979 834 1022 857 ex
1045 833 1090 857 eo
1109 820 1210 864 loco,
1231 820 1329 856 unde
1348 833 1440 856 con-

325 892 494 928 venerat,
516 886 666 934 signum
696 885 831 921 dedere
860 885 1117 936 proditoribus
1138 885 1257 921 arcis:
1291 885 1355 934 qui
1373 897 1441 935 pa-

326 949 399 985 rati
429 950 656 997 intentique,
687 955 723 985 et
757 950 829 999 ipsi
864 949 982 986 scalas
1020 949 1066 985 ad
1099 949 1138 984 id
1168 949 1292 998 ipsum
1320 948 1441 984 factas

327 1025 443 1061 quum
463 1013 712 1055 demisissent,
734 1012 980 1062 pluribusque
1009 1012 1122 1048 simul
1143 1012 1236 1048 locis
1258 1012 1445 1048 scanden-

326 1082 383 1112 tes
400 1077 648 1126 accepissent,
665 1077 882 1126 priusquam
900 1077 1042 1113 clamor
1059 1078 1235 1119 oriretur,
1252 1077 1291 1112 in
1309 1076 1440 1124 vigiles

328 1142 551 1185 Poenorum,
573 1150 614 1178 ut
634 1143 672 1178 in
692 1142 797 1179 nullo
817 1143 884 1179 tali
901 1149 1018 1186 metu,
1040 1143 1185 1192 sopitos
1212 1143 1361 1192 inpetus
1388 1148 1445 1178 est

328 1206 472 1243 factus:
506 1220 667 1255 quorum
695 1208 856 1255 gemitus
887 1208 1009 1257 primo
1030 1208 1271 1243 morientium
1292 1207 1447 1242 exaudi-

329 1277 390 1307 tus
406 1287 415 1316 3
449 1272 583 1307 deinde
603 1271 730 1308 subita
749 1272 1009 1307 consternatio
1030 1284 1075 1307 ex
1092 1283 1227 1306 somno
1248 1277 1286 1306 et
1304 1270 1445 1306 tumul·

331 1341 392 1370 tus
414 1348 528 1384 quum
550 1348 682 1371 caussa
701 1336 965 1382 ignoraretur3
998 1341 1192 1384 postremo
1213 1336 1352 1371 certior
1371 1347 1444 1378 res,

333 1400 415 1437 aliis
436 1401 690 1437 excitantibus
705 1401 819 1446 alios;
845 1400 1003 1450 jamque
1019 1402 1067 1437 ad
1086 1413 1188 1436 arma
1204 1413 1273 1450 pro
1289 1413 1328 1436 se
1344 1401 1447 1449 quis-

334 1477 406 1512 que
426 1464 610 1500 vocabat:
644 1465 757 1500 hostes
777 1466 810 1499 in
831 1477 913 1500 arce
932 1477 1014 1506 esse,
1035 1470 1070 1500 et
1095 1465 1182 1500 ccccli
1200 1465 1324 1511 vigiles
1337 1480 1348 1499 .·
1377 1463 1448 1499 ob—

333 1529 526 1577 pressique
546 1527 671 1564 forent
689 1528 870 1570 Romani,
887 1540 1125 1576 nequaquam
1146 1540 1304 1562 numero
1321 1539 1445 1576 pares,

333 1592 373 1628 ni
395 1591 550 1635 clamor,
572 1592 619 1627 ab
650 1593 708 1634 iis,
730 1593 792 1640 qui
824 1598 931 1627 extra
957 1604 1080 1627 arcem
1112 1600 1234 1633 erant,
1260 1591 1445 1634 sublatus,

333 1656 535 1699 incertum,
555 1656 654 1692 unde
670 1657 881 1699 accidisset,
903 1657 1050 1702 (omnia
1066 1669 1162 1691 vana
1178 1662 1339 1704 augente
1355 1668 1448 1691 noc·

334 1731 448 1757 turno
478 1720 661 1767 tumultu)
697 1721 860 1757 fecisset.
925 1721 1059 1769 Itaque
1093 1720 1196 1756 velut
1228 1720 1340 1770 plena
1364 1718 1448 1769 jam

332 1785 502 1820 hostium
516 1797 601 1820 arce
621 1785 742 1820 territi
756 1784 881 1827 Poeni,
903 1786 1044 1820 omisso
1065 1785 1285 1827 certamine,
1300 1785 1337 1818 in
1354 1783 1447 1819 alte-

333 1861 414 1884 ram
430 1861 554 1884 arcein
574 1849 673 1896 (duae
687 1856 775 1884 sunt
791 1849 891 1884 haud
906 1849 1064 1884 multum
1079 1850 1177 1884 inter
1190 1861 1227 1884 se
1245 1849 1445 1895 distantes)

335 1913 574 1961 confugiunt.
632 1912 823 1962 Oppidani
852 1914 983 1949 urbem
1009 1913 1215 1955 habebant,
1242 1913 1449 1948 victoribus

336 1978 533 2027 praemium
563 1977 599 2011 in
630 1977 756 2012 medio
787 1978 962 2026 posit-ain.
1027 1977 1088 2012 Ex
1121 1976 1268 2012 arcibus
1305 1976 1448 2012 duabus

336 2041 480 2091 proeliis
511 2041 679 2089 quotidie
707 2041 851 2076 levibus
879 2041 1106 2078 certabatur.
1164 2041 1212 2079 Q.
1241 2040 1448 2076 Pleminius

336 2105 531 2148 Romano,
546 2104 742 2140 Hamilcar
759 2105 903 2140 Punico
925 2105 1099 2154 praesidio
1120 2112 1300 2154 praeerat:
1324 2116 1447 2140 arces-

339 2175 462 2205 sentes
484 2183 530 2206 ex
549 2170 771 2220 propinquis
792 2169 884 2205 locis
906 2170 1073 2205 subsidia
1093 2170 1222 2219 copias
1245 2169 1449 2217 augebant.

337 2232 425 2285 Ipse
444 2239 638 2284 postremo
656 2233 830 2270 veniebat
846 2233 1064 2270 Hannibal:
1098 2246 1166 2270 nec
1184 2233 1451 2269 sustinuissent
