1507 2656
319 172 471 200 LIBER
495 170 686 198 xxv111.
720 169 826 197 CAP.
850 169 923 199 v1.
1124 158 1175 213 89

59 266 195 297 -mento
211 261 393 311 temporis
421 260 618 308 acciperet.
673 257 871 295 Romanus
900 258 1107 308 imperator
1135 266 1173 295 et
1185 262 1276 292 U.C.
1295 269 1368 294 ³45.

8 359 9 364 ,
64 324 218 359 ‘Attalus
248 336 314 359 rex
340 336 362 359 a
381 322 593 372 Peparetho
612 321 783 357 Nicaeam
801 320 1054 370 trajecerunt:
1086 322 1173 358 inde
1185 306 1224 335 A·
1239 305 1276 335 C·
1294 311 1367 340 ‘²⁰7'

69 387 225 423 classem
242 388 279 423 in
300 387 486 423 Euboeam
507 385 554 421 ad
575 385 703 421 urbem
724 385 867 421 Oreum
884 386 1172 422 transmittunt:

59 461 150 499 ‘quae
171 451 217 487 ab
237 451 479 486 Demetriaco
499 451 583 485 sinu
604 449 822 485 Chalcidem
842 455 880 485 et
898 449 1084 499 Euripum
1109 463 1175 501 pe·-

59 516 161 550 -tenti
193 515 240 550 ad
265 514 396 550 laevam
428 514 550 564 prima
579 513 729 548 urbium
759 512 918 549 Euboeae
949 514 1074 563 posita
1106 520 1175 550 est.

68 577 129 613 Ita
158 579 256 614 inter
281 578 452 614 Attalum
486 591 529 614 ac
564 577 771 627 Sulpicium
797 578 988 621 convenit,
1019 584 1061 613 ut
1091 577 1175 614 Ro-

67 642 166 677 mani
185 655 205 678 a
226 643 333 685 mari,
351 643 444 691 regii
464 656 485 678 a
503 648 604 678 terra
622 641 899 691 obpugnarent.

120 705 188 742 VI.
222 707 436 745 Quatriduo
470 712 569 756 post,
605 718 717 754 quam
754 704 911 754 adpulsa
944 704 1071 741 classis
1102 711 1171 748 est,
1187 717 1308 746 Oreum
1326 725 1377 747 ca,

0 811 3 828 k
67 769 197 805 urbem
227 770 390 818 adgressi
421 776 530 805 sunt:
562 769 600 805 id
628 775 776 818 tempus
797 767 954 804 occultis
982 782 1066 805 cum
1085 769 1172 805 Pla-
1186 759 1361 833 ffissssiRo·

1 830 4 836 '
59 839 162 875 tore,
190 835 253 882 qui
283 847 306 869 a
334 833 512 883 Philippo
542 833 765 883 praepositus
799 832 883 868 urbi
912 839 1006 876 erat,
1041 832 1174 869 conlo-

58 896 160 944 ‘quiis
182 895 396 931 absumtum
416 903 484 932 est.
541 896 648 931 Duas
669 907 771 931 arces
792 895 880 931 urbs
910 894 1038 938 habet,
1059 908 1175 933 unam

62 959 312 995 inminentem
341 961 450 1003 mari,
471 959 589 996 altera
608 959 712 994 urbis
742 959 866 995 media
885 965 964 995 est:
997 960 1174 997 cuniculo

58 1023 150 1058 inde
169 1023 229 1058 via
248 1024 295 1059 ad
314 1036 415 1060 mare
445 1024 562 1065 ducit,
583 1036 695 1072 quam
714 1035 737 1058 a
755 1023 849 1058 mari
877 1023 989 1059 turris
1009 1025 1174 1073 quinque

61 1086 335 1131 tabulatorum,
363 1089 556 1137 egregium
586 1085 927 1137 propugnaculum,
958 1087 1172 1126 claudebat.

59 1149 123 1186 'Ibi
147 1152 268 1200 primo
299 1153 576 1188 atrocissimum
606 1158 844 1187 contractum
877 1158 934 1187 est
967 1157 1172 1196 certamen,

62 1219 100 1249 et
120 1221 221 1251 turre
242 1216 425 1253 instructa
445 1218 547 1254 omni
569 1230 706 1266 genere
724 1216 901 1259 telorum,
918 1223 956 1252 et
975 1218 1173 1253 tormentis

61 1278 321 1328 machinisque
349 1281 397 1316 ad
419 1281 714 1330 obpugnandam
743 1293 825 1316 eam
855 1293 902 1317 ex
929 1280 1088 1316 navibus
1108 1293 1173 1317 ex-

62 1342 208 1391 positis.
265 1343 392 1381 Quum
413 1344 582 1379 omnium
602 1343 748 1379 animos
769 1342 975 1391 oculosque
995 1343 1032 1378 id
1053 1349 1175 1379 certa-

58 1415 149 1440 men
168 1406 378 1449 avertisset,
399 1414 510 1456 porta
529 1407 726 1442 maritimae
757 1406 851 1441 arcis
878 1405 1010 1441 Plator
1028 1406 1174 1443 Roma-

60 1480 130 1503 nos
151 1470 310 1518 accepit,
341 1478 611 1519 momentoque
629 1483 695 1505 arx
718 1476 903 1519 occupata
926 1476 995 1507 est.
1052 1470 1175 1521 Oppi-

60 1532 162 1575 dani,
184 1533 281 1582 pulsi
300 1534 387 1569 inde
415 1535 453 1569 in
484 1535 644 1570 mediam
674 1534 819 1576 urbem,
840 1534 886 1569 ad
915 1533 1071 1570 alteram
1091 1541 1174 1570 ten-

61 1595 148 1631 dere
177 1608 313 1632 arcem.
370 1597 422 1632 Et
450 1597 502 1633 ibi
529 1598 644 1646 positi
670 1603 790 1640 erant,
824 1598 886 1646 qui
920 1597 1020 1633 fores
1055 1604 1175 1647 portae

62 1658 296 1708 objicerent:
330 1661 384 1696 ita
413 1661 553 1696 exclusi
582 1662 621 1695 in
651 1661 775 1696 medio
796 1661 990 1696 caeduntur
1019 1662 1176 1710 capiun-

62 1729 210 1771 turque.
265 1723 518 1760 :Macedonum
550 1725 763 1774 praesidium
796 1725 1068 1772 conglobatum
1106 1725 1175 1761 sub

62 1787 157 1822 arcis
187 1799 295 1822 muro
316 1789 446 1833 stetit3
479 1801 548 1824 nec
576 1789 665 1837 fuga
693 1789 806 1824 effuse
834 1790 968 1838 petita,
988 1801 1059 1824 nec
1089 1801 1175 1838 per-

63 1851 238 1887 tinaciter
256 1853 392 1902 proelio
413 1854 520 1890 inito.
576 1854 654 1889 Eos
673 1854 817 1896 Plator,
835 1855 944 1890 venia
964 1867 986 1890 a
1006 1854 1175 1903 Sulpicio

62 1915 263 1965 inpetrata,
286 1917 323 1952 in
344 1930 456 1953 naves
487 1919 672 1967 inpositos
693 1918 739 1953 ad
755 1918 992 1953 Demetrium
1012 1918 1175 1954 Phthio-

62 1979 147 2014 tidis
178 1981 375 2028 exposuitz
408 1982 488 2030 ipse
520 1981 567 2016 ad
599 1981 770 2016 Attalum
809 1994 847 2016 se
876 1982 1030 2030 recepit.
1089 1980 1174 2016 Sul-

61 2043 195 2092 piciuS,
212 2050 289 2079 tam
309 2043 411 2080 facili
431 2045 477 2080 ad
497 2046 640 2081 Oreum
671 2057 844 2081 successu
863 2045 998 2087 elatus,
1021 2044 1172 2080 Chalci-
1185 2052 1373 2085 Chalcidem

62 2106 145 2141 dem
167 2106 252 2142 inde
279 2109 450 2156 protinus
483 2109 624 2144 victi-ici
656 2108 772 2143 classe
802 2109 921 2157 petit:
954 2108 1019 2143 nbi
1052 2108 1170 2142 haud·
1184 2097 1380 2169 {Zsslstsfateffi

62 2182 248 2218 quaquam
277 2171 324 2206 ad
352 2183 454 2220 spem
489 2179 642 2207 eventus
673 2173 879 2221 respondit.
936 2171 996 2207 Ex
1026 2172 1172 2219 patenti
1255 2161 1264 2171 ’

63 2234 249 2282 utrimque
280 2242 450 2270 coactum
484 2236 520 2270 in
551 2237 742 2284 angustias
774 2248 890 2278 mare,
920 2235 1082 2285 speciem
1113 2235 1171 2270 in-

63 2297 182 2332 tuenti
208 2298 329 2347 primo
359 2299 498 2347 gemIni
528 2305 659 2350 portus
689 2300 728 2336 in
758 2311 825 2336 ora
853 2299 927 2336 duo
949 2298 1044 2335 versi
1075 2310 1171 2349 proes·
