1507 2656
298 204 454 233 LIBER
473 200 664 230 XXXIII.
696 198 802 227 CAP.
825 198 982 226 XXIII.
1111 195 1195 241 405

85 291 244 329 habendo
274 293 432 329 dubitari
455 292 576 339 possit.
635 289 717 324 Non
745 293 864 323 tamen
893 299 956 322 nec
988 288 1105 329 illum,
1137 300 1197 323 nec
1210 298 1251 329 U.
1266 299 1303 329 C.
1319 307 1392 332 ⁵55.

84 369 295 405 quemquam
325 358 439 392 aliam
472 357 582 390 civem
612 357 750 389 tantum
785 354 909 399 gratia
939 357 1047 399 atque
1075 353 1198 400 opibus
1210 345 1248 372 A.
1263 343 1299 374 C·
1320 350 1392 380 197·

86 422 250 464 valuisse,
270 426 322 462 ut,
344 432 452 469 qurum
476 419 615 454 sibimet
635 417 853 464 triumphum
883 419 1103 464 inpetrasset,
1124 418 1198 453 col-

85 485 171 532 legae
195 487 352 521 eumdem
383 485 548 519 honorem
577 483 789 530 inpudenter
813 483 951 529 petenti
980 482 1094 517 daret.
1154 483 1197 523 Q.

85 547 288 584 Minucium
315 550 350 583 ἰιι
370 547 562 595 Liguribus
588 547 680 582 levia
699 547 841 594 puelia,
868 547 926 581 rix
951 546 1061 593 digna
1085 547 1197 589 dicta,

72 610 229 660 fecisse:
258 615 295 648 in
316 613 440 648 Gallia
461 624 629 660 magnum
648 623 833 647 numerum
853 612 1009 646 militum
1030 613 1198 650 amisisse.

83 677 348 714 Nomiuabant
369 679 483 714 etiam
504 678 677 714 tribunos
702 676 865 712 militum
892 675 937 711 T.
958 675 1196 720 Juventium,

85 748 123 777 et
153 742 195 779 C.
216 742 438 778 Labeonem
472 741 551 792 ejus
586 742 756 784 fratrem,
788 740 851 789 qui
885 740 1039 776 adversa
1070 754 1198 790 pugna

84 818 169 841 cum
189 807 316 842 multis
337 807 419 843 aliis
439 807 526 842 viris
548 806 726 849 fortibus,
745 805 888 842 civibus
917 817 960 840 ac
986 806 1113 849 sociis,
1135 819 1197 842 ce-

83 869 273 907 cidissent.
333 872 556 919 Oppidorum
571 883 770 919 paucorum
787 882 828 905 ac
842 871 997 905 vicorum
1008 869 1145 918 falsas,
1163 876 1198 907 et

82 934 118 969 in
140 939 276 982 tempus
292 937 399 972 simul
414 941 492 978 tas,
513 937 588 972 sine
606 937 682 971 ullo
698 937 848 983 pignore
864 935 1059 971 deditiones
1067 935 1198 983 factus

82 1009 163 1032 esse.
220 997 294 1033 Hae
323 999 422 1034 inter
448 999 621 1035 consules
652 998 902 1047 tribunosque
928 998 1194 1035 altercationes

81 1060 237 1097 biduum
270 1068 489 1106 tenuerunt,
522 1064 685 1112 victique
714 1064 995 1113 perseverantia
1021 1063 1194 1100 tribuno-

81 1138 165 1162 rum
185 1126 356 1163 consules
378 1128 581 1180 separatim
601 1127 824 1163 retulerunt.

134 1190 296 1227 XXIII.
328 1192 370 1228 C.
393 1192 572 1228 Cornelio
604 1193 775 1228 omnium
805 1204 992 1228 consensu
1021 1192 1194 1229 decretus

80 1255 316 1305 triumphus:
350 1262 387 1291 et
420 1255 633 1292 Placentini
661 1256 1010 1305 Cremonensesque
1041 1256 1194 1293 addide-

82 1325 170 1354 runt
196 1319 364 1357 favorem
403 1320 563 1364 consuli,
596 1321 736 1368 gratias
772 1328 926 1368 agentes
961 1334 1195 1357 commemo-

80 1390 295 1433 rantesque,
316 1385 515 1421 obsidione
535 1398 573 1420 se
594 1398 674 1421 esse
694 1385 740 1420 ab
758 1398 802 1421 eo
819 1385 999 1421 liberatos
1016 1400 1023 1420 ι
1047 1386 1192 1435 pleros-

80 1460 151 1495 que
171 1449 300 1492 etiam,
321 1463 437 1498 quum
469 1450 569 1499 apud
599 1450 728 1485 hostes
756 1457 894 1492 essent,
923 1451 1103 1486 servitute
1127 1463 1192 1487 ex-

80 1517 221 1560 ceptos.
289 1513 338 1551 Q.
374 1513 583 1556 Minucius,
620 1519 768 1549 tentata
805 1520 955 1548 tantum
992 1513 1191 1558 relatione,

80 1588 195 1624 quum
221 1577 416 1613 adversum
443 1591 596 1614 omnem
625 1584 798 1614 senatum
819 1578 976 1621 videret,
998 1578 1036 1613 in
1063 1586 1193 1615 monte

81 1639 233 1677 Albano
259 1654 298 1678 se
323 1634 658 1693 triumphaturum,
681 1642 819 1693 etjure
839 1643 987 1692 imperii
1016 1643 1192 1679 consula-

80 1705 144 1747 ris,
167 1713 204 1741 et
227 1706 433 1743 multorum
465 1707 652 1743 clarorum
679 1708 843 1743 virorum
874 1706 1062 1755 exempIO,
1083 1707 1192 1745 dixit.

82 1769 124 1804 C.
147 1769 346 1807 Cornelius
367 1772 409 1807 de
430 1771 653 1808 Insubribus
673 1771 977 1818 Cenomanisque
995 1772 1031 1806 in
1054 1772 1191 1820 magis·
1207 1777 1374 1826 §omelias

79 1838 181 1869 tratu
201 1835 467 1886 triumphavit:
501 1836 619 1872 multa
637 1837 744 1884 signa
760 1835 939 1871 militaria
955 1835 1056 1877 tulit,
1075 1831 1239 1881 multam
1257 1821 1347 1859 urbe'

81 1895 228 1933 Gallica
259 1899 380 1948 spolia
407 1900 564 1950 captivis
597 1900 785 1949 carpentis
818 1901 1050 1935 transvexit:
1084 1899 1194 1936 multi

79 1960 225 1997 nobiles
246 1961 346 1998 Galli
367 1970 454 1999 ante
475 1977 625 1999 currum
645 1964 828 2009 traducti3
862 1965 960 2000 inter
980 1976 1089 2012 quos,
1111 1966 1195 2013 qui-

80 2024 179 2067 dam,
201 2025 459 2062 Hamilcarem
481 2028 613 2064 ducem
635 2028 842 2063 Poenorum
867 2027 997 2070 fuisse,
1020 2034 1193 2063 auctores

81 2095 181 2124 sunt.
220 2090 397 2126 Ceterum
418 2092 538 2139 magis
560 2092 598 2127 in
619 2104 657 2127 se
678 2093 865 2128 convertit
885 2091 1014 2127 oculos
1037 2092 1193 2128 Cremo-

82 2153 255 2189 nensium
285 2154 670 2204 Placentinorumque
691 2155 916 2192 colonorum
936 2156 1049 2191 turba
1076 2156 1192 2205 pilea·

80 2221 221 2260 torum,
242 2230 391 2254 currum
412 2220 662 2267 sequentium.
719 2219 826 2255 Tulit
848 2220 885 2255 in
910 2220 1104 2269 triumpho
1125 2220 1193 2256 du-

82 2288 194 2316 centa
221 2282 378 2331 triginta
411 2290 554 2332 septem
585 2284 716 2327 millia,
752 2285 981 2333 quingentos
1010 2286 1106 2327 aeris,
1135 2298 1194 2320 ar-

81 2346 184 2393 genti
202 2345 319 2396 bigati
341 2349 584 2398 septuaginta
605 2361 740 2386 novem
765 2349 905 2386 millia:
939 2356 1194 2400 septuagenos
