1523 2666
351 166 429 220 138
796 176 841 205 T.
869 176 1003 205 mvn

151 265 193 297 U·
207 265 244 296 C·
259 271 331 302 547.
347 268 499 305 Crasso.
556 266 656 302 Tum
685 266 871 317 praetoriae
900 267 1105 317 provinciae
1135 267 1174 302 in
1205 273 1344 304 sortem
1369 281 1459 305 con—

149 310 189 341 A'
204 309 240 341 C*
258 316 479 382 ²⁰⁵'jectaez
513 330 658 368 urbana
680 331 750 367 Cn.
773 331 931 367 Servilio
961 331 1116 380 obtigit,
1146 332 1362 368 Ariminum
1391 333 1463 380 (ita

346 397 511 434 Galliam
535 395 794 446 adpellabant)
818 396 881 445 Sp.
898 395 1095 439 Lucretio,
1117 395 1246 432 Sicilia
1273 395 1320 432 L.
1334 395 1460 431 AEmi-

343 462 411 505 lio,
434 461 504 498 Cn.
523 460 686 496 Octavio
708 460 893 496 Sardinia.
939 460 1100 496 Senatus
1121 460 1159 495 in
1181 459 1374 509 Capitolio
1392 459 1462 495 ha-

343 525 469 562 bitus:
502 525 571 569 ibi,
595 524 783 560 referente
809 523 852 560 P.
869 524 1062 574 Scipione,
1089 523 1462 560 senatusconsultum

343 591 488 628 factum
508 596 579 634 est,
603 596 656 632 ut,
678 601 772 638 quos
800 588 909 624 ludos
938 589 1038 624 inter
1067 588 1292 623 seditionem
1320 586 1462 623 milita-

343 668 424 693 rem
443 656 481 691 iu
503 655 695 704 Hispania
712 653 893 696 vovisset,
915 666 961 689 ex
981 665 1024 688 ea
1043 653 1219 703 pecunia,
1240 664 1353 701 quam
1382 652 1462 702 ipse

343 720 384 756 in
405 720 575 756 aerarium
596 718 807 761 detulisset,
827 717 983 754 faceret.

146 786 280 827 Legato·
397 783 600 820 XXXIX.
629 783 729 820 Tum
761 782 1063 830 Saguntinorum
1095 779 1244 828 legatos
1277 779 1317 814 in
1350 790 1461 815 sena-

144 833 297 913 }ffi‘l‘tiiz‘-
342 854 426 885 tum
445 848 671 885 introduxit.
726 847 789 884 Ex
813 846 865 882 eis
895 846 1083 882 maximus
1111 848 1229 879 natu:
1262 843 1345 879 Etsi
1371 842 1464 880 nihil

145 927 219 947 mm
234 919 266 948 in
280 928 329 949 se-
343 915 443 950 ultra
461 915 638 950 malorum
659 917 723 956 est,
745 912 876 948 Patres
895 911 1097 959 conscripti,
1119 921 1226 957 quam
1245 909 1340 956 quod
1363 908 1466 956 passi

144 967 222 991 ”atu
239 971 308 993 ⁰¹³·
339 988 474 1020 sumus,
491 981 532 1012 ut
550 977 599 1012 ad
618 976 788 1011 ultimum
795 976 912 1024 fidem
929 974 1025 1010 vobis
1037 976 1289 1021 praestaremus
1299 987 1313 1015 ,-
1344 976 1465 1008 tamen

143 1010 199 1036 no·
337 1055 381 1079 ea
399 1047 518 1078 vestra
546 1042 689 1083 merita,
712 1042 1039 1088 imperatorumque
1065 1043 1263 1075 vestrorum
1284 1048 1371 1085 erga
1397 1048 1465 1074 nos

327 1107 502 1157 fuerunt,
523 1111 565 1142 ‘ut
582 1118 647 1142 nos
665 1106 824 1141 cladium
844 1110 1044 1141 nostrarum
1067 1116 1137 1140 non
1154 1104 1337 1152 poeniteat.
1371 1102 1461 1139 Bel-

338 1172 413 1207 lum
434 1176 586 1219 propter
614 1182 679 1206 nos
710 1171 933 1218 suscepistis:
961 1173 1164 1217 susceptum
1193 1167 1461 1215 quartumdeci-

334 1248 436 1272 mum
455 1248 590 1271 annum
610 1240 684 1271 tam
704 1236 940 1283 pertinaciter
965 1235 1103 1281 geritis,
1125 1237 1167 1268 ut
1192 1243 1285 1280 sape
1303 1231 1353 1267 ad
1371 1231 1461 1268 ulti-

334 1311 436 1336 ‘mum
455 1301 645 1336 discrimen
661 1304 696 1335 et
714 1301 783 1347 ipsi
802 1300 980 1341 veneritis,
1001 1303 1036 1334 et
1060 1298 1237 1345 populum
1256 1296 1463 1343 Karthagi-

333 1365 491 1400 niensem
520 1366 753 1400 adduxeritis.
814 1364 934 1404 Quum
962 1365 1000 1398 in
1018 1363 1133 1398 Italia
1152 1366 1228 1397 tam
1253 1365 1360 1397 atrox
1388 1360 1462 1397 bel-

335 1428 412 1465 lum
444 1434 479 1465 et
507 1429 753 1465 Hannibalem
783 1428 918 1464 hostem
950 1427 1138 1470 haberetis,
1169 1427 1350 1462 consulem
1381 1437 1463 1463 cum

332 1494 490 1529 exercitu
517 1495 556 1529 in
574 1495 809 1542 Hispaniam,
830 1493 930 1529 velut
958 1494 1007 1528 ad
1032 1492 1263 1539 conligendas
1289 1491 1464 1539 reliquias

332 1557 524 1606 naufragii
551 1559 676 1600 nostri,
707 1558 862 1593 misistis.
921 1557 967 1593 P.
988 1562 1023 1593 et
1044 1557 1108 1593 Cn.
1132 1556 1302 1598 Cornelii,
1324 1567 1366 1591 ex
1391 1566 1462 1603 quo

333 1622 372 1657 in
387 1623 612 1669 provinciam
631 1626 820 1664 venerunt,
841 1622 942 1657 nullo
963 1626 1119 1670 tempore
1138 1622 1364 1663 destiterunt,
1383 1631 1462 1667 quae

331 1686 432 1721 nobis
449 1687 618 1728 secunda,
641 1697 786 1733 quaeque
812 1687 962 1722 adversa
991 1686 1147 1721 hostibus
1174 1686 1304 1721 nostris
1332 1688 1459 1727 essent,

322 1749 468 1799 facere.
524 1750 614 1786 Jam
647 1751 807 1785 omnium
838 1753 997 1797 primum
1030 1751 1204 1798 oppidum
1228 1749 1328 1785 nobis
1355 1749 1461 1784 resti-

335 1819 505 1850 tuerunt:
532 1826 599 1861 per
625 1827 763 1850 omnem
782 1815 1001 1862 Hispaniam
1030 1816 1120 1850 cives
1147 1819 1286 1850 nostros
1312 1825 1461 1849 venum-

334 1879 452 1921 datos,
476 1880 643 1920 dimissis,
665 1880 727 1926 qui
747 1881 1007 1926 conquirerent,
1029 1891 1071 1914 ex
1088 1880 1258 1914 servitute
1286 1879 1324 1913 in
1355 1877 1460 1913 liber·

336 1947 447 1979 tatem
468 1945 714 1978 restituerunt.
775 1943 893 1982 Quum
905 1941 985 1988 jam
1003 1955 1118 1990 prope
1137 1947 1237 1984 esset,
1257 1946 1300 1977 ut
1318 1941 1458 1989 optabi-

335 2007 405 2042 lem
442 2019 484 2042 ea:
520 2008 719 2042 miserrima
745 2005 942 2054 fortunam
980 2006 1184 2042 haberemus
1194 2022 1207 2049 ,-
1255 2006 1301 2041 Ρ.
1327 2010 1362 2040 et
1393 2004 1456 2041 Cn.

336 2070 495 2106 Cornelii
527 2072 759 2118 imperatores
794 2072 902 2106 vestri
939 2071 1134 2106 luctuosius
1167 2069 1268 2105 nobis
1303 2081 1454 2117 quoque,

334 2147 443 2183 quam
461 2135 569 2177 vobis,
598 2137 796 2183 perierunt.
859 2136 950 2171 Tum
974 2147 1057 2171 vero
1076 2136 1125 2170 ad
1155 2135 1220 2170 hoc
1248 2135 1397 2170 retracti
1415 2145 1457 2169 ex

333 2199 546 2235 distantibus
576 2200 661 2235 locis
681 2202 715 2235 in
735 2200 852 2235 sedem
882 2201 1068 2247 antiquam
1087 2199 1307 2241 videbamur,
1328 2201 1369 2233 ut
1388 2198 1455 2233 ite·

331 2275 411 2299 rum
428 2265 640 2312 periremuS‚
663 2269 698 2300 et
717 2265 872 2302 alterum
892 2265 1066 2301 excidium
1081 2267 1213 2312 patriae
1231 2263 1430 2300 videremus
1442 2278 1454 2299 .-

331 2340 395 2364 nec
424 2329 473 2365 ad
497 2330 695 2378 perniciem
723 2334 881 2367 nostram
911 2329 1208 2378 Karthaginiensi
1235 2330 1359 2378 utique
1389 2331 1454 2366 aut
