1523 2666
130 278 219 310 U.C.
240 288 311 311 550.

128 324 167 354 A.
185 324 221 353 C.
238 332 311 355 202.

126 1113 308 1145 U.C.551.

125 1158 164 1186 Α.
181 1156 216 1186 Ο.
235 1164 308 1188 201.

323 185 406 231 204
778 191 824 219 Τ.
850 191 981 220 mvn

324 278 536 328 respublica
572 278 651 314 sine
690 279 881 314 curulibus
921 280 1205 327 magistratibus
1243 290 1334 319 erat.
1390 284 1436 319 T.

323 343 491 379 blanlius
520 343 736 391 Torquatus
768 343 939 392 pontifex
968 356 1013 380 eo
1044 358 1144 380 anno
1171 353 1365 383 mortuus:
1399 349 1437 383 in

322 407 448 443 locum
479 406 558 457 ejus
592 407 785 443 subfectus
822 408 864 443 C.
885 408 1072 458 Sulpicius
1105 409 1239 446 Galba.
1295 411 1356 447 Ab
1391 411 1437 448 L.

321 472 473 508 Licinio
492 471 655 507 Lucullo
675 478 713 507 et
731 472 779 510 Q.
798 471 933 508 Fulvio
954 473 1122 509 aedilibus
1144 475 1335 510 curulibus
1355 475 1436 511 ludi

320 535 488 572 Romani
522 542 579 570 ter
612 535 685 570 toti
718 536 929 571 instaurati.
986 536 1192 573 Pecuniam
1224 551 1269 574 ex
1304 539 1437 574 aerario

321 599 453 635 scribae
482 598 720 646 viatoresque
750 597 891 633 aedilitii
914 598 1012 634 clam
1041 601 1222 648 egessisse
1247 614 1313 651 per
1338 601 1438 637 indi-

321 676 403 699 cem
423 663 621 712 comperti,
647 662 816 698 damnati
847 669 948 706 sunt,
969 676 1048 700 non
1071 665 1150 700 sine
1177 665 1334 701 infamia
1357 665 1438 702 Lu-

321 726 410 763 culli
431 726 559 764 aedilis.
617 727 661 762 P.
683 726 807 763 AElius
828 726 980 763 Tubero
1002 734 1039 763 et
1067 728 1113 764 L.
1131 728 1319 764 Laetorius
1350 730 1439 766 aedi-

320 790 372 827 les
411 791 531 841 plebis
565 792 659 827 vitio
694 792 824 834 creati,
864 793 1088 840 magistratu
1125 805 1164 828 se
1201 793 1438 837 abdicarunt,

320 869 437 905 quum
467 856 575 892 ludos
605 856 853 904 ludorumque
884 869 1016 892 caussa
1035 856 1186 906 epulum
1208 856 1296 893 Jovi
1325 857 1436 894 fecis-

320 927 419 963 sent,
451 927 488 956 et
518 922 626 968 signa
660 921 731 956 tria
761 933 805 955 ex
839 920 1051 956 multaticio
1079 928 1238 969 argento
1267 921 1368 958 facta
1396 923 1437 958 in

321 985 514 1034 Capitolio
534 985 762 1034 posuissent.
804 984 975 1020 Cerealia
991 984 1097 1020 ludos
1119 986 1282 1021 dictator
1301 994 1338 1021 et
1358 999 1437 1022 ma-

320 1049 437 1097 gister
457 1049 625 1097 equitum
646 1062 691 1084 ex
713 1050 1044 1085 senatusconsulto
1065 1051 1247 1087 fecerunt.

374 1113 462 1150 XL.
493 1113 628 1162 Legati
650 1126 695 1149 ex
713 1114 845 1150 Africa
864 1114 1031 1150 Romani
1054 1115 1165 1150 simul
1184 1115 1436 1165 Karthagini-

321 1190 503 1227 ensesque
523 1192 637 1226 quum
657 1179 847 1214 venissent
868 1179 1046 1222 Romam,
1069 1187 1219 1215 senatus
1243 1181 1288 1216 ad
1320 1181 1437 1218 aedem

318 1245 489 1281 Bellonae
515 1245 666 1280 habitus
694 1253 772 1280 est:
807 1246 869 1281 ubi
897 1259 1011 1294 quum
1037 1246 1083 1282 L.
1104 1246 1281 1282 Veturius
1307 1247 1434 1291 Philo,

317 1315 529 1359 pugnatum
554 1322 638 1345 cum
666 1309 885 1345 Hannibale
913 1323 993 1346 esse
1019 1323 1195 1360 suprema
1224 1311 1436 1360 Karthagi-

318 1374 513 1409 niensibus
534 1387 676 1423 pugna,
698 1373 884 1423 finemque
905 1375 1057 1411 tandem
1077 1375 1228 1424 lugubri
1256 1375 1357 1411 bello
1376 1377 1436 1412 in-

318 1439 485 1487 positum
505 1439 650 1487 ingenti
667 1438 801 1474 laetitia
821 1438 975 1475 Patrum
997 1440 1232 1490 exposuisset
1249 1456 1258 1484 3
1282 1438 1434 1489 adjecit,

319 1502 538 1537 Verminam
568 1503 696 1544 etiam,
720 1503 901 1552 Syphacis
930 1503 1063 1546 filium,
1085 1517 1167 1552 quae
1196 1516 1311 1553 parva
1338 1503 1435 1539 bene

318 1572 433 1614 gestae
467 1567 519 1602 rei
552 1567 717 1602 accessio
751 1573 843 1609 erat,
876 1567 1090 1603 devictum:
1136 1568 1175 1603 in
1210 1568 1435 1603 concionem

317 1630 403 1666 inde
422 1630 573 1680 prodire
586 1630 730 1679 jussus,
753 1631 1004 1679 gaudiumque
1021 1631 1058 1666 id
1078 1630 1220 1681 populo
1240 1631 1434 1679 inpartire.

316 1693 415 1729 Tum
453 1700 621 1743 patuere,
660 1694 764 1729 facta
801 1693 1072 1742 gratulatione,
1111 1695 1238 1730 omnia
1268 1695 1307 1730 in
1345 1693 1436 1730 urbe

315 1757 470 1808 templa,
492 1753 860 1807 supplicationesque
888 1759 926 1793 in
946 1759 1109 1794 triduum
1131 1758 1302 1794 decretae.
1358 1758 1435 1794 Le-

317 1822 413 1870 gatis
430 1821 810 1869 Karthaginiensium
828 1828 863 1857 et
879 1821 1045 1871 Philippi
1063 1823 1159 1870 regis
1177 1824 1282 1868 (nam
1298 1822 1323 1857 ii
1340 1835 1434 1871 quo-

316 1899 388 1934 que
418 1888 615 1929 venerant)
648 1886 877 1935 petentibuS,
917 1892 957 1920 ut
986 1894 1136 1921 senatus
1167 1886 1237 1921 sibi
1268 1887 1432 1928 daretur,

316 1962 537 1999 responsum
562 1949 673 1999 jussu
700 1950 858 1986 l'atrum
888 1950 934 1986 ab
956 1950 1141 1985 dictatore
1161 1956 1231 1993 est,
1260 1950 1432 1986 consules

315 2027 434 2050 novos
456 2015 507 2050 eis
528 2021 699 2050 senatum
721 2016 871 2050 daturos
906 2027 998 2050 esse.
1057 2015 1223 2050 Comitia
1250 2015 1336 2050 inde
1365 2015 1433 2050 ha-

315 2077 420 2113 bita:
468 2079 583 2114 creati
616 2078 788 2113 consules
824 2079 892 2113 Cn.
916 2078 1114 2113 Cornelius
1147 2078 1349 2120 Lentulus,
1387 2078 1431 2115 P.

317 2140 441 2177 AElius
462 2141 587 2177 Paetus
605 2157 612 2178 ;
635 2148 829 2191 praetores,
850 2141 906 2178 M.
926 2142 1063 2177 Junius
1083 2141 1249 2184 Pennus,
1271 2141 1331 2177 cui
1351 2154 1431 2177 sors

317 2204 462 2240 urbana
481 2207 629 2249 evenit;
662 2205 717 2241 M.
734 2204 906 2241 Valerius
936 2204 1047 2240 Falto
1067 2205 1254 2247 Bruttios,
1284 2204 1340 2241 M.
1356 2204 1430 2241 Fa-

313 2268 397 2304 bius
435 2269 559 2305 Buteo
591 2270 815 2312 Sardiniam,
850 2270 892 2306 P.
913 2270 1039 2305 [Elius
1072 2269 1225 2305 Tubero
1263 2269 1430 2306 Siciliam

314 2339 370 2369 est
389 2334 556 2370 sortitus.
604 2334 664 2371 De
683 2335 885 2385 provinciis
908 2334 1104 2371 consulum
1123 2333 1218 2371 nihil
1238 2340 1326 2370 ante
1344 2333 1425 2384 pla-
