1523 2666
355 155 439 207 482
814 169 858 197 T.
882 169 1017 199 mvn

164 255 207 287 U.
220 257 258 287 C.
274 263 346 288 ⁵58.
358 260 466 290 sunt:
498 260 536 290 et
555 259 656 290 terra
675 253 874 304 aliquoties
895 255 1010 306 pluit:
1044 262 1081 292 et
1100 263 1213 306 caput
1228 257 1389 295 Vulcani
1405 267 1463 296 ar-

165 301 205 330 A.
219 301 254 331 C.
274 307 345 333 194.
359 331 374 354 S

166 1032 294 1063 Catonis

166 1083 280 1106 trium-

167 1121 211 1159 ph
217 1129 263 1150 us.

379 319 418 354 it.
475 317 709 354 Nunciatum
726 325 796 362 est,
813 318 917 355 Nare
937 321 1037 356 amni
1054 319 1112 356 lac
1131 320 1302 358 fluxisse:
1327 333 1463 371 pueros

359 384 543 432 ingenuos
563 383 725 419 Arimini
745 384 825 419 sine
846 384 964 421 oculis
985 398 1028 421 ac
1055 397 1175 431 naso5
1208 392 1246 422 et
1265 386 1303 422 in
1323 385 1465 421 Piceno

359 460 452 497 agro
482 460 557 483 non
589 460 736 490 manuS‚
764 460 841 484 non
865 449 974 498 pedes
1006 449 1210 486 habentem
1236 457 1389 486 natum:
1422 461 1467 484 ea

357 514 530 565 prodigia
550 526 594 549 ex
615 513 836 562 pontificum
857 515 1007 550 decreto
1027 523 1242 565 procurata.
1278 516 1331 552 Et
1350 515 1464 552 sacri-

358 579 483 616 ficium
503 577 738 613 novemdiale
757 577 914 621 factum,
936 580 1036 626 quod
1056 580 1243 618 Hadriani
1262 581 1466 617 nunciave-

356 649 456 684 rant,
478 642 515 677 in
537 654 628 689 agro
649 653 717 676 suo
738 640 924 690 lapidibus
945 641 1098 691 pluisse.

410 706 557 743 XLVI.
587 705 633 741 In
660 705 786 741 Gallia
811 706 856 742 L.
881 706 1050 742 Valerius
1078 706 1236 744 Flaccus
1263 706 1469 757 proconsul

358 774 456 810 circa
475 773 735 809 Mediolanum
763 786 847 809 cum
876 773 995 808 Gallis
1026 773 1264 817 Insubribus,
1287 781 1324 810 et
1342 774 1464 817 Boiis,

357 840 420 890 qui
441 836 636 874 Dorulaco
656 837 749 873 duce
778 837 824 873 ad
851 837 1098 874 concitandos
1123 838 1303 875 Insubres
1322 838 1467 875 Padum

357 903 583 953 transgressi
603 908 724 945 erant,
746 903 864 950 signis
887 902 1046 938 conlatis
1067 903 1316 952 depugnavit:
1339 903 1467 939 decem

359 969 478 1006 millia
496 967 663 1004 hostium
684 973 771 1003 sunt
791 979 898 1003 caesa.
956 967 1029 1003 Per
1045 959 1205 1004 eos‘dies
1222 967 1369 1016 collega
1387 965 1467 1016 ejus

359 1022 417 1070 M.
439 1032 595 1068 Porcius
617 1031 714 1067 Cato
742 1044 787 1067 ex
814 1031 1003 1080 Hispania
1020 1030 1290 1082 triumphavit:
1323 1030 1412 1066 tulit
1430 1031 1469 1065 in

361 1111 406 1135 eo
441 1096 634 1145 triumpho
668 1096 814 1144 argenti
845 1096 974 1131 infecti
1006 1097 1141 1144 viginti
1168 1096 1332 1145 quinque
1351 1093 1469 1131 millia

360 1162 502 1213 pondo,
529 1159 650 1208 bigati
682 1166 832 1195 centum
866 1160 1000 1207 viginti
1031 1160 1101 1195 tria
1130 1159 1262 1201 millia,
1289 1158 1467 1194 Oscensis

361 1218 569 1275 quingenta
595 1223 866 1272 quadraginta:
900 1223 980 1258 auri
1010 1223 1138 1272 pondo
1167 1222 1268 1258 mille
1291 1222 1468 1271 quadrin-

362 1296 488 1339 genta.
544 1286 733 1323 Militibus
755 1299 800 1322 ex
817 1287 941 1336 praeda
955 1287 1081 1322 divisit
1098 1287 1136 1322 in
1156 1286 1341 1335 singulos,
1357 1285 1469 1322 duce-

171 1365 350 1405 Sempronii
363 1366 431 1390 nos
459 1358 711 1402 septuagenos
739 1350 835 1392 aeris,
860 1350 997 1400 triplex
1023 1351 1152 1399 equiti.
1209 1351 1269 1386 Ti.
1293 1350 1468 1401 Sempro-

169 1421 216 1441 res
233 1418 326 1449 gefflae
362 1420 445 1455 nius
481 1415 626 1458 consul,
660 1416 697 1451 in
725 1415 957 1465 provinciam
992 1415 1198 1465 profectus,
1220 1415 1258 1450 in
1285 1414 1468 1450 Boiorum

167 1454 315 1483 adversus

170 1497 275 1527 Boios.

362 1483 524 1534 primum
544 1493 674 1529 agrum
694 1479 862 1528 legiones
883 1480 1002 1515 duxit.
1039 1479 1200 1515 Boiorix
1219 1485 1298 1514 tum
1319 1477 1469 1526 regulus

364 1559 508 1588 eorum,
531 1556 614 1580 cum
645 1543 791 1579 (luobus
818 1542 996 1579 fratribus
1023 1549 1106 1578 tota
1141 1548 1254 1591 gente
1280 1542 1471 1578 concitata

365 1611 412 1647 ad
430 1607 701 1650 rebellandum,
723 1613 845 1643 castra
873 1606 964 1642 locis
993 1607 1132 1656 apertis
1155 1607 1305 1656 posuit:
1338 1611 1382 1641 ut
1407 1605 1470 1642 ad-

366 1682 514 1727 pareret
534 1674 792 1715 dimicaturos,
813 1673 842 1708 si
870 1672 989 1708 hostis
1010 1672 1101 1708 fines
1125 1673 1314 1708 intrasset.
1370 1671 1473 1707 Con-

367 1739 426 1776 sul
454 1739 533 1782 ubi,
562 1743 711 1787 quantae
741 1737 874 1786 copiae,
899 1742 1042 1785 quanta
1067 1735 1203 1772 fiducia
1229 1742 1328 1771 esset
1355 1735 1472 1778 hosti,

368 1805 499 1846 sensit,
523 1803 702 1838 nuncium
729 1802 775 1838 ad
801 1801 985 1849 collegam
1014 1800 1146 1843 mittit,
1167 1804 1221 1843 ut,
1241 1802 1271 1836 si
1294 1800 1475 1836 videretur·
1518 1791 1519 1803 ἶ

368 1871 413 1912 ei,
448 1873 646 1905 maturaret
677 1870 820 1904 venire:
855 1880 892 1903 se
925 1868 1186 1915 tergiversando
1216 1869 1254 1903 in
1285 1868 1475 1903 adventum
1518 1906 1519 1911 Ἰ

367 1933 441 1980 ejus
460 1945 530 1968 rem
552 1936 808 1968 extracturmn.
865 1931 959 1970 Quae
980 1943 1112 1966 caussa
1127 1929 1273 1966 consuli
1293 1937 1476 1966 cunctan-

368 1997 420 2040 di,
441 1996 569 2033 eadem
599 1995 717 2031 Gallis
751 1997 1016 2045 (praeterquam
1043 1995 1142 2044 quod
1171 1994 1365 2031 cunctatio
1384 1994 1476 2031 hos·

367 2061 463 2097 tium
484 2060 632 2096 animos
653 2058 833 2106 faciebat)
853 2059 905 2094 rei
922 2059 1152 2095 maturandae
1173 2065 1267 2102 erat,
1286 2065 1340 2101 ut,
1354 2059 1478 2108 prius·

358 2137 482 2175 ‘quam
502 2122 825 2173 conjungerentur
854 2123 1052 2159 consulum
1081 2123 1215 2173 copiae,
1240 2135 1318 2158 rem
1340 2123 1477 2159 transi-

370 2194 522 2238 gerent:
556 2184 793 2237 perbiduum
822 2192 947 2222 tamen
971 2186 1067 2222 nihil
1093 2187 1208 2229 aliud,
1230 2199 1340 2235 quam
1361 2193 1477 2223 stete-

369 2257 458 2289 runt
477 2253 598 2302 parati
624 2251 669 2287 ad
696 2252 954 2301 pugnandum,
977 2252 1006 2287 si
1027 2252 1108 2301 quis
1130 2258 1263 2287 contra
1283 2251 1478 2299 egredere·
1520 2281 1521 2290 ι

372 2323 450 2353 tur:
485 2317 598 2353 tertio
628 2316 775 2353 subiere
802 2315 848 2352 ad
881 2316 1034 2360 vallum,
1065 2322 1261 2365 castraque
1293 2315 1340 2352 ab
1374 2316 1476 2352 omui
