1507 2656
354 182 509 214 menn
530 179 675 210 xxxx.
708 179 814 209 cn.
838 180 921 209 xv.
1110 168 1191 222 239

77 273 298 323 mundaeque
318 284 405 309 cum
424 269 722 308 Atheniensibus
739 268 932 305 societatis
952 280 1097 313 caussa,
1110 276 1187 306 tra·
1203 273 1244 302 U.
1258 272 1296 302 C.
1313 279 1385 303 55⁴2.

72 336 182 388 jecit.
238 337 379 374 Civitas
400 336 522 373 omnis
543 334 696 371 obviam
719 333 836 370 effusa
855 346 940 370 cum
961 332 1189 383 conjugibus
1201 319 1241 348 A.
1255 316 1292 347 C·
1306 322 1379 347 ²⁰⁰¹

79 415 124 439 ac
142 402 283 446 liberis,
304 401 517 437 sacerdotes
544 412 629 435 cum
656 397 868 448 insignibus
889 398 964 434 suis
986 398 1192 436 intrantem

80 465 225 510 urbem,
246 478 289 502 ac
314 464 382 501 Dii
407 476 527 515 prope
555 463 627 513 ipsi
656 462 771 499 exciti
797 461 946 498 sedibus
971 462 1061 505 suis,
1082 474 1192 498 exce-

79 535 229 580 perunt.

133 592 223 629 XV.
253 591 298 628 In
320 591 545 629 concionem
565 589 758 641 extemplo
777 589 939 641 populus
959 595 1130 634 vocatus,
1153 597 1195 626 ut

82 667 162 700 rex,
184 668 266 705 quae
295 655 422 699 vellet,
445 667 572 692 coram
601 660 753 703 ageret:
786 654 920 690 deinde
944 666 990 690 ex
1010 654 1196 703 dignitate

82 720 203 769 magis
243 720 378 763 visum,
413 719 576 757 scribere
612 731 712 762 eum,
743 717 788 754 de
821 718 956 767 quibus
990 718 1194 762 videretur,

86 798 199 835 quam
232 792 457 835 praesentem
489 790 556 821 aut
586 783 792 821 referendis
827 784 904 819 suis
942 784 981 819 in
1003 783 1197 820 civitatem

84 848 277 887 beneficiis
298 849 530 892 erubescere,
552 854 618 886 aut
647 846 989 897 significationibus
1010 846 1196 884 adclama-

84 912 329 962 tionibusque
348 912 616 956 multitudinis,
635 911 899 949 adsentatione
916 911 1110 949 inmodica
1128 925 1198 962 pu-

82 975 215 1013 dorem
242 976 449 1013 onerantis.
506 975 553 1012 In
580 975 700 1012 literis
731 982 873 1019 autem,
895 989 978 1025 quae
1007 977 1132 1012 missae
1160 976 1199 1012 in

86 1041 311 1078 concionem
349 1040 593 1089 recitataeque
629 1045 732 1082 sunt,
770 1040 1084 1076 commemoratio
1121 1046 1202 1076 erat

85 1103 356 1142 beneficiorum
384 1105 547 1155 primum
576 1104 614 1140 in
649 1104 843 1140 civitatem
867 1104 1034 1150 sociam3
1068 1103 1203 1140 deinde

87 1181 226 1213 rerum,
243 1181 334 1218 quas
355 1168 532 1205 adversus
553 1167 772 1218 Philippum
792 1168 997 1217 gessisset,
1030 1168 1077 1204 ad
1095 1174 1202 1219 post-

87 1246 233 1270 remum
270 1233 512 1278 adhortatio3
556 1233 815 1282 Capessendum
848 1233 992 1276 bellum,
1031 1234 1117 1270 dum
1151 1246 1201 1276 se,

89 1299 175 1335 (lum
196 1298 367 1341 Rhodios,
390 1303 465 1334 tum
484 1300 641 1347 quidem,
663 1299 749 1334 dum
767 1300 878 1335 etiam
898 1299 1080 1335 Romanos
1099 1299 1203 1335 habe-

88 1368 179 1399 rent.
236 1363 490 1411 Nequidquam
514 1368 653 1411 postea,
674 1364 704 1399 si
724 1368 799 1400 tum
825 1368 1026 1406 cessassent,
1054 1368 1204 1412 praeter-

90 1429 232 1464 missam
252 1430 469 1464 occasionem
488 1430 705 1477 quaesituros.
761 1427 906 1464 Rhodii
929 1428 1063 1464 deinde
1087 1426 1202 1476 legati

83 1490 211 1526 auditi
240 1497 346 1527 sunt:
385 1503 544 1540 quorum
572 1503 702 1528 recens
733 1497 814 1528 erat
841 1490 1081 1535 beneficium,
1104 1492 1203 1540 quod

91 1567 204 1591 naves
228 1553 361 1603 longas
382 1562 546 1604 quatuor
565 1556 872 1598 Atheniensium,
894 1562 1022 1606 captas
1043 1568 1163 1605 nuper
1183 1570 1204 1591 a

91 1617 367 1655 Macedonibus
410 1625 739 1669 recuperatasque,
777 1620 1025 1656 remiserant:
1077 1620 1203 1668 itaque

91 1683 238 1731 ingenti
259 1695 445 1719 consensu
469 1683 609 1720 bellum
636 1685 810 1720 adversus
832 1683 1048 1734 Philippum
1077 1684 1204 1720 decre·

91 1752 185 1783 tum.
243 1745 421 1782 Honores
451 1748 529 1796 regi
559 1748 723 1797 primum
752 1747 885 1784 Attalo
914 1747 1109 1790 inmodici,
1141 1748 1203 1784 de·-

91 1809 180 1846 inde
209 1816 246 1847 et
268 1809 429 1847 Rhodiis
450 1810 595 1847 habiti:
628 1818 707 1847 tum
735 1812 896 1862 primum
921 1812 1063 1847 mentio
1086 1810 1204 1847 inlata

93 1874 137 1911 de
155 1873 271 1919 tribu,
293 1887 404 1924 quam
423 1874 595 1912 Attalida
617 1874 864 1926 adpellarent,
887 1876 934 1912 ad
953 1876 1081 1912 decem
1101 1883 1203 1911 vete-

92 1949 151 1974 res
172 1937 291 1974 tribus
312 1939 500 1974 addenda:
533 1946 570 1975 et
604 1938 843 1977 Rhodiorum
875 1938 1036 1990 populus
1064 1952 1205 1976 corona

95 2017 208 2041 aurea
239 2004 387 2041 virtutis
423 2006 547 2054 gratia
584 2005 760 2049 donatus,
803 2007 1008 2054 civitasque
1041 2005 1212 2050 Rhodiis

93 2068 195 2112 data,
233 2070 545 2117 quemadmodum
583 2069 727 2106 Rhodii
766 2072 866 2121 prius
905 2070 1204 2106 Atheniensibus

95 2132 286 2169 dederant.
346 2134 559 2170 Secundum
578 2135 659 2171 liaee
686 2148 751 2171 rex
782 2134 934 2171 Attalus
955 2134 1138 2183 AEginam
1160 2135 1207 2170 ad

95 2195 251 2232 classem
272 2209 311 2233 se
331 2199 484 2247 recepit.
539 2197 684 2235 Rhodii
713 2199 821 2235 Ciam
856 2199 902 2235 ab
933 2199 1092 2247 AEgina,
1119 2198 1206 2234 inde

96 2272 163 2311 per
194 2259 334 2297 insulas
360 2260 542 2298 Rhodum
568 2263 815 2311 navigarunt:
849 2263 1040 2307 omnibus,
1071 2269 1207 2313 praeter

95 2324 283 2368 Andrum,
318 2325 546 2376 Parumque,
586 2334 623 2364 et
660 2329 868 2378 Cythnum,
906 2342 987 2378 quae
1025 2327 1205 2378 praesidiis

146 2387 247 2426 vot.
270 2388 344 2427 HI,
636 2393 671 2428 O
