1507 2656
334 197 484 227 mnan
509 194 666 226 xxxv.
700 195 807 224 cAP.
831 195 956 224 vlu.
1110 193 1193 239 509

140 287 251 324 VIII.
281 287 409 326 Quum
428 288 508 322 haec
534 287 571 322 in
599 284 788 335 Hispania
813 283 1055 333 gerebantur,
1076 285 1193 320 comi·
1209 288 1298 319 U.C.
1315 296 1387 323 559.

88 351 227 388 tiorum
240 351 322 401 jam
338 350 539 400 adpetebat
556 349 632 385 dies
649 363 656 384 :
678 350 806 397 itaque
825 347 871 384 L.
886 348 1085 384 Cornelius
1101 361 1192 384 con-
1204 332 1245 362 Α·
1258 332 1294 362 C‘
1315 339 1387 365 ¹⁹³·

91 414 161 457 sul,
178 415 310 451 relicto
330 415 376 451 ad
395 414 601 451 exercitum
618 412 676 449 M.
693 411 853 448 Claudio
873 411 1014 460 legato,
1028 411 1193 449 Romam
1206 391 1389 474 {fu-5553&

88 478 202 514 venit.
259 477 297 513 Is
318 478 356 513 in
376 483 509 513 senatu
529 489 643 526 quum
663 475 708 511 de
727 474 837 510 rebus
858 474 905 511 ab
926 487 964 510 se
984 476 1099 523 gestis
1119 476 1193 511 ‹lis-
1207 478 1250 508 lat
1265 478 1385 525 trium-

88 543 278 585 seruisset,
299 555 448 591 quoque
478 543 516 578 in
546 547 647 577 statu
676 541 871 591 provincia
890 546 1010 586 esset3
1043 547 1195 589 questus
1208 522 1311 560 phum
1328 519 1388 549 S¹b¹

1209 563 1347 594 decerni.

88 612 144 641 est
163 618 248 641 cum
267 605 443 642 Patribus
464 605 702 654 conscriptis,
724 604 838 653 quod,
867 611 976 641 tanto
1002 605 1103 641 bello
1124 618 1199 641 una

32 691 33 696 =
89 670 253 705 secunda
272 682 399 719 pugna
420 676 497 706 tam
520 669 682 705 feliciter
700 668 884 718 perfecte,
909 681 986 705 non
1015 677 1113 705 esset
1131 670 1200 706 ha-

91 731 192 768 bitus
222 733 306 769 Diis
338 733 602 770 inmortalibus
624 733 761 768 honos.
818 732 1032 768 Postulavit
1052 733 1200 776 deinde,

94 801 134 831 ut
154 796 469 846 supplicationem
488 795 598 832 simul
618 796 923 845 triumphumque
943 796 1200 834 decernerent.

92 860 201 897 Prius
229 868 369 904 tamen,
391 875 503 911 quam
531 861 666 898 relatio
697 861 815 904 fieret,
851 861 899 900 Q.
919 860 1112 902 Metellus,
1137 861 1202 908 qui

35 924 36 934 ¹
91 924 225 960 consul
261 925 497 974 dictatorque
528 917 665 968 fuerat,
701 925 847 960 Literas
878 926 998 960 eodem
1029 929 1200 972 tempore,

93 989 202 1031 dixit,
223 993 257 1025 et
279 991 428 1026 consulis
450 991 493 1026 L.
517 989 672 1025 Cornelii
695 991 742 1025 ad
763 994 939 1032 senatum,
960 994 995 1025 et
1018 989 1072 1024 M.
1094 989 1202 1024 Ματ-

36 1073 38 1077 «
92 1053 174 1088 celii
192 1054 242 1088 acl
256 1065 423 1101 magnam
440 1058 583 1101 partem
601 1058 819 1095 senatorum,
841 1055 986 1089 adlatas
1004 1065 1088 1095 esse,
1111 1055 1203 1088 inter

36 1104 38 1142 l
91 1129 128 1153 se
149 1123 379 1165 pugnantes.-
406 1130 514 1166 eoque
545 1119 699 1154 elizatam
731 1130 803 1154 esse
830 1119 1136 1160 consultationem,
1163 1122 1205 1154 ut

89 1183 318 1229 prees-entibus
342 1182 542 1219 auctoribus
566 1195 687 1219 earum
714 1183 901 1218 literarum
933 1183 1203 1230 disceptaretur.

95 1245 223 1293 Itaque
248 1252 461 1294 exspectasse
488 1258 572 1288 sese,
599 1251 640 1282 ut
666 1247 799 1288 consul,
821 1247 882 1293 qui
903 1247 1007 1281 sciret
1025 1246 1068 1281 ab
1087 1246 1205 1292 legato

0 1301 2 1322 Ξ
40 1325 41 1337 ¹
89 1320 154 1344 suo
173 1311 339 1346 adversus
363 1323 398 1346 se
418 1312 590 1358 scriptam
610 1310 761 1358 aliquid,
787 1322 893 1356 qaum
915 1311 981 1357 ipsi
998 1310 1206 1345 veniendum

92 1378 194 1416 esset,
212 1375 401 1410 deduceret
416 1387 495 1410 eam
510 1386 625 1410 secam
646 1374 824 1409 Romam:
846 1385 953 1420 quum
972 1375 1080 1408 etiam
1092 1374 1207 1408 verius

95 1442 195 1479 esset,
223 1439 275 1473 Ti.
297 1439 504 1487 Sempronio
521 1439 707 1486 imperium
727 1437 867 1473 habenti
883 1438 978 1472 tradi
998 1438 1205 1479 exercitum,

95 1513 201 1548 quam
222 1503 352 1549 legato.
410 1504 516 1539 Nunc
535 1504 648 1545 videri
673 1513 744 1537 esse
769 1507 928 1537 atnotum
948 1502 991 1536 (le
1016 1502 1206 1542 industria,

95 1576 140 1600 ne
168 1577 223 1608 ea,
254 1579 331 1614 quoe
360 1569 565 1615 scripsisset,
596 1577 749 1614 prce-sens
778 1566 922 1607 eliceret,
950 1570 1014 1600 aut
1044 1568 1210 1611 argueret

96 1640 240 1664 coram:
268 1635 315 1672 et,
335 1632 366 1665 si
391 1631 476 1678 quid
503 1631 586 1665 vani
616 1628 791 1676 adferret,
819 1630 923 1675 argui
950 1632 1078 1675 posset,
1101 1629 1211 1662 donec

98 1691 147 1726 ad
168 1692 341 1739 liquidam
369 1695 497 1728 veritas
526 1693 711 1739 explorata
736 1696 832 1727 esset.
890 1691 1018 1739 Itaque
1041 1690 1131 1726 nihil
1150 1701 1208 1725 eo-

98 1767 192 1796 rum,
213 1767 290 1802 qaoe
311 1757 513 1803 postularet
531 1758 664 1798 consul,
687 1757 941 1792 decernendam
961 1759 993 1792 in
1020 1757 1209 1804 praesentia

99 1830 246 1854 censere.
303 1819 430 1858 Quum
457 1826 629 1868 pergeret
658 1820 777 1856 nihilo
813 1821 963 1868 segnius
995 1820 1147 1862 referre,
1168 1825 1210 1855 ut
1222 1825 1291 1854 Nee
1308 1824 1394 1863 inpe—

100 1881 326 1931 snpplicatio
346 1883 622 1925 decerneretur,
644 1884 968 1934 triumphantique
988 1883 1059 1919 sibi
1081 1874 1292 1919 urbemtm'

100 1947 226 1982 invehi
245 1947 394 1992 liceret3
426 1947 482 1983 M.
502 1956 538 1984 et
560 1949 602 1984 C.
623 1949 754 1984 Titinii
778 1949 917 1985 tribuni
938 1948 1072 1998 plebis,
1094 1960 1132 1984 se
1154 1949 1212 1984 in·

100 2016 344 2055 tei-cessuros,
366 2013 396 2047 si
417 2012 462 2048 de
482 2025 525 2048 ea
540 2025 579 2048 re
599 2013 704 2048 fieret
724 2012 1112 2055 senatusconsultum,
1130 2012 1212 2049 dix-

105 2081 227 2111 erunt.
488 2077 494 2082 ”

158 2137 231 2174 ΙΧ.
263 2138 447 2174 Censores
474 2147 579 2175 erant
604 2141 728 2189 priore
761 2153 862 2176 anno
896 2141 1011 2176 creati
1044 2140 1128 2176 Sex.
1143 2139 1214 2175 AE-

103 2201 174 2236 lius
196 2201 320 2237 Paetus
341 2210 379 2237 et
399 2203 654 2239 C.=C01·uelius
677 2204 881 2252 Cethegus.
921 2203 1119 2239 Cornelius
1140 2202 1217 2239 lus-

107 2272 206 2300 trum
223 2266 410 2301 condidit:
435 2280 546 2303 censa
562 2275 649 2303 sunt
665 2269 801 2303 civium
818 2269 944 2318 capita
960 2274 1111 2303 centum
1126 2280 1217 2316 qua-

106 2327 280 2377 draginta
317 2331 388 2366 tria
425 2331 556 2374 millia,
592 2333 834 2381 septingenta
866 2339 1042 2382 quatuor.
1099 2332 1218 2381 Aquae

631 2396 706 2432 23
