1507 2656
237 182 389 210 LIBER
414 179 571 209 xxxv.
604 177 711 207 cAP.
736 179 925 208 vaiu.
1090 174 1172 222 553

120 271 311 310 XLVIII.
344 271 390 307 Iu
410 269 557 307 Achaia
574 268 710 317 legatis
731 268 915 305 Antiochi
934 267 1175 305 AEtolorum-
1189 275 1230 304 U.
1242 274 1278 304 C.
1297 278 1369 304 560.

65 351 151 387 que,
172 350 300 374 coram
319 336 366 372 T.
385 334 585 376 Quinctio,
603 333 708 381 AEgii
729 333 858 370 datum
879 340 934 369 est
961 320 1228 370 concilium.A·
1244 317 1371 402 C'JXZ’

63 402 247 438 Antiochi
265 400 411 450 legatus
432 401 548 450 prior,
567 411 680 448 quam
696 398 833 441 AEtoli,
856 407 913 435 est
930 400 1093 436 auditus.
1123 399 1176 442 Is,
1190 374 1335 447 ὲὲξὲἲῑιεῑ
1367 389 1382 395 ”

62 473 105 504 ut
123 466 304 518 plerique,
325 478 418 515 quos
447 477 536 515 opes
561 465 674 513 regiae
694 463 814 507 alunt,
838 463 1075 514 vaniloquus,
1097 478 1177 501 mae
1189 459 1394 535 ffitffgggeffi,

0 549 1 555 =
61 531 117 567 ria
131 537 322 579 terrasque
339 529 443 565 inani
456 529 586 565 sonitu
601 527 802 564 verborum
817 527 1032 579 complevit.
1062 529 1178 577 Equi-

63 600 138 632 tum
153 594 444 631 innumerabilem
457 595 527 629 vim
546 592 665 640 trajici
677 593 909 642 Hellesponto
926 596 960 630 in
977 594 1178 643 Europam,

0 667 1 705 Ῐ
59 661 195 709 partim
219 660 398 702 loricatos,
421 671 504 707 qnos
525 658 775 707 cataphractos
794 663 922 695 vocant
936 675 948 702 ,-
970 661 1106 707 partim
1120 671 1180 695 sa-

59 726 162 772 gittis
193 736 235 759 ex
261 736 348 772 equo
377 727 527 765 utentes,
555 728 602 765 et,
633 735 656 758 a
684 735 753 770 qao
780 723 871 758 nihil
894 725 983 759 satis
1011 725 1094 759 tecti
1117 724 1179 765 sit,

64 800 203 824 aversos
219 787 418 836 refugiente
437 799 525 835 equo
545 787 675 822 certius
680 787 846 835 figentes.
902 786 975 823 His
996 788 1180 836 equestri-

63 852 133 889 bus
155 853 272 903 copiis
293 864 521 901 quamquam
540 851 599 887 vel
618 852 735 887 totius
756 851 920 902 Europae
937 852 1123 888 exercitus
1140 852 1180 888 in

66 929 180 952 unum
195 916 317 952 coacti
336 915 445 952 obrui
465 921 635 965 possent,
652 915 855 966 adjiciebat
871 915 1097 966 multiplices
1114 929 1177 952 co·

61 980 142 1030 pias
157 980 338 1030 peditum,
354 987 391 1015 et
403 978 620 1015 nominibus
640 992 790 1029 quoque
803 980 976 1028 gentium
988 980 1049 1017 vix
1061 979 1178 1017 fando

62 1045 199 1080 auditis
213 1044 379 1080 terrebat
392 1061 402 1089 3
421 1044 568 1086 Dahas,
581 1043 735 1088 Medos,
747 1044 1013 1094 Elymaeosque
1027 1051 1063 1081 et
1079 1045 1177 1081 Cad-

60 1109 187 1145 dusios
208 1108 413 1159 adpellanS.
443 1110 644 1145 Navalz‘um
663 1121 745 1145 vero
765 1112 963 1157 copiarum,
980 1123 1067 1159 quas
1084 1112 1179 1147 nulli

55 1179 184 1223 portus
202 1185 327 1222 capere
346 1175 382 1210 in
408 1174 547 1210 Groecia
575 1178 728 1222 possent,
751 1175 914 1210 dextrum
933 1187 1044 1211 corna
1068 1175 1177 1213 Sido-

59 1240 135 1274 nios
153 1243 187 1274 et
211 1239 349 1286 Tyrios,
369 1240 553 1275 sinistrum
572 1240 741 1281 Aradios,
763 1243 798 1275 et
816 1251 858 1275 ex
877 1239 1098 1288 Pamphylia
1116 1240 1177 1276 Si-

61 1305 160 1340 detas
180 1309 297 1340 tenere
309 1321 320 1348 ,-
351 1316 438 1352 quas
459 1309 580 1353 gentes
597 1305 707 1341 nullae
731 1317 900 1353 umquam
919 1318 983 1342 nec
1002 1310 1094 1350 arte,
1113 1318 1178 1343 nec

60 1371 193 1406 virtute
208 1370 330 1406 navali
348 1374 554 1418 oequassent.
583 1369 670 1406 Jam
682 1371 886 1418 pecuniam,
895 1369 977 1417 jam
991 1372 1081 1408 alios
1095 1371 1178 1409 belli

60 1435 261 1483 adparatus
296 1433 444 1482 refferre,
481 1446 784 1483 supervacaneum
816 1447 887 1470 esse
905 1451 918 1472 :
955 1437 1044 1472 scire
1069 1438 1174 1485 ipsos,

59 1499 255 1535 abundasse
272 1511 408 1547 semper
433 1511 523 1534 auro
547 1511 660 1547 regna
684 1500 791 1536 Asiae.
851 1500 978 1548 ltaque
1001 1512 1072 1537 non
1097 1513 1177 1538 cum

59 1563 247 1612 Philippo,
268 1575 331 1599 nec
350 1564 555 1600 Hannibale
583 1576 656 1600 rem
673 1563 849 1613 futuram
868 1564 1054 1608 Romanis,
1071 1568 1176 1614 prin-

57 1630 134 1677 cipe
152 1630 267 1665 altero
287 1630 456 1671 civitatis,
478 1629 594 1665 altero
614 1629 838 1666 Macedoniae
858 1634 997 1666 tantum
1015 1632 1174 1680 regnifi-

55 1693 155 1730 nibus
184 1694 321 1730 incluso
336 1710 348 1737 ,-
377 1695 438 1729 secl
468 1706 548 1729 cum
574 1706 705 1741 magno
734 1695 830 1730 Asiae
856 1696 965 1731 totius
989 1697 1176 1744 partisque

56 1758 212 1805 Europae
231 1769 321 1805 rege.
371 1758 465 1793 Eum
490 1763 623 1800 tamen,
645 1771 861 1807 quamquam
880 1759 923 1795 ab
941 1761 1079 1796 ultimis
1098 1761 1171 1796 ori-

54 1824 145 1858 entis
177 1824 337 1859 terminis
367 1824 415 1858 ad
451 1823 676 1859 liberandam
709 1824 887 1860 Graeciam
914 1826 1048 1868 venia-t,
1079 1825 1172 1861 nihil

50 1887 234 1935 postulare
253 1887 298 1923 ab
315 1887 468 1930 Achaeis,
493 1889 529 1923 in
555 1900 624 1936 qao
640 1888 738 1936 fides
766 1901 888 1925 eoram
907 1890 1075 1925 adversus
1095 1890 1170 1926 Ro-

52 1961 189 1994 manos,
225 1953 364 2000 priores
399 1952 511 1987 socios
546 1957 655 2001 atque
687 1954 832 1996 amicos,
865 1954 1027 1990 [cedatur.
1085 1955 1170 1992 Non

54 2019 162 2058 enim,
182 2021 224 2053 ut
241 2029 358 2053 secum
377 2018 544 2054 adversus
563 2029 631 2060 eos,
653 2030 754 2054 arma
774 2020 932 2067 capiant,
952 2020 1013 2054 sed
1028 2024 1069 2054 ut
1083 2030 1168 2055 neu-

51 2083 100 2118 tri
114 2083 217 2130 parti
235 2093 305 2117 sese
324 2080 553 2130 conjungant,
572 2087 705 2131 petere.
750 2083 883 2118 Pacem
897 2084 1037 2131 utrique
1051 2086 1167 2131 parti,

50 2147 146 2194 quod
166 2146 298 2182 medios
316 2147 439 2182 deceat
458 2148 601 2190 amicos,
623 2151 745 2195 optent
761 2164 773 2183 .·
801 2147 891 2183 bello
911 2159 947 2183 se
964 2160 1035 2183 non
1055 2150 1166 2184 inter-

48 2215 202 2258 ponant.
249 2209 356 2246 Idem
376 2209 493 2246 ferme
514 2217 553 2246 et
570 2210 792 2248 AEtolorum
811 2211 957 2260 legatus
980 2212 1165 2249 Archida-

50 2286 132 2310 mus
152 2274 276 2324 petiit,
298 2280 353 2318 ut,
375 2286 457 2324 quae
478 2274 658 2311 facillima
678 2281 716 2311 et
735 2276 926 2311 tutissima
949 2282 1062 2320 esset,
1082 2277 1164 2326 qui-

50 2344 148 2374 etem
178 2345 415 2388 praestarent,
446 2347 755 2392 spectatoresque
789 2340 894 2387 belli,
925 2341 1164 2379 fortunarum

100 2402 201 2439 von.
223 2402 299 2440 ΙΙΙ.
601 2405 635 2443 Β
654 2405 678 2442 b
