1507 2656
310 209 465 239 LIBER
488 208 668 238 xxxw.
702 207 808 236 cAr.
830 208 914 236 xx.
1089 197 1170 250 583

63 294 260 334 Romanus
281 299 469 347 equitatus
490 297 612 348 ipsum
633 297 781 346 quidem
802 310 929 346 regem
951 296 1087 334 Elatiae
1108 298 1173 334 ad-
1188 300 1228 330 U.
1244 301 1280 331 C.
1299 306 1372 331 ⁵51.

65 367 214 398 secutus
235 375 313 398 non
342 369 411 405 est,
435 362 498 397 scd
528 374 706 410 magnam
735 369 882 411 partem
911 362 1087 410 agminis,
1110 369 1175 398 ant
1187 345 1228 376 Α·
1243 345 1279 375 C'
1300 351 1373 377 ¹91‘

65 424 286 462 lassitudine
305 425 560 469 subsistentis,
581 432 647 462 aut
671 439 809 469 errore,
832 433 873 462 ut
892 427 955 475 qui
975 426 1055 463 sine
1073 427 1178 463 duci-

64 489 134 526 bus
155 503 221 540 per
240 491 372 539 ignota
392 491 528 526 itinera
546 490 736 539 fugerent,
757 491 957 541 dissipatos
979 491 1177 541 obpresse-

65 560 175 590 runt:
207 567 277 590 nec
306 561 442 605 praeter
471 555 713 604 quingentos,
735 555 799 604 qui
828 556 927 591 circa
948 567 1075 604 regem
1095 555 1178 591 fue-

65 624 168 662 runt,
190 631 237 655 cx
260 624 344 655 toto
374 620 542 655 exercitu
571 620 767 668 quisquam
799 619 954 668 effugit:
989 621 1102 655 etiam
1133 633 1181 657 ex

68 683 197 719 decem
216 683 380 719 millibus
402 683 578 727 militum,
600 696 708 732 quos,
729 683 892 733 Polybio
912 690 1080 727 auctore,
1103 691 1180 730 tra-

60 746 199 798 jecisse
220 760 346 784 secum
366 761 493 796 regem
513 749 551 784 in
572 748 758 785 Graeciam
774 749 1004 798 scripsimus,
1022 749 1182 797 exiguus

67 825 268 848 numerus:
301 813 390 862 quid
420 814 451 849 si
476 814 626 850 Antiati
653 813 807 850 Valerio
837 814 1046 856 credamus,
1071 826 1180 850 sexa-

67 877 175 925 ginta
188 876 305 913 millia
319 877 482 914 militum
494 877 610 914 fuisse
624 878 662 913 in
678 878 784 926 regio
800 878 968 914 exercitu
984 877 1180 922 scribenti,

67 942 318 991 quadraginta
337 943 424 978 inde
443 942 561 978 millia
577 943 768 986 cecidisse,
783 955 896 992 supra
915 943 1080 991 quinque
1096 942 1180 978 mil-

65 1007 119 1044 lia
138 1014 250 1058 capta
277 1021 363 1044 cum
391 1009 508 1057 signis
538 1008 763 1044 militaribus
793 1008 965 1044 ducentis
994 1008 1182 1056 triginta?

66 1070 333 1117 Romanorum
352 1079 505 1108 centum
525 1072 802 1121 quinquaginta
821 1073 859 1107 in
876 1072 958 1121 ipso
976 1073 1183 1108 certamine

65 1149 219 1188 pugnae,
240 1136 287 1173 ab
314 1138 467 1174 incursu
495 1135 718 1172 AEtolorum
746 1148 786 1172 se
814 1142 964 1172 tuentes
997 1149 1074 1173 non
1096 1136 1181 1188 plus

69 1202 347 1252 quinquaginta
367 1201 556 1238 interfecti
576 1208 677 1238 sunt.

122 1266 218 1304 XX.
239 1266 405 1303 Consule
418 1280 483 1317 per
495 1266 703 1303 Phocidem
716 1272 754 1303 et
768 1265 962 1302 Boeotiam
975 1266 1183 1303 exercitum
1196 1276 1318 1307 comm
1332 1277 1402 1307 Ap·

69 1329 244 1375 ducente,
259 1332 420 1368 consciae
436 1331 658 1367 defectionis
676 1331 846 1366 civitates
864 1343 948 1366 cum
961 1330 1182 1368 velamentis
1196 1321 1357 1393 Ῑίἓέἓυὲῑῑ.

68 1402 158 1432 ante
177 1402 306 1446 portas
326 1395 492 1439 stabant,
510 1404 614 1432 metu
632 1408 680 1431 ne
695 1394 886 1431 hostiliter
906 1395 1158 1445 diriperentur
1174 1411 1180 1431 :
1197 1374 1259 1438 ξω,
1286 1373 1305 1404 q

68 1466 236 1497 ceterum
254 1474 320 1512 per
339 1474 470 1497 omnes
491 1461 568 1497 dies
589 1460 830 1502 haudsecus,
853 1472 964 1508 quam
986 1460 1024 1495 in
1044 1467 1183 1510 pacato

70 1537 177 1573 agro,
203 1525 283 1561 sine
305 1525 515 1562 violatione
536 1524 645 1560 ullius
666 1525 719 1560 rei
741 1536 877 1572 agmen
897 1525 1095 1574 processit,
1116 1525 1184 1562 do·

69 1601 140 1625 nec
156 1589 195 1624 in
212 1601 344 1637 agrum
362 1589 590 1625 Coronaeum
599 1594 753 1624 ventum
768 1594 836 1624 est.
867 1587 926 1623 Ibi
947 1593 1072 1624 statua
1084 1589 1184 1637 regis

68 1653 270 1696 Antiochi,
301 1654 426 1703 posita
454 1653 493 1688 in
523 1652 666 1702 templo
696 1651 880 1688 Minervae
910 1650 1061 1695 Itoniae,
1089 1652 1185 1688 iram

68 1718 267 1763 accendit3
300 1718 598 1767 permissumque
619 1716 729 1753 militi
751 1722 820 1759 est,
843 1722 884 1751 ut
901 1715 1186 1766 circumjectum

69 1781 214 1831 templo
230 1794 363 1829 agrum
378 1781 625 1831 popularetur
641 1796 648 1817 2
668 1781 803 1816 deinde
816 1780 1001 1828 cogitatio
1017 1781 1187 1816 animum

70 1844 200 1888 subiit,
234 1857 350 1893 quum
384 1846 575 1881 communi
610 1846 762 1880 decreto
799 1844 1028 1879 Boeotorum
1061 1845 1188 1894 posita.

70 1917 170 1946 esset
198 1916 338 1953 statua,
358 1910 557 1957 indignum
579 1922 682 1952 -esse,
709 1909 748 1945 in
780 1921 894 1944 unum
926 1909 1187 1945 Coronensem

71 1986 203 2022 agrum
223 1973 364 2010 saevire.
420 1973 618 2009 Revocato
647 1972 838 2022 extemplo
857 1972 991 2015 milite,
1013 1972 1097 2008 finis
1118 1986 1188 2022 po-

74 2037 229 2088 pulandi
262 2037 410 2073 factus:
444 2038 617 2085 castigati
647 2043 796 2072 tantum
826 2036 948 2072 verbis
979 2036 1111 2072 Boeoti
1137 2036 1188 2073 ob

74 2103 266 2150 ingratum
287 2101 324 2136 in
347 2101 462 2136 tantis
482 2107 635 2149 tamque
655 2100 870 2136 recentibus
893 2100 1086 2136 beneficiis
1107 2102 1189 2136 ani-

72 2177 177 2201 mum
208 2177 297 2213 erga
325 2163 536 2200 Romanos.
595 2163 701 2199 Inter
726 2164 846 2213 ipsum
874 2176 1012 2212 pugnae
1041 2171 1189 2214 tempus

74 2229 202 2265 decem
223 2241 336 2265 naves
357 2229 468 2277 regiae
489 2241 573 2264 cuin
601 2228 782 2278 praefecto
810 2227 959 2264 Isidoro
989 2227 1035 2263 ad
1063 2228 1190 2265 Thro-

75 2293 180 2329 nium
200 2293 238 2328 in
260 2293 342 2329 sinu
363 2293 529 2329 Maliaco
550 2293 702 2329 stabant
722 2306 729 2329 :
763 2305 808 2328 eo
829 2293 951 2341 gravis
974 2291 1188 2328 vulneribus

74 2356 291 2396 Alexander
308 2359 501 2403 Acarnan,
522 2358 682 2394 nuncius
714 2357 877 2395 adversae
900 2368 1052 2409 pugnae,
1074 2368 1191 2408 quum

578 2422 607 2459 G
630 2434 648 2459 c
669 2423 693 2458 4
