1507 2656
341 217 496 245 LIBER
520 215 692 243 XXXII.
725 215 832 243 CAP.
856 216 974 244 XIII.
1129 215 1211 258 345

93 306 132 342 in
152 313 320 343 montem
336 306 490 355 Lingon
510 305 696 354 perrexit:
720 305 791 354 ipsi
812 311 960 340 montes
977 305 1086 355 Epiri
1106 311 1207 348 sunt,
1224 312 1263 341 U.
1280 312 1315 342 C.
1332 319 1403 343 554.

92 369 282 419 interjecti
313 370 552 405 B‘Iacedonia:
589 368 884 417 Thessaliaeque.
941 368 1076 412 Latus,
1108 356 1311 418 quodA'C'
1330 362 1401 425 19⁸³·

90 435 212 482 vergit
240 434 278 469 in
306 433 557 476 Thessaliam,
586 434 710 469 oriens
742 439 913 482 spectat:
947 434 1156 482 septentrio
1186 447 1207 469 a

85 497 316 534 RIacedonia
362 497 554 547 objicitur,
629 497 768 533 Vestiti
805 497 1065 546 frequentibus
1104 497 1205 533 silvis

85 567 199 597 sunt:
224 560 321 610 juga
342 574 488 598 summa
514 574 666 611 campos
697 567 870 611 patentes
901 573 1091 610 aquasque
1120 574 1204 611 per-

83 638 198 661 ennes
226 626 380 662 habent.
439 627 513 669 Ibi,
549 628 710 669 stativis,
742 640 821 669 rex,
853 639 919 676 per
948 626 1092 674 aliquot
1125 626 1202 663 dies

82 689 237 731 habitis,
255 690 456 726 fluctuatus
477 691 605 726 animo
626 697 696 733 est,
718 697 845 726 utrum
864 690 1038 740 protinus
1058 690 1095 725 in
1117 703 1202 739 reg-

81 766 172 788 num
192 765 230 789 se
253 754 449 804 reciperet,
471 767 519 790 an
545 755 680 790 reverti
712 755 748 789 in
779 753 1016 789 Thessaliam
1045 760 1197 803 posset:

79 816 277 852 inclinavit.
296 819 497 859 sententia,
518 831 627 854 suum
647 819 685 853 in
707 817 946 853 Thessaliam
967 830 1103 865 agmen
1133 818 1198 853 de-

77 880 243 924 mittere,
264 881 512 930 Triccamque
532 882 713 932 proximis
739 881 923 918 limitibus
954 882 1050 931 petit
1069 896 1076 918 ε
1110 882 1198 918 inde

76 943 209 980 obvias
231 945 340 981 nrbes
361 947 498 996 raptim
519 948 746 996 peragravit.
785 946 989 988 Homines,
1007 947 1071 995 qui
1091 948 1198 996 sequi

75 1016 246 1058 possent,
267 1010 416 1046 sedibus
438 1011 613 1047 excibat:
637 1012 777 1061 oppida
797 1010 1046 1046 incendebat:
1072 1024 1196 1047 rerum

73 1086 240 1117 suarum,
272 1087 363 1123 quas
397 1082 568 1125 possent,
599 1075 840 1112 ferendarum
873 1088 1000 1111 secum
1031 1076 1194 1111 dominis

66 1137 132 1189 jus
163 1138 300 1175 fiebat:
331 1145 459 1176 cetera
485 1140 614 1185 militis
635 1141 760 1190 praeda
782 1147 886 1176 erat:
918 1153 1002 1182 nee,
1025 1140 1124 1189 quod
1145 1140 1193 1176 ab

72 1203 183 1239 hoste
203 1203 387 1240 crudelius
408 1205 487 1253 pati
514 1211 683 1255 possent,
705 1204 840 1254 reliqui
870 1205 1074 1253 quidquam
1103 1204 1190 1247 fuit,

71 1281 186 1317 quam
216 1281 298 1317 quae
330 1269 377 1305 ab
407 1270 519 1306 sociis
549 1269 805 1319 patiebantur.
865 1269 959 1305 Haec
990 1270 1105 1305 etiam
1133 1269 1190 1305 fa-

70 1332 186 1368 cienti
206 1332 384 1382 Philippo
405 1333 540 1370 acerba
559 1340 680 1376 erant,
695 1334 760 1370 sed
782 1347 801 1369 e
822 1340 934 1376 terra,
952 1346 1042 1369 mox
1062 1333 1190 1370 futura

70 1396 253 1439 hostium,
275 1409 436 1447 corpora
461 1397 596 1434 saltem
626 1399 770 1447 eripere
799 1399 989 1434 sociorum
1008 1397 1185 1434 volebat:

69 1461 124 1496 ita
143 1467 312 1497 evastata
331 1468 419 1498 sunt
439 1463 591 1512 oppida,
613 1462 811 1506 Phacium,
833 1462 974 1505 hesiae,
996 1462 1186 1512 Euhydri-

68 1538 145 1568 um,
162 1525 327 1569 Eretria,
345 1526 602 1576 Palaepharus.
641 1527 783 1563 Pheras
805 1540 919 1576 quum
939 1534 1098 1577 peteret,
1120 1540 1185 1564 ex-

65 1589 205 1633 clusus,
234 1592 322 1640 quia
351 1604 408 1627 res
439 1592 576 1641 egebat
605 1605 725 1635 mora,
758 1593 788 1628 si
819 1604 1036 1642 expugnare
1056 1591 1182 1635 vellet,

63 1668 132 1691 nec
161 1661 309 1705 tempus
344 1663 438 1699 erat,
473 1658 613 1693 omisso
644 1658 813 1706 incepto,
845 1658 884 1693 in
913 1657 1182 1693 Macedoniam

64 1720 309 1756 transcendit.
343 1720 445 1756 Nam
463 1722 576 1757 etiam
590 1721 744 1757 AEtolos
763 1722 1065 1770 adpropinquare
1080 1721 1181 1758 fama
1194 1730 1292 1761 AEtoli
1312 1744 1380 1765 vag-

61 1789 142 1819 erat
161 1798 169 1818 :
202 1784 280 1832 qui,
301 1784 432 1820 audito
461 1785 613 1834 proelio,
637 1786 736 1834 quod
765 1787 864 1822 circa
883 1798 1031 1822 amnem
1052 1787 1177 1823 Aoum
1189 1776 1375 1849 ἑὲὓὲᾆὶκὶ·

60 1849 204 1885 factum
223 1856 316 1891 erat,
334 1850 514 1898 proximis
535 1851 637 1899 prius
660 1851 835 1886 evastatis
858 1851 957 1886 cir-ca
978 1851 1176 1900 Sperchias
1307 1842 1314 1850 .

58 1920 97 1949 et
113 1912 273 1949 hlacran
293 1914 423 1962 (quam
437 1915 594 1956 vocant)
616 1915 776 1957 Comen,
792 1916 1015 1964 transgressi
1036 1916 1121 1952 inde
1137 1918 1177 1953 in

58 1976 308 2019 Thessaliam,
331 1978 508 2026 Cymines
529 1985 566 2014 et
586 1979 739 2027 Angeas
761 1980 884 2029 primo
910 1980 1040 2029 inpetu
1061 1981 1176 2030 potiti

57 2049 167 2078 sunt:
205 2056 227 2078 a
259 2042 491 2093 R‘Ietropoli,
520 2043 608 2079 dum
642 2051 790 2080 vastant
827 2057 952 2092 agrOS,
988 2058 1174 2082 concursu

55 2107 330 2156 oppidanorum
351 2108 398 2143 ad
426 2109 568 2144 tuenda
595 2109 735 2144 moenia
765 2108 882 2152 facto,
904 2109 1041 2159 repulsi
1072 2119 1172 2147 sunt.

56 2169 263 2206 Callithera
280 2171 367 2206 inde
387 2172 566 2220 adgressi,
589 2172 748 2207 similem
770 2173 939 2222 inpetum
960 2174 1170 2224 oppidano-

53 2247 136 2270 rum
169 2235 397 2284 pertinacius
433 2236 693 2271 sustinuerunt
713 2252 719 2272 :
762 2237 1041 2286 compulsisque
1070 2239 1170 2276 intra

52 2298 206 2342 moenia,
246 2300 309 2347 qui
342 2307 556 2349 eruperant,
593 2301 763 2336 contenti
797 2314 841 2336 ea
874 2302 1046 2346 victoria,
1081 2305 1168 2352 quia

52 2374 135 2413 spes
156 2362 259 2400 nulla
279 2363 480 2401 admodum
513 2366 754 2414 expugnandi
776 2373 870 2411 erat,
892 2366 1165 2404 abscesserunt„

568 2431 603 2469 Q
626 2430 645 2465 ὓ
