1507 2656
339 212 493 241 LIBER
517 211 707 241 xxvn1.
740 209 845 239 cAP.
869 209 951 239 111.
1149 199 1202 255 85

93 299 176 342 iter.
232 300 292 336 Ne
311 306 436 337 tamen
453 299 626 336 hostibus
644 312 725 336 eam
746 299 974 348 relinqueret
993 298 1199 348 regionem,
1215 307 1257 337 U.
1274 305 1310 336 C.
1329 312 1404 338 545.

1213 351 1251 380 A.
1268 350 1305 379 C.
1322 356 1398 384 207.

93 363 139 400 L.
161 365 375 415 Scipionem
394 365 547 401 fratrem
568 378 652 401 eum
673 366 799 401 decem
826 364 990 400 millibus
1016 364 1198 413 peditum,

92 555 222 592 mittit.
267 556 348 592 Sita
374 557 412 592 in
440 556 646 593 Melessum
668 555 803 593 finibus
825 563 881 592 est
901 555 1083 605 Hispanae
1111 569 1203 604 gen-

91 618 139 660 tis
159 632 165 653 :
199 631 289 667 ager
306 619 464 668 frugifer
482 636 489 656 ε
522 626 722 669 argentum
742 621 854 655 etiam
876 618 1009 655 incolae
1028 619 1200 656 fodiunt:

93 693 137 718 ea
162 694 228 718 arx
247 682 319 718 fuit
340 683 570 720 Hasdrubali
600 684 647 720 ad
667 685 907 720 excursiones
937 683 1037 719 circa
1056 684 1095 719 in
1124 695 1206 719 me-

93 745 324 782 diterraneos
345 748 504 797 populos
524 748 729 784 faciendas.
769 748 911 796 Scipio,
934 748 1064 783 castris
1085 760 1204 797 prope

94 809 224 845 urbem
244 812 391 860 positiS‚
414 813 630 861 priusquam
650 811 949 847 circumvallaret
967 811 1109 853 urbem,
1132 812 1202 846 mi-

95 874 142 916 sit
163 874 208 909 ad
221 881 362 923 portaS,
381 876 445 923 qui
465 888 510 911 ex
526 876 740 925 propinquo
757 875 935 923 adloquio
955 875 1101 911 animos
1119 881 1205 910 ten-

94 942 232 987 tarent,
247 938 535 987 suaderentque,
552 945 591 974 ut
605 939 809 974 amicitiam
824 939 964 987 potiuS,
985 950 1096 986 quam
1113 938 1202 981 vim,

94 1001 353 1049 experirentur
372 1002 647 1039 Romanorum.
690 1003 766 1038 Ubi
787 1002 880 1037 nihil
901 1003 1025 1050 pacati
1046 1014 1203 1051 respon-

94 1063 263 1106 debatur,
283 1065 386 1101 fossa
415 1066 629 1116 duplicique
646 1065 744 1101 vallo
771 1066 1001 1101 circumdata
1029 1065 1133 1108 urbe,
1164 1066 1205 1101 in

93 1134 168 1164 tres
199 1136 322 1178 partes
351 1131 556 1166 exercituin
583 1131 738 1172 dividit:
772 1137 813 1166 ut
833 1143 907 1165 una
936 1142 1082 1178 semper
1101 1143 1203 1179 pars,

95 1193 231 1241 quietis
267 1194 417 1229 interim
452 1194 610 1236 duabus,
642 1194 891 1243 obpugnaret.
958 1193 1086 1229 Prima
1116 1206 1205 1243 pars*

94 1269 206 1305 quum
238 1257 371 1294 adorta
399 1258 619 1307 obpugnare
649 1264 718 1300 est,
741 1263 850 1293 atrox
881 1269 970 1292 sane
997 1263 1034 1292 et
1064 1270 1202 1307 anceps

91 1319 267 1370 proelium
286 1321 359 1357 fuit
377 1336 383 1356 :
417 1334 493 1357 non
515 1321 652 1364 subire,
674 1333 751 1356 non
781 1320 898 1356 scalas
919 1320 1015 1356 ferre
1045 1321 1091 1356 ad
1121 1334 1202 1356 mu—

94 1395 154 1424 ros
185 1396 261 1432 prae
288 1384 539 1420 incidentibus
567 1384 649 1420 telis
681 1384 791 1419 facile
818 1390 920 1419 erat:
954 1382 1110 1432 etjam,
1139 1384 1206 1432 qui

94 1454 290 1483 erexerant
319 1448 364 1483 ad
386 1461 533 1484 murum
563 1448 695 1491 scalas,
714 1447 776 1484 alii
796 1448 910 1483 furcis
941 1448 987 1483 ad
1015 1448 1052 1483 id
1081 1448 1208 1496 ipsum

92 1511 201 1551 factis
223 1514 529 1561 detrudebantur,
555 1516 592 1550 in
613 1514 706 1549 alios
727 1513 805 1563 lupi
825 1526 985 1563 superne
1005 1512 1114 1549 ferrei
1144 1513 1203 1549 in-

87 1576 196 1627 jecti,
226 1584 266 1613 ut
295 1579 332 1614 in
359 1578 686 1629 pcriculoessent,
712 1591 760 1613 ne
791 1578 961 1627 suspensi
990 1578 1028 1612 in
1056 1590 1209 1614 murum

94 1643 380 1679 extraherentur
398 1658 404 1679 :
438 1644 539 1693 quod
555 1643 617 1679 ubi
639 1643 903 1678 animadvertit
924 1643 1065 1692 ScipiO,
1087 1643 1206 1678 nimia

92 1706 283 1755 paucitate
303 1719 457 1743 suorum
477 1712 714 1755 exaequatum
735 1713 926 1741 certarnen
947 1718 1041 1747 esse,
1063 1713 1100 1740 et
1122 1705 1209 1754 jam

94 1782 140 1805 eo
157 1783 331 1820 superare
359 1771 523 1813 hostem,
544 1771 645 1819 quod
665 1784 710 1806 ex
739 1783 847 1806 muro
865 1776 1051 1819 pugnaret
1069 1785 1079 1815 3
1113 1770 1205 1806 dua-

94 1833 164 1871 hus
195 1835 305 1870 simul
333 1836 516 1885 partibus,
544 1836 667 1884 prima
696 1840 859 1883 recepta,
895 1833 1023 1869 urbem
1053 1840 1110 1869 est
1139 1834 1205 1869 ad-

96 1909 255 1945 gressus,
312 1899 406 1937 Quae
428 1912 483 1934 res
505 1905 653 1934 tantum
673 1899 821 1947 pavoris
842 1896 972 1947 injecit
991 1896 1098 1932 fessis
1121 1896 1210 1946 jam.

95 1975 178 1997 cum
199 1963 326 2012 primis
348 1964 566 2013 pugnan‹10,
587 1971 627 1998 ut
646 1969 684 1998 et
703 1962 883 2012 oppidani
910 1961 1051 1997 muenia
1070 1973 1205 2010 repen-

95 2027 175 2063 tina
193 2026 283 2075 fuga
302 2028 515 2064 desererent
536 2043 543 2064 ε
577 2035 612 2064 et
634 2028 816 2063 Punicum
844 2027 1056 2076 praesidium
1087 2032 1211 2068 metu,

95 2103 141 2127 ne
158 2091 307 2140 prodita
328 2092 413 2128 urbs
435 2099 546 2134 esset,
568 2092 706 2127 relictis
726 2090 953 2126 stationibus
975 2091 1013 2125 in
1031 2102 1147 2125 unum
1167 2101 1206 2124 se

96 2155 313 2204 conligeret.
370 2156 502 2191 Timor
531 2157 616 2191 inde
646 2155 855 2205 oppidanos
886 2154 1053 2195 incessit,
1081 2166 1143 2195 ne,
1174 2152 1206 2188 si

94 2220 214 2255 hostis
246 2220 375 2256 urbem
403 2221 593 2262 intrasset,
622 2220 701 2254 sine
728 2219 957 2260 discrimine,
986 2217 1126 2253 Poenus
1157 2229 1210 2252 an

97 2282 289 2331 Hispanus
320 2289 431 2325 esset,
465 2283 567 2319 obvii
600 2284 739 2333 passim
772 2282 1029 2317 crederentur:
1064 2281 1206 2329 itaque,

96 2346 460 2405 patefactarepente
489 2354 614 2400 porta,
635 2346 849 2398 frequentes
881 2359 927 2383 ex
956 2345 1096 2397 oppido
1126 2356 1212 2384 sese

94 434 132 464 et
157 428 258 465 mille
285 430 452 478 equitum
480 429 525 465 ad
551 428 844 479 obpugnandam
875 427 1199 478 opulentissimam
1213 404 1409 485 gfgffigioane

93 491 132 526 in
170 491 215 527 iis
250 492 341 527 locis
377 491 520 535 urbem,
560 492 724 540 Oringin
755 492 907 528 barbari
944 491 1201 540 adpellabant,
1214 496 1318 529 capta.
