1507 2656
302 210 456 239 LIBER
479 209 660 239 XXXIV.
694 211 800 239 CAP.
824 212 973 240 LVIII.
1116 216 1196 260 493

93 296 206 334 hostes
222 311 414 348 numquam
431 299 590 348 fuerint,
620 301 669 335 ad
697 302 894 337 amicitiam
917 303 1043 339 sociali
1059 302 1200 351 foedere
1213 310 1253 341 U,
1264 311 1300 341 C.
1316 319 1390 346 559.

91 362 183 398 inter
211 375 247 399 se
267 362 492 411 jungendam
524 363 671 399 co'e‘ant:
700 376 758 399 eos
788 376 900 413 neque
932 366 1060 409 dicere,
1088 380 1199 416 neque
1211 354 1390 388 A‘C·¹⁹³·

89 428 259 474 accipere,
277 428 386 475 leges,·
416 428 454 463 id
483 429 575 463 enim
607 429 750 464 victoris
775 434 809 464 et
833 431 917 465 victi
943 442 1024 467 esse.
1081 432 1139 467 Ex
1157 444 1196 469 eo

84 501 214 536 genere
235 503 341 538 quum
364 491 565 528 Antiochus
583 497 682 534 esset,
703 493 828 528 mirari
849 504 896 534 se,
919 495 1012 541 quod
1038 494 1196 532 Romani

85 564 223 600 a’quum
242 559 415 597 censeant,
440 557 473 591 ei
499 556 591 602 leges
609 556 735 598 dicere,
757 568 844 603 quas
867 557 963 592 Asiae
986 557 1127 594 urbium
1148 560 1193 595 li-

82 614 181 651 beras
205 621 241 652 et
264 619 437 661 inmunes,
459 631 546 666 quas
570 620 824 666 stipendiarias
849 631 919 655 esse
940 621 1051 656 velint
1063 638 1074 664 ,-
1104 635 1192 669 quas

80 679 217 716 intrare
232 683 401 730 praesidia
418 685 518 730 regia
539 694 725 731 regemque
742 688 870 719 vetent.
910 684 998 719 Cum
1018 685 1189 733 Philippo

80 744 172 779 enim
192 744 289 781 hoste
308 759 449 794 pacem,
476 759 545 782 non
571 759 649 782 cum
674 747 853 783 Antiocho
878 749 992 784 amico
1009 752 1188 786 societatis

68 804 192 854 foedus
211 810 262 844 ita
279 811 507 846 sanciendum
526 822 606 846 esse.

129 870 277 908 LVIII.
306 873 367 909 Ad
383 886 425 909 ea
445 873 667 912 Quinctius:
703 874 882 915 Quoniam
902 875 996 911 vobis
1018 876 1183 914 distincte
1195 880 1396 922 Responsum

77 946 182 981 agere
211 936 307 979 libet,
328 942 363 972 et
388 949 520 985 genera
537 935 805 984 jungendarum
831 940 1075 976 amicitiarum
1094 953 1180 978 enu-
1196 924 1351 958 Quinctii,

74 1010 224 1041 merare,
245 1011 307 1047 ego
323 1012 458 1048 quoque
477 1001 566 1036 duas
584 1002 801 1036 conditiones
815 1014 964 1049 ponam,
982 1008 1082 1039 extra
1095 1017 1182 1053 quas

72 1063 210 1098 nullam
226 1075 295 1100 esse
312 1066 390 1111 regi
404 1066 575 1100 nuncietis
591 1066 758 1115 amicitiae
773 1078 851 1101 cum
866 1068 1001 1114 populo
1015 1068 1181 1106 Romano

62 1124 266 1174 jungendae.
309 1127 439 1170 Unam,
459 1129 490 1163 si
503 1140 566 1163 nos
582 1128 686 1170 nihil,
705 1129 798 1176 quod
817 1130 865 1164 ad
883 1130 982 1165 urbes
999 1132 1094 1167 Asioe
1113 1134 1178 1168 ad-

72 1192 172 1234 tinet,
194 1203 320 1228 curare
344 1193 443 1234 velit,
464 1197 505 1229 ut
529 1197 564 1228 et
585 1193 658 1240 ipse
683 1193 778 1227 omni
804 1193 953 1240 Europa
981 1194 1177 1233 abstineat:

69 1255 234 1296 alteram,
254 1257 285 1291 si
301 1268 337 1291 se
356 1256 417 1292 ille
431 1256 668 1304 Asiaefinibus
685 1267 754 1291 uon
776 1243 969 1300 contineat,
991 1263 1026 1294 et
1042 1260 1077 1294 in
1098 1260 1176 1296 Eu-

69 1330 193 1365 ropam
214 1321 455 1361 transcendat,
476 1324 517 1354 ut
535 1323 569 1354 et
590 1319 760 1355 Romanis
769 1317 833 1364 jus
850 1321 909 1361 sit,
930 1322 1026 1356 Asiae
1047 1311 1172 1359 civita·

70 1384 159 1419 tium
184 1385 360 1419 amicitias
389 1388 423 1419 et
455 1384 558 1425 tueri,
579 1395 666 1430 quas
695 1382 861 1426 habeant,
881 1389 916 1419 et
944 1397 1051 1422 novas
1077 1399 1172 1423 com-

62 1450 184 1496 plecti.
242 1449 434 1485 Enimvero
462 1451 500 1484 id
522 1450 646 1484 auditu
672 1451 794 1491 etiam,
824 1449 960 1492 dicere,
986 1453 1172 1498 indignum

63 1524 146 1554 esse,
163 1512 420 1560 Hegesianax,
448 1513 606 1548 Thracia·
625 1517 659 1548 et
676 1513 877 1548 Chersonesi
898 1514 1037 1549 urbibus
1054 1516 1171 1551 arceri

61 1577 302 1620 Antiochum,·
345 1590 422 1625 quae
454 1578 623 1613 Seleucus
651 1589 806 1625 proavus
837 1577 922 1624 ejas,
957 1579 1169 1625 Lysimacho

59 1653 142 1688 rege
153 1641 244 1677 bello
259 1638 351 1677 victo
367 1646 401 1676 et
416 1643 453 1676 in
468 1644 543 1677 acie
561 1654 660 1684 caeso,
674 1654 738 1689 per
755 1654 930 1678 summum
944 1644 1046 1678 decus
1056 1649 1168 1691 parta

59 1707 243 1753 reliquerit
251 1722 263 1749 ,·
288 1708 372 1753 pari
398 1718 477 1741 cum
503 1707 609 1742 laude
634 1708 770 1754 partim
796 1707 839 1742 ab
867 1707 1060 1743 Thracibus
1080 1720 1165 1756 pos-

57 1784 148 1807 sessa
174 1774 282 1807 armis
306 1773 478 1819 receperit
505 1773 715 1813 Antiochus,
744 1774 878 1819 partim
902 1774 1052 1816 deserta,
1071 1776 1167 1810 sicut

56 1837 169 1883 ipsam
189 1835 466 1883 Lysimachiam,
488 1841 522 1871 et
546 1838 719 1872 revocatis
741 1836 932 1871 cultoribus
941 1830 1160 1885 frequenta-

54 1902 159 1943 verit,
180 1905 227 1942 et,
249 1913 325 1948 quae
342 1906 459 1936 strata
473 1903 585 1936 ruinis
602 1906 709 1948 atque
728 1902 894 1936 incendiis
906 1906 1021 1943 erant,
1038 1904 1161 1949 ingen-

56 1966 145 2001 tibus
162 1966 315 2012 inpensis
334 1966 571 2014 (edificaverit.
631 1965 727 2005 Quid
753 1967 865 2012 igitur
884 1967 1000 2000 simite
1016 1978 1098 2008 esse,
1119 1979 1161 2002 ex·

54 2043 96 2066 ea
111 2031 337 2080 possessione,
358 2031 411 2065 ita
427 2035 548 2077 parta,
568 2032 618 2065 ita
639 2035 864 2076 recuperata,
884 2031 1009 2064 deduci
1026 2031 1158 2066 Antio-

53 2095 170 2135 chum,
192 2099 225 2129 et
252 2095 433 2130 Romanos
453 2096 626 2130 abstinere
649 2095 750 2135 Asia,
779 2107 855 2141 quae
879 2106 1075 2141 numquam
1099 2107 1158 2131 eo-

50 2171 129 2196 rum
150 2158 301 2207 fuerit?
328 2160 535 2193 Amicitiam
566 2159 809 2193 Romanorum
842 2163 1002 2205 expetere
1026 2160 1156 2194 Antio-

50 2223 179 2259 chum:
209 2224 270 2258 sed
289 2235 364 2270 quae
389 2225 570 2270 inpetrata
596 2225 719 2271 gloriae
739 2224 817 2264 sibi,
844 2236 913 2259 non
932 2225 1076 2271 pudori,
1096 2226 1156 2262 sit.

51 2286 111 2322 Ad
140 2287 220 2322 haec
249 2287 465 2329 Quinctius,
503 2288 809 2335 Quandoquidem,
844 2287 979 2336 inquit,
1010 2288 1154 2331 honesta

45 2362 233 2402 pensamus
242 2367 252 2398 5
283 2352 334 2389 sic
364 2357 406 2389 ut
435 2357 499 2389 aut
529 2354 619 2397 sola,
654 2357 718 2389 aut
744 2355 866 2402 prima
889 2357 992 2396 certe,
1010 2355 1154 2402 pensari
