1523 2666
136 279 178 308 17.
193 279 229 308 C.
246 287 318 310 544.

135 322 173 354 Α.
191 322 226 353 C.
244 329 319 355 208.

131 1957 220 1988 Coss.
238 1959 291 1988 de-

133 2002 247 2039 signati
265 2012 311 2031 re-

132 2045 265 2074 concili-

130 2096 235 2121 antur.

331 173 385 226 56
767 187 814 215 Y.
841 187 975 216 mvn

332 277 545 311 crederent?
572 275 668 311 Haee
696 275 861 326 taliaque
895 285 1115 326 arguentem
1152 285 1190 315 et
1219 285 1438 328 querentem

332 340 571 389 castigabant
590 340 736 384 Patres,
753 347 787 378 et
807 344 860 380 M.
877 345 1037 387 Furium,
1055 352 1321 387 memorantes,
1339 342 1438 380 revoss

329 408 449 440 catum
469 405 512 440 de
536 405 672 447 exsilio,
690 408 850 453 patriam
877 407 1021 455 pulsam
1040 410 1120 444 sede
1143 421 1208 444 sua
1237 410 1439 444 restituisse,

336 469 385 506 Ut
400 475 590 517 pannium
611 472 798 513 ειευὶἰὶαηι,
819 474 868 508 sic
882 475 1027 521 patriae,
1044 476 1217 522 patiendo
1233 473 1440 521 acferendo

331 535 532 570 leniendam
561 546 656 570 esse:
684 534 805 570 adnisi
839 548 985 581 omnes,
1016 550 1102 574 cum
1132 539 1175 574 C.
1193 536 1353 574 Claudio
1380 536 1438 573 M.

329 597 480 633 Livium
500 597 693 633 consulem
712 597 896 636 fecerunt.
1287 594 1290 596 Δ

382 661 556 698 XXXV.
586 661 680 698 Post
709 662 807 698 diem
836 664 989 700 tertium
1023 663 1102 715 ejus
1133 664 1206 701 diei
1234 670 1439 715 praetorum

330 726 483 762 comitia
501 725 644 763 habita.
690 726 876 763 Praetores
894 729 1009 764 creati
1028 729 1074 765 L.
1088 729 1244 764 Porcius
1266 728 1437 771 Licinus,

329 791 372 826 C.
393 790 602 834 Mamilius,
635 791 683 827 A.
700 798 738 827 et
772 792 815 828 C.
836 791 996 827 Hostilii
1028 793 1206 828 Catones.
1264 792 1440 828 Comitiis

328 853 519 903 perfectis,
540 854 712 903 ludisque
732 854 857 898 factis,
878 856 1041 891 dictator
1066 862 1103 892 et
1131 855 1311 904 magister
1336 856 1441 905 equi-

329 924 408 953 tum
445 919 671 966 magistratu
708 919 896 956 abierunt.
955 920 1211 956 C.'I*e1·entius
1241 919 1363 956 Varro
1399 920 1440 956 in

327 981 521 1018 Etruriam
547 990 760 1034 propraetor
787 984 937 1027 missus,
958 991 1000 1020 ut
1029 997 1075 1020 ex
1095 997 1138 1020 ca
1168 984 1364 1034 provincia
1393 982 1437 1021 Css

328 1045 517 1082 Hostilius
547 1047 755 1085 Tarentum
786 1048 832 1084 ad
864 1061 950 1084 eum
979 1049 1191 1100 exercituin
1215 1048 1299 1091 iret,
1327 1060 1438 1097 quem

326 1109 372 1146 T.
387 1111 589 1149 Quinctius
617 1113 750 1149 consul
778 1112 985 1148 habuerat:
1020 1119 1056 1148 et
1076 1112 1122 1148 L.
1137 1111 1306 1148 Manlius
1332 1110 1437 1148 trans

327 1186 430 1210 mare
445 1174 590 1223 legatus
609 1176 691 1219 iret,
708 1177 933 1225 viseretque,
951 1189 1033 1225 quae
1051 1188 1106 1211 res
1124 1175 1176 1211 ibi
1193 1182 1412 1224 gererentur
1427 1180 1435 1212 ἐ

328 1238 452 1281 simul,
474 1240 575 1288 qnod
604 1240 791 1291 Olympiae
821 1240 1006 1276 ludicrum
1036 1253 1079 1275 ca
1111 1246 1240 1276 astate
1269 1239 1440 1277 futurum

328 1311 422 1346 crat,
443 1305 543 1352 quod
572 1306 739 1341 maximo
769 1311 870 1341 coetu
897 1304 1053 1340 Graeciae
1084 1303 1350 1347 celebraretur,
1381 1310 1438 1348 ut,

328 1368 358 1402 si
379 1374 462 1404 tuto
483 1382 549 1418 per
572 1371 721 1406 hostem
748 1376 890 1420 posset,
912 1370 1031 1405 adiret
1060 1369 1096 1404 id
1124 1368 1348 1405 concilium:
1378 1369 1438 1411 ut,

326 1432 390 1480 qui
412 1432 526 1468 Siculi
552 1432 652 1469 bello
682 1434 734 1469 ibi
757 1433 923 1483 profugi,
945 1439 1010 1469 aut
1035 1432 1233 1468 Tarentini
1255 1432 1352 1468 cives
1379 1440 1439 1468 re?-

326 1497 441 1546 legati
461 1498 507 1534 ab
529 1498 747 1535 Hannibale
769 1505 906 1541 essent,
928 1499 1057 1534 domos
1079 1498 1257 1540 redirent,
1279 1498 1438 1534 scirent-

327 1575 413 1611 que,
435 1575 501 1598 sua
530 1564 671 1606 omnia,
694 1577 775 1612 quae
806 1570 893 1599 ante
921 1563 1064 1598 bellum
1082 1562 1332 1605 habuissent,
1353 1562 1438 1598 red-

327 1626 414 1661 dere
450 1626 630 1676 populum
668 1627 898 1664 Romanum.
956 1627 1057 1666 Quia
1094 1625 1436 1676 periculosissimus

327 1702 447 1726 annus
468 1691 651 1727 inminere
671 1692 882 1735 videbatur,
904 1705 1025 1740 neque
1046 1690 1218 1728 consules
1240 1691 1277 1726 in
1298 1689 1437 1740 repub-

327 1755 400 1791 lica
420 1762 540 1799 erant,
563 1756 600 1792 in
621 1756 792 1792 consules
808 1756 1024 1804 designatos
1044 1768 1173 1792 omnes
1196 1755 1305 1797 versi,
1323 1767 1435 1803 quam

325 1819 488 1868 primum
510 1832 573 1855 eos
594 1821 719 1855 sortiri
741 1820 966 1869 provincias,
988 1826 1026 1855 et
1052 1819 1303 1869 praesciscere,
1325 1830 1437 1866 quam

328 1882 485 1931 quisque
515 1896 644 1919 eorum
674 1884 921 1932 provinciam,
947 1896 1059 1932 quem
1088 1883 1238 1918 hostem
1266 1881 1439 1925 haberet,

326 1946 518 1984 volebant.
575 1947 634 1983 De
664 1947 973 1983 reconciliatione
1004 1948 1116 1982 etiam
1147 1946 1278 1994 gratiae
1310 1958 1439 1981 eorum

326 2011 365 2046 in
403 2017 535 2046 senatu
573 2017 698 2046 actum
736 2017 805 2052 est,
845 2011 1032 2060 principio
1070 2010 1172 2046 facto
1203 2023 1225 2045 a
1253 2009 1301 2048 Q.
1318 2009 1439 2044 Fabio

325 2074 511 2110 Maximo
568 2074 783 2110 Inimicitiae
803 2081 927 2110 autem
949 2073 1094 2109 nobiles
1117 2074 1294 2108 intereos
1317 2079 1439 2114 erant,

326 2144 363 2174 et
383 2138 593 2174 acerbiores
615 2151 675 2174 eas
696 2138 1002 2186 indignioresque
1023 2137 1135 2172 Livio
1156 2148 1223 2171 sua
1243 2135 1437 2171 calamitas

322 2202 480 2245 'ft-cerat,
511 2202 612 2250 quod
642 2208 809 2251 spretum
840 2214 878 2237 se
908 2202 946 2236 in
977 2214 1020 2236 ea
1049 2200 1203 2236 fortuna
1233 2198 1435 2235 credebat:

326 2266 452 2313 itaque
474 2266 502 2300 is
524 2266 643 2313 magis
672 2264 909 2315 inplacabilis
935 2271 1039 2308 erat,
1073 2270 1123 2306 ct,
1146 2263 1236 2298 nihil
1255 2275 1342 2310 opus
1371 2275 1440 2297 esse

325 2330 626 2373 reconciliztione,
644 2329 788 2366 aiebat:
813 2331 930 2365 acrius
949 2333 983 2364 ct
1002 2328 1170 2364 intentius
1186 2329 1304 2363 onmia
1320 2331 1439 2373 gestu-
