1523 2666
1 2345 13 2356 β
45 2340 97 2360 11ae
113 2342 202 2373 repo·

260 152 341 197 186
716 167 761 195 T.
786 166 920 196 mvn

62 258 104 288 U.
119 258 154 289 C.
171 265 244 290 540.
247 255 404 304 jecisset,
435 255 569 292 tribuni
592 255 703 304 plebis
721 260 829 304 atque
846 255 957 291 aedilis
975 266 1054 291 cum
1074 254 1208 292 duobus
1236 256 1374 305 legatis,

59 302 100 332 A·
116 301 152 332 C*
171 309 244 334 '²⁰⁴'
257 333 343 370 quos
361 322 515 357 maxime
528 325 665 369 praetor
682 321 824 356 idoneos
842 320 1039 363 censuisset,
1055 321 1092 356 in
1106 319 1276 368 Africam
1289 324 1376 370 proi-

242 386 495 435 ficiscerentur
511 400 522 420 .·
552 384 683 420 tribuni
702 388 809 431 atque
827 385 953 426 (edilis,
976 385 1036 431 qui
1062 384 1277 420 reducerent
1299 385 1379 421 inde

254 450 460 498 Scipionem
473 465 485 485 .·
509 450 632 496 legati,
655 450 715 496 qui
734 449 904 484 exercitui
921 454 1119 496 praeessent,
1141 449 1251 485 donec
1268 461 1378 485 novus

251 516 450 562 imperator
469 514 517 548 ad
536 524 616 548 eum
635 513 828 548 exercitam
847 514 1005 548 venisset.
1061 512 1128 548 Sin
1147 513 1202 550 M.
1219 514 1377 561 Pompo·

252 578 333 613 nius
358 582 394 612 et
418 578 539 613 decem
563 576 675 623 legati
703 577 965 624 comperissent,
994 587 1105 624 neque
1122 574 1241 622 jussu,
1263 588 1377 625 neque

250 642 438 676 voluntate
464 640 508 675 P.
526 640 704 688 Scipionis
722 651 765 675 ea
781 638 895 688 facta
922 651 1007 683 esse,
1034 645 1076 675 ut
1104 641 1153 676 ad
1181 642 1375 676 exercitum

252 704 378 754 Scipio
409 709 583 747 maneret,
617 704 830 752 bellumque,
862 708 905 740 ut
935 705 1190 752 proposuisset,
1225 708 1375 751 gereret.

252 767 342 806 Hoc
389 768 493 806 facto
529 768 876 812 senatusconsulto,
914 781 1001 804 cum
1041 767 1204 804 tribunis
1250 767 1373 818 plebis

252 842 380 872 actum
411 842 482 879 est,
513 841 555 871 ut
585 842 851 885 compararent
882 836 982 871 inter
1012 847 1066 878 se,
1099 840 1166 871 aut
1195 840 1296 871 sorte
1321 833 1375 870 le-

252 906 400 948 gerent,
422 901 485 949 qui
505 900 580 936 duo
608 913 693 936 cum
719 906 882 950 praetore
911 913 954 936 ac
982 899 1117 949 legatis
1146 900 1257 936 irent.
1312 899 1374 935 Ad

252 963 456 1013 collegium
492 964 717 1014 pontificum
759 964 922 1000 relatum
958 964 1003 1000 de
1041 963 1251 1014 expiandis,
1289 975 1371 1012 quae

250 1027 387 1065 Locris
418 1029 458 1065 in
488 1028 632 1079 templo
659 1029 898 1079 Proserpinae
927 1034 1044 1072 tacta,
1071 1027 1227 1071 violata,
1255 1026 1374 1063 elata·-

249 1103 324 1142 que
354 1093 441 1129 inde
474 1099 612 1130 essent.
668 1093 831 1129 Tribuni
863 1093 984 1144 plebis
1017 1106 1103 1129 cum
1137 1097 1300 1142 praetore
1337 1097 1375 1127 et

251 1156 381 1193 decem
405 1157 540 1206 legatis
571 1157 734 1208 profecti
762 1157 819 1194 M.
835 1157 1015 1194 Claudius
1034 1155 1239 1193 Marcellus
1260 1161 1298 1191 et
1315 1153 1374 1192 M.

251 1220 406 1256 Cincius
427 1221 667 1258 Alimentus:
700 1221 744 1257 iis
766 1221 883 1257 aedilis
910 1220 1032 1272 plebis
1053 1220 1177 1263 datus,
1197 1231 1323 1268 quem,
1345 1218 1377 1254 si

250 1290 317 1321 aut
336 1285 375 1321 in
397 1284 526 1320 Sicilia
545 1286 699 1334 praetori
721 1285 823 1322 dicto
841 1286 997 1321 audiens
1016 1297 1095 1321 non
1117 1290 1215 1320 esset
1230 1283 1373 1333 Scipio,

247 1346 410 1396 auhjam
431 1349 469 1384 in
490 1348 658 1385 Africam
680 1348 907 1399 trajecisset,
930 1349 1115 1399 prendere
1142 1347 1285 1384 tribuni
1308 1345 1377 1397 ju·
1511 1358 1517 1377 ι

245 1409 396 1455 bei-ent,
428 1425 471 1449 ac
501 1412 590 1462 jure
628 1420 879 1450 sacrosanctae
908 1412 1110 1464 potestatis
1139 1412 1380 1448 reducerent.v
1512 1403 1514 1409 ¹

244 1473 354 1511 Prius
377 1475 521 1513 Locros
543 1478 610 1520 ire,
632 1490 745 1526 quam
764 1477 997 1520 Messanam,
1018 1475 1218 1513 consilium
1239 1480 1332 1511 erat.
1375 1505 1379 1508 .

298 1537 416 1575 XXI.
449 1540 628 1576 Ceterum
652 1540 791 1590 duplex
818 1540 920 1577 fama
939 1547 1009 1583 est,
1031 1540 1132 1589 quod
1162 1539 1209 1574 ad
1227 1537 1368 1574 Plemi-

244 1601 348 1638 nium
371 1603 540 1639 adtinet:
574 1604 653 1647 alii,
675 1606 826 1648 auditis,
849 1618 931 1654 quae
962 1604 1098 1640 Romae
1121 1610 1206 1639 acta
1230 1608 1368 1645 essent,

244 1665 283 1701 in
305 1666 480 1703 exsilium
500 1667 706 1718 Neapolim
727 1675 878 1704 euntem
899 1668 999 1704 forte
1029 1668 1068 1703 in
1095 1665 1370 1709 QMetellum,

242 1741 358 1764 unum
390 1743 436 1767 ex
467 1731 617 1780 legatis,
654 1733 844 1775 incidisse,
877 1738 915 1768 et
948 1732 995 1768 ab
1028 1745 1073 1767 eo
1102 1731 1295 1779 Rhegium
1333 1730 1370 1766 vi

241 1800 448 1831 retractum
477 1797 656 1832 tradunt:
689 1797 768 1841 alii,
801 1797 847 1833 ab
876 1798 959 1848 ipso
991 1797 1169 1846 Scipione
1198 1795 1366 1844 legatum

242 1868 327 1893 eum
357 1859 516 1907 triginta
546 1861 792 1897 nobilissimis
823 1862 992 1910 equitum
1026 1862 1196 1902 missum,
1224 1860 1287 1908 qui
1317 1859 1371 1899 Q.

42 1922 220 1954 Pleminius
241 1919 469 1958 Pleminium
498 1924 537 1959 in
569 1931 737 1968 catenas,
769 1932 808 1960 et
842 1938 927 1961 cum
957 1937 1002 1960 eo
1033 1924 1228 1960 seditionis
1263 1923 1364 1972 pr1n-

42 1966 219 2048 zssgssgtffsa
241 1984 354 2034 cipes,
389 1984 634 2034 conjicerent.
692 1988 725 2024 Ii
761 2001 907 2031 omnes,
940 2000 1004 2023 seu
1035 1994 1123 2023 ante
1161 1987 1364 2037 Scipionis,

239 2059 305 2083 seu
323 2054 404 2084 tum
425 2052 599 2099 praetoris
624 2050 749 2099 jussu,
770 2052 900 2087 traditi
923 2052 962 2087 in
982 2050 1194 2087 custodiam
1218 2050 1364 2098 Rhegi·

238 2112 308 2149 nis.
365 2112 513 2150 Praetor
531 2114 723 2165 legatique
746 2116 890 2152 Locros
912 2115 1072 2165 profecti
1094 2116 1267 2165 primam,
1290 2115 1361 2150 sic-

45 2160 140 2191 Sacra
157 2171 212 2201 pe-

42 2212 140 2234 CUnla
157 2215 189 2234 1ss

40 2247 197 2278 thesauris
239 2252 326 2276 nem
352 2243 452 2278 enim
482 2255 626 2279 sacram
656 2245 871 2294 pecuniam,
899 2257 1056 2294 quaeque
1088 2244 1187 2293 apud
1219 2242 1359 2278 Plemi-

43 2288 201 2329 Proserp1-
238 2305 357 2347 nium,
378 2319 536 2357 quaeque
565 2309 664 2360 apud
694 2309 831 2346 milites
861 2316 955 2353 erat,
978 2309 1245 2359 conquisitam,
1273 2319 1371 2344 cum-

239 2176 295 2211 uti
322 2178 542 2215 mandatum
572 2187 666 2223 erat,
687 2180 881 2229 religionis
910 2193 1037 2217 curam
1053 2180 1243 2215 habuere:
1278 2191 1359 2214 om-

43 2375 131 2405 nitur
