1523 2666
133 254 224 285 U.C.
240 259 312 286 546.

131 299 173 327 A.
187 297 223 327 C.
240 303 312 328 206.

184 430 197 444 Ι

126 1927 283 1967 Scipionis

126 1971 271 2003 morbus.

332 156 410 196 116
783 165 828 193 Τ.
853 165 986 194 L1v11

327 255 504 292 inbellem
525 255 779 303 inermemque
798 255 895 291 cives
924 255 980 290 sui
1000 255 1200 297 caederent,
1222 262 1260 290 et
1288 255 1326 291 in
1356 268 1440 293 suc-

327 332 482 357 censum
511 332 645 368 rogum
671 319 892 355 semianima
921 318 1097 368 pleraque
1128 317 1327 368 injicerent
1357 332 1439 356 cor-

326 395 434 433 pora,
464 384 607 431 rivique
637 383 830 430 sanguinis
863 381 1052 417 flammam
1086 383 1272 417 orientem
1303 383 1438 418 restin-

326 454 507 495 guerent:
540 454 733 496 postremo
754 446 838 495 ipsi,
861 446 960 482 caede
981 446 1190 481 miseranda
1210 458 1362 482 suorum
1382 446 1440 482 fa-

324 511 450 558 tigati,
472 523 557 545 cum
578 510 689 545 armis
710 509 833 544 medio
855 522 892 544 se
913 509 1088 544 incendio
1102 508 1324 558 injecerunt.
1354 509 1441 545 Jam

325 575 416 609 caedi
438 581 662 623 perpetratae
682 574 843 608 victores
864 573 1031 608 Romani
1053 580 1374 621 supervenerunt:
1398 587 1443 610 ac

325 638 448 687 primo
469 644 675 686 conspectu
694 644 771 672 tam
796 637 906 672 foedae
927 638 978 672 rei
1002 637 1215 672 mirabundi
1243 650 1445 687 parumper

326 701 626 751 obstupuerunt:
660 702 744 737 dein
765 713 879 750 quum
905 713 1037 736 aurum
1068 708 1355 749 argentumque,
1377 715 1443 738 cu-

325 765 429 801 mulo
460 779 584 801 rerum
614 765 771 801 aliarum
799 765 1063 812 interfulgens,
1094 764 1273 800 aviditate
1300 766 1443 814 ingenii

325 829 496 872 humani,
517 842 647 878 rapere
668 842 713 864 ex
732 830 820 876 igne
839 828 994 869 vellent,
1017 828 1188 878 conrepti
1209 827 1272 863 alii
1290 828 1442 865 flamma

326 902 428 937 sunt,
457 896 519 931 alii
552 896 717 932 ambusti
751 895 891 931 adfiatu
922 896 1093 944 vaporis:
1127 907 1242 942 quum
1271 900 1442 943 receptus

324 960 470 1010 primis,
489 967 646 1009 urgente
665 960 812 1007 ingenti
832 959 956 1001 turba,
975 971 1052 994 non
1068 966 1176 995 esset.
1207 958 1267 993 Ita
1282 959 1443 1008 Astapa,

326 1023 407 1059 sine
427 1023 553 1073 praeda
569 1023 744 1065 militum,
761 1022 861 1058 ferro
879 1023 1032 1071 ignique
1051 1022 1225 1057 absumta
1240 1028 1307 1057 est.
1336 1021 1443 1058 Mar-

325 1088 420 1130 cius,
449 1088 581 1123 ceteris
608 1086 687 1137 ejus
718 1088 883 1135 regionis
917 1094 1019 1122 metu
1049 1087 1087 1121 in
1119 1086 1348 1121 deditionem
1379 1098 1441 1122 ac-

326 1152 459 1201 ceptis,
480 1153 662 1187 victorem
683 1152 887 1187 exercitum
908 1151 1190 1198 Karthaginem
1217 1150 1262 1184 ad
1294 1150 1439 1199 Scipio-

325 1227 412 1251 nem
433 1216 592 1252 reduxit.
650 1215 722 1251 Per
742 1228 806 1252 eos
828 1217 928 1265 ipsos
949 1216 1026 1250 dies
1050 1213 1214 1264 perfugae
1235 1228 1255 1250 a
1272 1214 1442 1251 Gadibus

325 1286 523 1322 venerunt,
567 1265 814 1328 pollicentes}
844 1279 974 1315 urbem
1018 1279 1278 1326 Punicumque
1314 1279 1443 1328 praesi-

324 1343 441 1385 dium,
463 1344 564 1392 quod
584 1344 620 1379 in
643 1357 685 1379 ea
707 1344 798 1379 urbe
817 1351 929 1386 esset,
956 1350 991 1379 et
1020 1344 1284 1392 imperatorem
1314 1344 1442 1392 praesi-

323 1407 375 1442 dii
403 1420 486 1443 cum
513 1407 631 1443 classe
660 1408 878 1457 prodituros
908 1420 1000 1444 esse.
1056 1407 1176 1455 Mago
1196 1407 1246 1442 ibi
1278 1419 1322 1442 ex
1353 1407 1444 1455 fuga

323 1470 559 1515 substiterat,
576 1472 810 1520 navibusque
831 1474 867 1508 in
889 1485 1033 1508 oceano
1054 1471 1249 1513 conlectis,
1271 1471 1443 1519 aliquan-

323 1542 405 1570 tum
426 1535 653 1571 auxiliorum
674 1542 711 1571 et
730 1541 834 1571 trans
864 1535 1003 1571 fretum
1023 1548 1069 1570 ex
1088 1534 1218 1570 Africa
1238 1547 1318 1577 ora,
1340 1542 1376 1570 ct
1397 1548 1444 1572 ex

323 1600 505 1649 proximis
537 1599 733 1649 Hispaniae
762 1600 853 1635 locis
874 1612 940 1649 per
960 1599 1192 1635 Hannonem
1222 1599 1442 1648 praefectum

323 1669 512 1712 coegerat.
569 1664 660 1700 Fide
691 1671 847 1713 accepta
873 1664 1035 1712 dataque
1060 1663 1242 1713 perfugis,
1270 1671 1306 1699 et
1336 1664 1442 1700 Mar-

322 1728 401 1763 cius
435 1740 481 1763 eo
515 1741 600 1764 cum
631 1728 815 1778 expeditis
847 1727 1083 1769 cohortibus,
1116 1733 1153 1762 et
1185 1727 1325 1762 Laelius
1357 1741 1439 1764 cum

321 1798 466 1841 septem
485 1792 717 1835 triremibus,
743 1793 1003 1841 quinqueremi
1034 1805 1123 1835 una,
1145 1798 1200 1827 est
1221 1793 1369 1835 missus,
1401 1800 1442 1829 ut

321 1861 423 1891 terra
443 1857 612 1905 marique
632 1857 825 1892 communi
845 1856 1006 1892 consilio
1026 1869 1104 1891 rem
1124 1863 1309 1904 gererent.

377 1919 529 1956 XXIV.
561 1921 688 1970 Scipio
713 1921 792 1970 ipse
823 1922 925 1969 gravi
954 1921 1088 1956 morbo
1119 1920 1324 1969 inplicitus,
1355 1933 1442 1969 gra-

321 1983 425 2019 viore
447 1992 571 2020 tamen
592 1985 706 2027 fama,
729 1998 844 2034 quum
875 1986 919 2021 ad
952 1986 986 2020 id
1008 1986 1179 2034 quisque,
1205 1985 1303 2033 quod
1334 1986 1442 2021 audi-

321 2056 415 2091 erat,
454 2049 587 2095 (insita
618 2050 816 2085 hominum
847 2049 1003 2084 libidine
1034 2049 1156 2084 alendi
1183 2049 1226 2084 de
1257 2049 1442 2085 industria

321 2114 509 2156 rumores)
543 2112 723 2162 adjiceret
757 2113 911 2161 aliquid,
947 2113 1181 2162 provinciam
1215 2125 1365 2147 omnem
1395 2126 1439 2148 ac

321 2177 485 2211 maxime
505 2175 713 2226 longinqua
731 2177 810 2227 ejus
827 2177 994 2212 turbavit
1011 2192 1017 2212 :
1041 2177 1303 2225 adparuitque,
1320 2189 1439 2224 quau-

321 2248 400 2275 tam
430 2242 641 2278 excitatura
662 2242 800 2278 molem
822 2256 907 2278 vera
926 2242 1059 2278 fuisset
1079 2241 1217 2283 clades,
1239 2254 1355 2290 quum
1374 2255 1437 2277 va·

322 2316 390 2340 uus*
412 2317 540 2341 rumor
560 2313 685 2343 tanta<
707 2306 891 2357 procellas
913 2307 1111 2343 excivisset
1129 2320 1135 2341 ι
1171 2318 1246 2341 non
1277 2306 1368 2342 socii
1398 2307 1435 2342 in
