1523 2666
101 242 141 272 U.
155 242 192 272 C.
209 250 282 274 552.

101 289 136 314 Α.
154 287 189 316 C,
207 294 281 318 ⁸200.

103 565 164 596 Res
182 565 270 596 Gree-

104 618 172 638 czae.

104 692 242 722 Athenae

104 736 251 766 defensae‚

103 1611 232 1641 Chalci-

102 1655 177 1684 dem
191 1664 287 1685 occu-

105 1706 181 1737 pant
200 1699 262 1728 Ro-

105 1744 205 1773 mani.

296 144 380 196 296
750 156 794 187 Τ.
820 156 953 190 mvn
1000 147 1007 153 ’

293 248 415 278 torem
435 255 554 294 prope
574 244 803 284 debellatum
819 255 913 293 erat,
935 247 1067 285 consul
1086 261 1236 301 quoque
1262 251 1305 291 C.
1324 251 1406 291 Au-

294 306 421 351 relius,
449 308 640 357 perfeetis,
662 324 745 360 quae
774 311 910 349 Romae
946 313 1094 362 agenda
1121 314 1286 360 fuerant,
1315 329 1407 368 pro-

293 370 414 407 fectus
448 372 487 408 in
526 373 705 419 Galliam,
742 376 924 413 victorem
960 378 1168 415 exercitum
1199 392 1222 416 a
1244 386 1409 431 praetore

295 436 452 485 accepit.
510 438 655 474 Consul
671 439 779 483 alter,
801 453 916 490 quum
936 447 1120 478 autumno
1138 442 1257 479 ferme
1272 450 1409 481 exacto

295 500 335 535 in
364 501 600 550 provinciam
625 504 805 547 venisset,
838 506 938 542 circa
966 506 1212 557 Apolloniam
1230 508 1410 546 hiberna-

297 566 381 602 bat:
405 567 452 603 ab
474 568 606 613 classe,
625 582 709 618 quae
728 571 903 621 Corcyrae
921 572 1105 611 subducta
1120 581 1214 618 erat,
1237 575 1281 612 C.
1295 574 1410 611 Clau-

297 631 378 667 dius
409 632 656 682 triremesque
687 633 888 680 Romanae,
922 638 1037 684 (sicut
1059 645 1148 675 ante
1170 639 1313 675 dictum
1332 637 1407 685 est)

296 696 467 732 Athenas
504 698 642 741 missae,
675 711 790 747 quum
822 699 1006 737 Piraeeum
1045 703 1317 752 pervenissent,
1348 702 1412 738 de-

297 762 569 812 spondentibus
591 761 674 813 jam
695 764 841 800 animos
864 766 975 801 sociis
1000 778 1105 815 spem
1130 767 1327 815 ingentem
1345 766 1413 803 ad-

294 825 480 862 tulerant:
513 839 602 862 nam
630 833 667 863 et
697 834 894 864 terrestres
922 829 968 865 ab
1000 829 1203 874 Corintho,
1235 843 1318 880 quae
1345 842 1414 881 per

294 889 491 940 Megaram
509 892 743 927 incursiones
764 892 804 927 in
821 905 933 941 agros
953 893 1034 929 fieri
1054 893 1176 930 solitae
1192 900 1313 938 erant,
1331 907 1412 931 non

294 952 461 999 fiebant3
495 959 532 990 et
557 955 779 1003 praedonum
812 969 834 991 a
866 957 1046 994 Chalcide
1075 969 1203 1002 naveS,
1224 970 1307 1007 quae
1332 970 1414 995 non

296 1030 398 1053 mare
431 1018 553 1054 solum
586 1018 780 1062 infestum,
802 1020 867 1055 sed
896 1021 1009 1056 etiam
1036 1033 1166 1057 omnes
1201 1021 1413 1057 maritimos

298 1094 407 1129 agros
439 1083 738 1119 Atheniensibus
775 1083 959 1128 fecerant,
994 1097 1071 1120 non
1105 1085 1220 1121 modo
1254 1085 1415 1122 Sunium

298 1158 487 1195 superare,
510 1147 574 1182 sed
599 1159 668 1182 nec
703 1152 812 1183 extra
841 1147 979 1184 fretum
1009 1148 1147 1199 Euripi
1175 1149 1414 1185 committere

298 1217 430 1259 aperto
460 1211 554 1246 mari
586 1223 625 1247 se
656 1211 858 1248 audebant.
916 1216 1220 1263 Supervenerunt
1250 1214 1308 1250 his
1337 1219 1413 1250 tres

296 1274 460 1313 Bhodize
492 1276 760 1324 quadriremes,
788 1283 825 1312 et
855 1284 963 1313 erant
992 1279 1133 1314 Atticae
1169 1285 1245 1314 tres
1274 1284 1414 1328 apertae

298 1353 427 1384 naves,
449 1343 494 1378 ad
515 1343 672 1378 tuendos
691 1345 901 1379 maritimos
923 1355 1035 1390 agros
1053 1348 1296 1393 comparatae.
1325 1341 1414 1378 Hac

299 1405 417 1441 classe
448 1407 479 1441 si
505 1407 593 1443 urbs
621 1409 777 1456 agrique
797 1408 1089 1443 Atheniensium
1109 1406 1414 1450 defenderentur,

299 1470 388 1504 sutis
411 1471 449 1506 in
477 1473 680 1521 praesentia
703 1472 937 1507 existimanti
959 1470 1116 1507 Claudio
1143 1483 1237 1514 esse,
1258 1469 1413 1520 majoris

299 1534 413 1569 etiam
434 1536 486 1570 rei
508 1535 662 1571 fortuna
684 1536 815 1572 oblata
835 1543 903 1572 est.

355 1597 515 1634 XXffl.
545 1600 706 1636 Exsules
742 1600 788 1635 ab
821 1599 1015 1641 Chalcide,
1047 1599 1239 1648 regiorum
1266 1597 1414 1648 injuriis

300 1662 412 1713 pulsi,
433 1663 663 1707 adtulerunt,
682 1666 859 1714 occupari
877 1664 1095 1700 Chalcidem
1113 1664 1194 1699 sine
1209 1663 1416 1699 certamine

301 1727 378 1764 ullo
398 1741 531 1778 posse:
564 1742 652 1765 nam
679 1737 717 1765 et
743 1729 990 1772 Macedonas,
1013 1730 1101 1778 quia
1118 1728 1244 1765 nullus
1265 1729 1303 1764 in
1323 1740 1414 1779 pro-

298 1793 442 1844 pinquo
473 1794 521 1828 sit
548 1793 716 1830 hostium
747 1802 882 1837 metus,
904 1794 1032 1842 vagari
1060 1792 1216 1843 passim,
1237 1799 1275 1828 et
1303 1791 1414 1842 oppi-

298 1858 432 1902 danos,
453 1860 628 1908 praesidio
647 1859 905 1896 Macedonum
924 1859 1059 1902 fretos,
1078 1858 1290 1895 custodiam
1310 1857 1414 1894 urbis

297 1923 503 1972 negligere.
570 1923 644 1960 His
682 1924 902 1960 auctoribus
935 1923 1145 1974 profectuS,
1184 1934 1416 1971 quamquam

299 1988 459 2024 Sunium
492 1988 545 2024 ita
570 1995 716 2024 mature
744 1994 980 2039 pervenerat,
1003 1994 1044 2023 ut
1070 1987 1157 2023 inde
1182 1986 1340 2037 provehi
1368 1985 1417 2024 ad

297 2054 437 2103 primas
462 2054 656 2102 angustias
684 2054 844 2091 Euboeae
864 2059 1018 2104 posset3
1050 2064 1098 2089 ne
1126 2060 1306 2102 superato
1325 2064 1416 2102 pro-

297 2119 491 2154 montorio
521 2119 818 2169 conspiceretur,
846 2118 1006 2155 classem
1030 2119 1070 2154 in
1103 2117 1270 2153 statione
1299 2127 1417 2166 usque

297 2183 343 2220 ad
360 2189 512 2220 noctem
532 2184 666 2220 tenuit.
723 2183 859 2220 Primis
882 2183 1050 2220 tenebris
1079 2182 1222 2219 movit:
1253 2186 1292 2217 et
1309 2186 1417 2217 tran-

295 2247 414 2297 quillo
436 2253 633 2297 pervectus
661 2247 901 2292 Chalcidem,
931 2247 1060 2300 paullo
1079 2253 1168 2284 ante
1188 2245 1326 2289 lucem,
1342 2257 1418 2294 qua

294 2311 640 2362 infrequentissima
659 2312 762 2351 urbis
786 2320 888 2357 sunt,
916 2313 1047 2365 paucis
1066 2309 1251 2351 militibus
1273 2308 1410 2348 turrim
