1523 2666
282 177 364 220 270
744 184 790 212 T.
815 184 949 214 LIV11

82 280 259 313 u,c,551,
278 268 405 318 gibuS,
435 283 567 320 pacem
592 271 777 310 fecerunt.
831 275 961 312 Naves
991 275 1141 326 longaS,
1163 277 1402 329 elephantos,

86 324 256 355 A·C·20¹·
279 333 473 383 perfugaS,
493 335 689 385 fugitivos,
712 340 948 388 captivorum
965 347 1128 390 quatuor
1146 342 1265 380 mima
1283 345 1400 381 tradi-

280 397 439 435 derunt:
472 400 571 436 inter
592 415 685 451 quos
706 403 755 442 Q.
768 403 971 442 Terentius
990 406 1126 443 Culleo
1143 413 1296 444 senator
1313 408 1400 446 fuit.

84 458 269 533 Iffiggffitae
278 461 407 500 Naves
428 471 625 514 provectas
647 468 685 502 in
706 467 825 504 altum
844 469 996 507 incendi
1009 470 1127 522 jussit
1144 487 1150 508 :
1174 473 1400 522 quingentas

83 512 190 577 ἓᾶηξ,
280 528 397 565 fuisse
417 531 541 566 omnis
572 533 736 580 generis,
758 546 841 582 quae
870 535 982 571 remis
1012 543 1229 585 agerentur,
1250 536 1404 586 quidam

277 595 458 630 tradunt:
509 608 668 644 quarum
706 604 954 648 conspectum
991 606 1148 650 repente
1183 600 1402 637 incendium

277 664 358 694 tam
388 658 550 708 lugubre
578 660 695 697 fuisse
716 661 861 707 Poenis,
883 676 995 712 quam
1021 665 1054 700 si
1080 670 1162 702 tum
1186 665 1270 716 ipsa
1297 665 1400 701 Kar-

277 722 397 770 thago
418 723 579 760 arderet.
634 724 696 761 De
714 726 881 776 perfugis
912 729 1077 776 gravius,
1098 741 1211 777 quam
1230 728 1275 764 de
1300 728 1402 776 fugi-

277 786 380 829 tivis,
411 786 651 834 consultum3
684 790 850 826 nominis
877 790 1010 827 Latini
1037 792 1102 841 qui
1131 797 1253 835 erant,
1280 792 1403 828 securi

279 852 461 900 percussi,
482 851 652 890 Romani
671 854 708 890 in
732 867 880 891 crucem
901 855 1053 892 sublati.

306 964 311 971 .
333 916 482 953 XLIV.
511 918 634 954 Annis
656 925 743 955 ante
764 919 1016 969 quadraginta
1034 933 1108 970 pax
1128 932 1214 956 cum
1228 919 1399 957 Kartha-

280 980 516 1028 giniensibus
563 990 759 1032 postremo
796 984 899 1020 faeta
937 990 1030 1027 erat,
1064 983 1114 1022 Q.
1133 983 1307 1027 Lutatio,
1352 985 1401 1022 A.

279 1043 430 1080 Manlio
447 1046 665 1082 consulibus
682 1061 689 1082 ;
722 1046 863 1083 bellum
882 1047 1019 1082 initum
1041 1048 1150 1082 annis
1170 1054 1258 1097 post
1276 1046 1399 1084 tribus

280 1114 319 1143 et
351 1109 502 1157 viginti,
533 1109 577 1147 P.
599 1110 794 1154 Cornelio,
828 1111 889 1147 Ti.
910 1111 1136 1161 Sempronio
1170 1110 1402 1149 consulibus.

279 1172 451 1210 Finitum
481 1182 538 1211 est
567 1177 880 1227 septimodecimo
904 1188 1020 1219 anno,
1048 1175 1119 1211 Cn.
1141 1175 1337 1219 Cornelio,
1356 1175 1402 1213 P.

281 1236 388 1273 AElio
406 1238 516 1275 Paeto
536 1240 769 1277 consulibus.
829 1241 936 1290 Saepe
954 1244 1089 1289 postea
1106 1238 1234 1275 ferunt
1254 1239 1403 1290 Scipio·

278 1313 368 1338 nem
388 1303 539 1347 dixisse,
559 1304 621 1342 Ti.
640 1305 790 1341 Claudii
807 1305 972 1355 primum
989 1303 1248 1353 cupiditatem,
1269 1303 1405 1340 deinde

283 1365 354 1402 Cn.
376 1367 559 1412 Cornelii,
585 1369 703 1406 fuisse
734 1370 772 1405 in
800 1382 921 1411 mora,
943 1381 1018 1417 quo
1041 1369 1165 1404 minus
1195 1368 1234 1404 id
1261 1366 1404 1404 bellum

283 1430 401 1467 exitio
420 1431 673 1482 Karthaginis
694 1433 831 1470 finiret.
888 1432 1122 1481 Karthagini
1142 1444 1256 1481 quum
1282 1432 1407 1482 prima

282 1495 452 1533 conlatio
470 1499 641 1547 pecuniae
662 1498 810 1534 diutino
829 1497 932 1534 bello
952 1498 1145 1534 exhaustis
1169 1496 1328 1533 difficilis
1347 1496 1405 1533 vi-

282 1559 449 1604 deretur,
469 1563 728 1611 maestitiaque
757 1568 795 1598 et
820 1562 930 1598 fletus
960 1562 1000 1597 in
1019 1562 1124 1597 curia
1142 1566 1255 1603 esset,
1276 1560 1404 1596 riden-

91 1625 202 1673 R'ssus.
285 1629 364 1661 tem
394 1625 654 1663 Hannibalem
686 1627 815 1663 ferunt
842 1632 1113 1676 conspectum:
1146 1625 1253 1675 cujus
1288 1637 1405 1674 quum

89 1668 276 1750 ffsassnzbff·
288 1688 508 1726 Hasdrubal
527 1690 671 1726 Haedus
691 1691 809 1726 risum
833 1691 1047 1740 increparet
1065 1689 1105 1725 iu
1123 1688 1278 1739 publico
1297 1689 1403 1732 fletu,

91 1754 155 1784 1500
170 1754 260 1786 fletu·
287 1767 404 1804 quum
422 1755 502 1804 ipse
531 1753 772 1791 lacrimarum
792 1766 925 1791 caussa
943 1760 1065 1799 esset3
1098 1753 1154 1796 Si,
1176 1754 1406 1802 quemadmo-

287 1820 374 1855 dum
392 1821 463 1855 oris
491 1819 630 1856 habitus
649 1821 807 1856 cernitur
825 1820 950 1862 oculis,
970 1819 1108 1867 inquit,
1128 1820 1178 1855 sic
1206 1823 1242 1855 et
1266 1819 1409 1855 animus

284 1885 380 1920 intus
399 1886 496 1920 cerni
520 1889 651 1932 posset,
662 1884 783 1933 facile
800 1884 895 1920 vobis
913 1885 1119 1931 adpareret,
1139 1895 1212 1919 non
1241 1884 1328 1926 Zaeti,
1347 1883 1409 1919 sed

280 1960 398 1996 prope
432 1950 584 1984 amentis
618 1949 726 1984 malis
762 1949 878 1984 cordis
916 1947 1022 1990 hunc,
1061 1959 1165 1995 quem
1200 1948 1407 1995 increpatis,

285 2014 400 2048 risum
419 2025 513 2050 esse:
541 2015 602 2062 qui
622 2018 743 2049 tamen
770 2024 995 2060 nequaquam
1014 2012 1101 2047 adeo
1120 2015 1170 2047 est
1188 2012 1411 2058 intempesti-

286 2089 364 2121 vus,
385 2090 492 2126 quam
510 2082 633 2113 vestrae
656 2078 733 2113 istae
750 2077 910 2113 absurdce
928 2081 1036 2124 atque
1054 2075 1282 2111 abhorrentes
1301 2075 1409 2111 lacri-

288 2154 356 2178 mce
382 2147 475 2178 sunt.
538 2142 638 2178 Tunc
651 2141 758 2191 flesse
787 2142 920 2184 decuit,
941 2152 1049 2190 quum
1068 2140 1215 2176 ademta
1232 2138 1330 2175 nobis
1347 2150 1409 2174 ar·-

287 2218 363 2249 ma,
400 2208 547 2243 incensae
581 2218 701 2250 naves,
736 2207 966 2243 interdictum
1003 2206 1157 2241 externis
1187 2203 1312 2240 bellis:
1343 2203 1410 2239 illo

289 2272 383 2306 enim
401 2272 548 2307 vulnere
567 2272 796 2308 concidimus.
844 2271 922 2306 Nec
940 2282 1010 2306 esse
1028 2271 1067 2305 in
1085 2281 1158 2311 vos,
1180 2268 1261 2304 odio
1279 2271 1408 2309 vestro,

290 2336 489 2371 consultum
511 2336 553 2372 ab
573 2335 748 2371 Romanis
767 2335 930 2372 credatis.
989 2334 1106 2371 Nulla
1133 2343 1267 2380 magna
1285 2332 1409 2367 civitas

1510 1919 1518 1964 a*
