1507 2656
280 193 433 221 Lmen
457 191 639 221 xxxrv.
671 191 778 220 cAP.
802 191 946 221 xxv1.
1088 182 1169 233 461

59 278 156 318 {lites
183 282 417 331 equitesque,
448 283 511 331 qui
541 282 640 318 circa
675 280 879 330 Cylarabin
913 282 1171 331 (gymnasium
1185 291 1227 322 U.
1242 291 1366 328 05⁵7.

60 345 98 381 id
118 355 174 382 est
193 347 315 382 minus
339 352 527 382 trecentos
558 358 688 396 passus
719 345 765 382 ab
797 345 907 391 urbe)
931 359 1016 382 cum
1047 360 1171 383 erum·
1183 335 1274 366 A.C.
1294 342 1365 367 ¹9⁵·

60 410 236 460 pentibus
256 424 277 447 a
296 418 406 461 porta
431 410 732 446 Lacedaemoniis
763 409 939 460 proelium
971 412 1171 448 commise-

60 482 161 517 runt,
183 482 295 523 atque
315 464 378 510 eos
398 474 498 510 haud
517 486 657 523 magno
679 475 885 511 certamine
905 475 1172 525 compulerunt

59 538 98 573 in
128 538 280 574 urbem:
313 544 351 574 et
381 545 504 574 castra
533 551 581 574 eo
613 539 697 588 ipso
728 538 829 582 loco,
862 539 928 575 ubi
957 545 1172 589 pugnatum

57 607 151 643 erat,
172 602 377 651 imperator
395 601 593 638 Romanus
614 603 753 652 posuit.
810 603 924 639 Diem
946 604 1032 640 inde
1054 616 1172 641 unum

59 665 96 700 in
117 665 276 715 speculis
297 665 383 708 fuit,
405 667 435 701 si
455 666 544 715 quid
570 667 657 702 novi
687 672 813 702 motus
844 668 1029 703 oriretur:
1063 674 1170 717 post·

58 741 171 778 quam
191 730 409 779 obpressam
430 737 531 766 metu
552 731 743 766 civitatem
762 731 870 774 vidit,
893 731 1053 767 advocat
1078 744 1173 768 con-

60 792 188 829 cilium
208 794 253 829 de
275 794 539 845 obpugnandis
559 795 686 844 Argis.
743 794 928 831 Omnium
957 796 1174 845 principum

62 856 233 901 Graeciae,
254 865 390 908 praeter
408 859 653 902 Aristaenum,
683 859 813 896 eadem
842 860 1033 896 sententia
1062 866 1141 896 erat
1160 876 1170 905 ;

62 934 178 970 quum
197 935 330 958 caussa
355 922 444 958 belli
473 936 552 959 non
582 923 655 959 alia
684 931 796 968 esset,
817 924 905 960 inde
934 924 1175 974 potissimum

62 986 237 1022 ordiundi
255 986 409 1024 bellum.
466 988 651 1026 Quinctio
671 988 709 1024 id
727 1000 965 1038 nequaquam
985 987 1174 1038 placebat,

61 1050 124 1086 sed
153 1051 397 1094 Aristaenum,
429 1058 562 1087 contra
592 1053 762 1088 omnium
796 1064 1023 1088 consensum
1057 1052 1176 1088 disse·

60 1120 221 1158 rentem,
242 1128 328 1152 cum
355 1115 457 1151 haud
486 1115 600 1152 dubia
629 1116 906 1166 adprobatione
936 1116 1106 1152 audivit:
1138 1122 1177 1151 et

61 1178 140 1228 ipse
159 1177 311 1228 adjecit,
332 1192 440 1228 quum
456 1192 523 1228 pro
537 1182 684 1228 Argivis
702 1182 871 1217 adversus
891 1185 1082 1228 tyrannum
1102 1179 1176 1215 bel·

0 1265 3 1282 .
62 1243 137 1278 lum
160 1248 361 1291 susceptum
387 1245 447 1286 sit,
469 1244 556 1292 quid
582 1246 701 1280 minus
729 1247 936 1281 conveniens
963 1256 1046 1286 esse,
1068 1254 1177 1291 quam

0 1304 1 1312 ¹
62 1308 187 1342 omisso
215 1306 312 1343 hoste
339 1309 456 1356 Argos
484 1308 715 1355 obpugnari?
761 1309 808 1344 Se
838 1320 920 1344 vero
952 1312 1061 1355 caput
1092 1307 1177 1342 belli

62 1370 354 1407 Lacedoemonem
381 1376 417 1407 εἰ·
445 1376 638 1419 tyrannum
662 1373 873 1420 petiturum.
929 1371 996 1413 Et,
1017 1369 1174 1406 dimisso

5 1452 6 1455 ¹
62 1434 239 1479 concilio,
282 1435 555 1472 frumentatum
599 1436 794 1487 expeditas
838 1436 1015 1472 cohortes
1058 1434 1173 1470 misit.

5 1491 6 1503 ³
62 1498 178 1536 Quod
208 1500 346 1535 maturi
377 1505 458 1535 erat
489 1500 603 1543 circa,
637 1500 850 1536 demessum
879 1508 918 1535 et
947 1504 1175 1535 convectum

60 1568 143 1598 est:
175 1563 307 1606 viride,
326 1575 375 1598 ne
404 1563 533 1600 hostes
561 1576 653 1600 mox
682 1564 881 1607 haberent,
901 1563 1106 1613 protritum
1137 1566 1174 1596 et

61 1631 303 1676 conruptum.
350 1627 486 1663 Castra
504 1628 637 1663 deinde
656 1628 789 1671 movit,
811 1634 862 1671 et,
883 1626 1091 1663 Parthenio
1112 1636 1175 1660 su-

2 1723 6 1736 2
60 1696 194 1740 petato
213 1697 358 1734 monte,
379 1697 516 1741 praeter
535 1692 703 1740 Tegeam
732 1693 847 1728 tertio
877 1692 936 1727 die
965 1690 1012 1726 ad
1032 1690 1174 1738 Caryas

62 1755 191 1806 posuit
220 1762 369 1791 castra:
402 1755 469 1799 ibi,
492 1757 712 1806 priusquam
744 1756 914 1792 hostium
945 1756 1106 1791 intraret
1134 1766 1175 1789 a·

3 1859 7 1872 ἱ
63 1831 187 1867 grum,
209 1821 396 1856 sociorum
416 1820 557 1856 auxilia
577 1821 823 1870 exspectavit.
870 1820 1069 1856 Venerunt
1086 1817 1174 1854 Ma·
1190 1821 1393 1871 Lacedaemo-

10 1929 11 1935 1
63 1883 224 1919 cedones
245 1896 267 1918 a
286 1883 464 1933 Philippo
491 1883 593 1920 mille
612 1885 825 1933 quingenti,
847 1890 886 1920 et
905 1882 1175 1920 Thessalorum
1186 1875 1265 1897 ”em
1282 1871 1368 1906 pem*

10 1943 11 1976 ἶ
63 1947 207 1995 equites
228 1948 519 1996 quadringenti:
552 1961 622 1985 nec
634 1948 718 1999 jam
745 1948 900 1992 auxilia,
922 1961 1083 1997 quorum
1112 1948 1178 1984 ad·

64 2009 174 2046 satim
198 2018 292 2054 erat,
314 2013 377 2048 sed
407 2020 640 2049 commeatus
671 2013 842 2049 finitimis
873 2012 1029 2048 urbibus
1058 2013 1180 2062 impe-

65 2076 138 2112 rati
156 2077 402 2113 morabantur
415 2078 649 2114 Romanum.
680 2077 846 2114 Navales
863 2090 1015 2127 quoque
1031 2089 1180 2126 magna

67 2140 186 2190 copiae
206 2142 495 2178 conveniebant.
546 2142 632 2178 Jam
653 2141 700 2178 ab
720 2142 897 2178 Leucade
916 2141 963 2179 L.
976 2141 1180 2180 Quinctius

8 2203 15 2242 'k
68 2203 321 2253 quadraginta
355 2205 512 2241 navibus
543 2212 720 2242 venerat:
747 2204 830 2255 jam
860 2205 1023 2242 Rhodiae
1052 2204 1183 2240 decem

69 2275 107 2303 et
126 2274 215 2303 octo
234 2275 345 2305 tectae
365 2282 494 2313 naves,
508 2268 591 2319 jam
612 2269 801 2305 Eumenes
832 2282 897 2306 rex
924 2270 1023 2305 circa
1044 2267 1182 2317 Cycla-

65 2331 132 2368 das
157 2331 297 2369 insulas
319 2342 399 2371 erat
418 2347 503 2370 cum
533 2334 660 2370 decem
690 2335 800 2370 tectis
830 2334 1004 2378 navibus,
1025 2334 1185 2382 triginta

598 2397 682 2436 X3
