1507 2656
310 175 466 205 mnan
489 172 682 203 xxvnI.
715 173 822 202 CAP.
845 172 986 202 xnv1.
1123 172 1200 216 153

91 267 277 304 exercitus
297 265 512 303 consulares
533 265 660 300 venit:
694 277 740 300 ex
767 264 819 300 eis
851 276 934 300 eum
958 263 1029 300 sibi
1052 264 1199 306 sumsit,
1212 258 1303 334 gg
1322 263 1396 334 gg}-

89 344 202 380 quem
233 331 279 367 L.
294 329 472 365 Veturius
507 327 640 364 consul
674 327 871 364 habuerat.
927 327 1103 370 Metello,
1142 334 1198 371 ut,
1246 325 1253 334 ’
1295 324 1301 333 '
1386 323 1395 333 '

90 395 225 444 quibus
251 393 461 443 praefuisset
486 391 715 439 legionibus,
736 391 781 426 iis
812 398 1002 440 praeesset,
1035 391 1199 439 (facilius

89 471 174 495 cum
197 458 358 494 adsuetis
378 456 537 505 imperio
558 468 636 491 rem
657 461 851 503 gesturum
870 456 991 503 ratus)
1015 456 1200 505 permisit.

87 521 140 558 Et
159 528 336 571 praetores
357 520 491 556 diversi
511 520 549 555 in
570 520 783 569 provincias
802 519 977 569 profecti.
1025 520 1090 562 Et,
1112 520 1200 568 quia

87 585 247 635 pecunia
270 584 316 620 ad
342 583 482 620 bellum
504 583 646 626 deerat,
675 583 755 632 agri
776 583 961 633 Campani
988 584 1197 632 regionem,

86 662 110 686 a
133 649 235 685 fossa
255 648 387 683 Graeca
415 647 461 683 ad
489 659 592 682 mare
622 659 780 689 versam,
808 647 968 682 vendere
991 653 1196 695 quaestores

80 712 199 764 jussi3
232 713 371 748 indicio
389 724 538 760 quoque
558 712 757 760 permisso,
779 712 841 759 qui
862 724 952 759 ager
972 712 1060 747 civis
1083 712 1196 747 Cam-

86 777 176 827 pani
196 776 342 818 fuisset,
364 782 405 811 ut
424 776 454 811 is
475 775 647 825 publicus
665 775 795 825 populi
810 774 977 811 Romani
997 782 1112 811 esset:
1136 776 1196 810 in-

87 841 159 876 dici
180 840 374 889 praemium
394 840 658 881 constitutum,
681 846 830 887 quantae
846 839 1014 889 pecuniae
1031 851 1120 887 ager
1136 839 1196 874 in-

85 903 228 938 dicatus
250 909 360 944 esset,
382 914 466 951 pars
488 901 644 937 decima.
700 902 753 937 Et
773 902 843 938 Cn.
865 901 1022 937 Servilio
1042 901 1197 951 praetori

84 966 186 1005 urbis
214 966 409 1014 negotium
435 966 578 1007 datum,
609 972 649 1001 ut
680 966 866 1015 Campani
892 966 1004 1008 cives,
1029 965 1091 1001 ubi
1117 966 1198 1001 cui-

85 1043 157 1079 que
177 1043 222 1066 ex
245 1029 575 1065 senatusconsulto
599 1029 731 1065 liceret
756 1030 943 1073 habitare,
967 1029 1021 1065 ibi
1047 1024 1214 1065 habita-⁷

86 1100 193 1140 rent3
226 1095 615 1142 animadverteretque
632 1095 669 1129 in
687 1106 765 1136 eos,
785 1095 848 1142 qui
865 1093 954 1129 alibi
967 1093 1197 1131 habitarent.

82 1158 227 1193 Eadem
253 1165 382 1193 aestate
404 1157 539 1205 Mago,
570 1157 798 1193 Hamilcaris
830 1157 941 1200 filius,
970 1169 1016 1193 ex
1049 1157 1196 1193 minore

83 1221 290 1257 Baliarium
311 1221 447 1263 insula,
469 1220 532 1256 ubi
554 1221 788 1263 hibernarat,
807 1220 1012 1270 juventute
1038 1220 1137 1257 lecta
1156 1221 1198 1256 in

82 1285 240 1320 classem
266 1285 444 1333 inposita,
467 1285 504 1319 in
528 1284 679 1320 Italiam
704 1285 861 1333 triginta
879 1284 997 1321 ferme
1021 1285 1192 1320 rostratis
1208 1287 1303 1327 Mago
1320 1288 1354 1318 in

1206 1332 1370 1369 Liguriam

83 1349 240 1384 navibus
269 1356 306 1383 et
332 1348 458 1383 multis
487 1348 683 1390 onerariis,
716 1347 912 1383 duodecim
939 1347 1057 1383 millia
1088 1349 1192 1397 pedi·
1205 1374 1346 1414 adpellit.

81 1424 177 1459 tum,
199 1417 273 1452 duo
294 1416 409 1452 ferme
428 1417 597 1464 equitum
619 1415 768 1465 trajecit
786 1432 792 1452 :
827 1416 1087 1465 Genuamque,
1108 1418 1194 1453 nul-

82 1480 127 1516 lis
148 1481 329 1529 praesidiis
352 1480 579 1515 maritimam
607 1492 711 1515 oram
737 1480 965 1521 tutantibus,
993 1481 1199 1530 repentino-

82 1544 242 1581 adventu
260 1544 358 1593 cepit
375 1559 381 1579 :
406 1544 491 1579 inde
512 1544 557 1579 ad
578 1556 682 1579 oram
701 1543 887 1592 Ligurum
903 1543 1143 1593 Alpinorum,
1161 1546 1202 1582 si-

81 1622 173 1658 quos
193 1609 244 1644 ibi
265 1615 387 1644 motus
415 1608 538 1644 facere
566 1614 707 1658 posset,
735 1608 892 1643 classem
911 1608 1070 1658 adpulit.
1125 1609 1192 1645 In-

82 1674 195 1721 gauni
220 1672 418 1720 (Ligurum
447 1685 490 1707 ea
517 1685 608 1720 gens
631 1673 703 1718 cst)
727 1672 865 1707 beilum
897 1686 941 1708 ea
966 1679 1192 1722 tempestate

83 1736 264 1784 gerebant
286 1748 369 1771 cum
390 1735 605 1784 Epanteriis
627 1736 829 1771 montanis.
886 1735 1009 1783 Igitur
1034 1737 1190 1780 Poenus,

83 1800 230 1836 Savone
245 1800 385 1849 oppido
405 1799 546 1849 Alpino
563 1800 685 1849 praeda
707 1799 890 1848 deposita,
909 1807 944 1834 et
963 1800 1092 1836 decem
1106 1800 1191 1836 lon-

82 1864 139 1912 gis
159 1864 314 1899 navibus
336 1865 372 1899 in
394 1865 557 1900 statione
578 1864 625 1899 ad
645 1864 857 1913 pra-sidium
879 1863 1033 1907 relictis,
1055 1866 1189 1901 ceteris

82 1927 358 1976 Karthaginem
390 1929 510 1963 missis
538 1927 585 1962 ad
616 1927 794 1963 tuendam
820 1928 1048 1963 maritimam
1068 1941 1188 1972 oram,

81 1994 169 2041 quia
198 1992 298 2028 fama
332 1999 410 2028 crat
441 1992 656 2041 Scipionem
690 1991 936 2041 trajecturum
968 2005 1062 2035 esse,
1094 1994 1187 2042 ipse,

82 2058 262 2093 societate
293 2070 378 2092 cum
404 2056 600 2104 Ingaunis,
621 2069 780 2104 quorum
811 2057 971 2104 gratiam
1006 2057 1186 2100 malebat,

83 2122 305 2171 composita,
323 2128 524 2157 montanos
542 2120 708 2155 instituit
728 2119 960 2170 obpugnare.
1017 2121 1070 2156 Et
1090 2134 1188 2157 cres-

82 2185 191 2221 cebat
210 2186 393 2222 exercitus
412 2187 450 2221 in
470 2186 560 2227 dies,
583 2184 629 2220 ad
650 2184 788 2220 famam
809 2185 973 2219 nominis
994 2183 1074 2234 ejus
1096 2185 1188 2221 Gal-

81 2248 126 2284 lis
158 2249 321 2298 undique
355 2248 645 2285 confluentibus.
705 2248 765 2283 Ea
797 2247 914 2282 literis
941 2248 1094 2295 cognita
1125 2249 1189 2299 Sp.

83 2311 266 2357 Lucretii,
284 2325 330 2349 ne
349 2312 502 2357 frustra,
519 2310 760 2349 Hasdrubale
780 2323 865 2348 cum
882 2311 1051 2348 exercitu
1067 2312 1190 2349 deleto

593 2374 674 2412 H5
