1523 2666
161 277 206 308 U.
219 277 257 309 C.
275 282 348 312 ⁵57·

158 322 202 354 Α.
217 321 254 352 C.
274 328 347 354 195.

161 1057 299 1098 Aufugit

161 1099 339 1133 Hannibal.

355 177 443 220 430
802 177 848 206 Τ.
870 177 1005 208 mvn

360 278 476 315 quum
491 265 696 310 venissent,
716 278 764 302 ex
781 266 942 303 consilio
963 267 1203 305 inimicorum
1223 268 1467 315 Hannibalis,

360 330 615 380 quaerentibus
642 343 812 367 caussam
842 331 1024 368 adventus
1054 333 1128 369 dici
1150 332 1373 383 jusserunt3
1405 349 1468 372 ve-

356 396 458 431 nisse
494 395 540 431 ad
574 396 866 438 controversias,
901 409 983 445 quae
1018 409 1103 433 cum
1138 397 1347 434 Masinissa
1381 411 1470 448 rege

354 458 609 495 Numidarum
637 459 1028 507 Karthaginiensibus
1055 468 1194 504 essent,
1217 462 1467 500 dirimendas:

354 524 394 560 id
422 524 606 560 creditum
626 523 754 572 vulgo.
811 523 1071 561 Hannibalem
1101 539 1215 562 unum
1246 539 1286 563 se
1313 528 1393 577 peti
1421 527 1469 564 ab

354 588 543 625 Romanis
563 601 642 624 non
660 588 818 625 fallebat
833 605 844 634 3
877 596 916 625 et
933 590 988 625 ita
1008 603 1138 639 pacem
1166 591 1470 641 Karthaginien-

356 653 460 690 sibus
481 653 608 690 datam
628 666 723 697 esse,
745 660 787 689 ut
806 654 1036 703 inexpiabile
1063 655 1207 692 bellum
1235 657 1411 693 adversus
1431 669 1471 694 se

356 731 475 755 unum
503 725 685 754 maneret.
743 717 878 766 Itaque
908 718 1040 754 cedere
1069 720 1232 769 tempori
1251 726 1290 756 et
1307 719 1471 756 fortunae

356 783 516 828 statuit3
547 789 598 825 et,
615 784 836 832 praeparatis
850 781 934 833 jam
955 783 1130 821 omnibus
1152 792 1241 821 ante
1259 784 1307 821 ad
1324 783 1470 833 fugam,

356 847 579 884 obversatus
614 861 660 883 eo
693 848 753 883 die
789 849 828 884 in
867 847 953 884 foro
991 850 1204 886 avertendae
1244 850 1470 900 suspicionis

356 925 504 955 caussa,
536 913 664 962 primis
698 912 864 949 tenebris
894 914 1035 950 vestitu
1071 914 1212 950 forensi
1244 914 1291 951 ad
1321 920 1472 965 portam

356 990 444 1013 cum
463 977 610 1014 duobus
629 977 833 1014 comitibus
854 979 994 1027 ignaris
1016 979 1165 1016 consilii
1185 986 1243 1015 est
1261 991 1445 1028 egressus.

411 1041 603 1078 XLVIII,
633 1042 760 1081 Quum
795 1044 896 1092 equi,
931 1057 1007 1092 quo
1040 1045 1080 1080 in
1109 1044 1195 1080 loco
1218 1043 1318 1093 jussi
1347 1049 1470 1087 erant,

356 1113 496 1157 praesto
523 1107 699 1150 fuissent,
721 1114 834 1143 nocte
864 1108 924 1144 via
953 1109 1027 1144 cita
1056 1109 1250 1157 regionem
1270 1108 1472 1158 quamdam

356 1172 438 1220 agri
471 1172 620 1208 Vocani
650 1179 922 1220 transgressus,
953 1180 1108 1223 postero
1139 1174 1199 1209 die
1228 1186 1339 1210 mane
1372 1173 1472 1208 inter
1521 1175 1523 1180 ’

354 1235 557 1272 Achollam
577 1243 614 1272 et
633 1236 830 1286 Thapsum
850 1238 897 1273 ad
917 1251 1022 1274 suam
1040 1239 1175 1274 turrim
1194 1239 1378 1288 pervenit.
1407 1237 1471 1274 Ibi
1522 1225 1523 1231 ¹

355 1312 442 1336 eum
461 1307 595 1350 parata
614 1302 875 1350 instructaque
894 1303 1052 1351 remigio
1077 1304 1226 1352 excepit
1254 1303 1359 1339 navis
1376 1317 1383 1338 :
1416 1302 1472 1338 ita

354 1364 487 1401 Africa
507 1365 705 1402 Hannibal
725 1368 900 1410 excessit,
922 1368 1058 1417 saepius
1079 1369 1226 1418 patriae,
1247 1380 1360 1417 quam
1380 1379 1469 1403 suo-

353 1441 439 1464 rum
458 1437 613 1465 eventus
642 1430 854 1468 miseratus.
910 1431 971 1467 Eo
991 1431 1050 1467 die
1070 1432 1109 1467 in
1137 1432 1336 1468 Cercinam
1364 1431 1468 1466 insu·

353 1491 429 1528 lam
455 1492 604 1542 trajecit
623 1509 629 1529 :
665 1494 728 1530 ubi
750 1508 864 1542 quum
884 1496 923 1530 in
941 1501 1055 1545 portu
1072 1508 1187 1531 naves
1208 1495 1354 1543 aliquot
1373 1506 1466 1530 one·

351 1559 469 1594 rarias
490 1572 575 1595 cum
595 1560 780 1595 mercibus
803 1562 1021 1603 invenisset,
1044 1568 1082 1596 et
1102 1561 1148 1596 ad
1168 1573 1360 1609 egressum
1381 1572 1466 1595 eum

352 1633 372 1656 e
392 1634 487 1658 nave
508 1636 712 1659 concursus
733 1624 981 1660 salutantium
1001 1632 1099 1660 esset
1125 1624 1272 1669 factus3
1305 1635 1467 1673 percon-

350 1685 521 1722 tantibus
541 1687 709 1735 legatum
730 1700 768 1723 Se
788 1688 932 1738 Tyrum
952 1689 1025 1724 dici
1038 1687 1167 1738 jussit.
1225 1687 1378 1723 Veritus
1407 1693 1467 1723 ta-

349 1762 452 1794 men,
473 1764 521 1787 ne
541 1764 616 1800 qua
635 1764 763 1788 earum
791 1753 898 1788 navis
928 1760 1042 1789 nocte
1070 1752 1242 1802 profecta
1271 1752 1467 1801 Thapsum

350 1822 417 1851 aut
444 1816 646 1852 Achollam
676 1818 889 1860 nunciaret,
919 1829 958 1853 se
985 1818 1156 1853 Cercinae
1186 1817 1320 1859 visum,
1351 1815 1466 1851 sacri·-

348 1878 435 1915 ficio
457 1880 628 1929 adparari
651 1880 776 1929 jizSSO,
798 1882 1000 1928 magistros
1030 1881 1185 1916 navium
1215 1885 1464 1916 mercatores·

349 1955 421 1991 que
440 1944 592 1978 invitari
606 1942 723 1993 jussit
741 1958 748 1978 ;
779 1951 815 1979 et
835 1943 917 1980 vela
937 1957 1021 1980 cum
1042 1944 1217 1979 antennis
1239 1956 1285 1979 ex
1304 1942 1463 1978 navibus

348 2008 564 2055 conrogari,
581 2014 621 2043 ut
641 2008 775 2043 umbra
792 2008 950 2055 (etenim
971 2008 1095 2043 media
1116 2014 1223 2043 aestas
1244 2007 1343 2043 forte
1364 2006 1461 2053 erat)

348 2071 589 2106 coenamibus
610 2072 647 2106 in
669 2071 780 2108 litore
800 2071 917 2108 fieret.
963 2072 1161 2111 Quantum
1180 2083 1238 2106 res
1259 2078 1297 2106 et
1315 2078 1464 2120 tempus

345 2135 606 2184 patiebantur,
628 2136 817 2185 aclparatae
849 2136 1122 2185 celebrataeque
1149 2134 1229 2185 ejus
1251 2135 1324 2171 diei
1345 2134 1464 2185 epulae

346 2206 461 2234 sunt:
494 2199 690 2249 multoque
724 2201 812 2236 vino
846 2201 885 2236 in
923 2213 1048 2236 serum
1084 2200 1208 2235 noctis
1248 2199 1462 2235 convivium

346 2263 584 2312 productum.
642 2264 854 2308 Hannibal,
876 2278 988 2314 quam
1018 2266 1181 2315 primum
1206 2263 1363 2300 fallendi
1382 2275 1461 2308 eos,

345 2328 409 2376 qui
439 2328 478 2364 in
508 2335 620 2379 portu
651 2336 772 2374 erant,
801 2336 950 2381 tempus
979 2329 1128 2373 habuit,
1157 2341 1290 2365 navem
1319 2327 1456 2365 solvit:
