<?xml version="1.0" encoding="UTF-8"?>
<!DOCTYPE html PUBLIC "-//W3C//DTD XHTML 1.0 Transitional//EN"
    "http://www.w3.org/TR/xhtml1/DTD/xhtml1-transitional.dtd">
<html xmlns="http://www.w3.org/1999/xhtml" xml:lang="en" lang="en">
 <head>
  <title>
</title>
<meta http-equiv="Content-Type" content="text/html;charset=utf-8" />
  <meta name='ocr-system' content='tesseract 3.04.00' />
  <meta name='ocr-capabilities' content='ocr_page ocr_carea ocr_par ocr_line ocrx_word'/>
</head>
<body>
  <div class='ocr_page' id='page_1' title='image "./historiarumquaes03livyuoft/historiarumquaes03livyuoft_0460.png"; bbox 0 0 1523 2666; ppageno 0'>
   <div class='ocr_carea' id='block_1_1' title="bbox 304 155 969 200">
    <p class='ocr_par' dir='ltr' id='par_1_1' title="bbox 304 155 969 200">
     <span class='ocr_line' id='line_1_1' title="bbox 304 155 969 200; baseline 0 -12"><span class='ocrx_word' id='word_1_1' title='bbox 304 155 389 200; x_wconf 80' lang='lat'>450</span> <span class='ocrx_word' id='word_1_2' title='bbox 765 160 810 188; x_wconf 74' lang='grc' dir='ltr'>Τ.</span> <span class='ocrx_word' id='word_1_3' title='bbox 836 159 969 188; x_wconf 79' lang='lat' dir='ltr'>L1vr1</span> 
     </span>
    </p>
   </div>
   <div class='ocr_carea' id='block_1_2' title="bbox 110 244 1422 286">
    <p class='ocr_par' dir='ltr' id='par_1_2' title="bbox 110 244 1422 286">
     <span class='ocr_line' id='line_1_2' title="bbox 110 244 1422 286; baseline 0.003 -4"><span class='ocrx_word' id='word_1_4' title='bbox 110 244 153 275; x_wconf 87' lang='lat' dir='ltr'>U·</span> <span class='ocrx_word' id='word_1_5' title='bbox 170 245 205 276; x_wconf 89' lang='lat' dir='ltr'>C·</span> <span class='ocrx_word' id='word_1_6' title='bbox 222 252 389 283; x_wconf 73' lang='lat' dir='ltr'>⁵⁵7-tum</span> <span class='ocrx_word' id='word_1_7' title='bbox 410 247 507 283; x_wconf 89' lang='lat' dir='ltr'>iuter</span> <span class='ocrx_word' id='word_1_8' title='bbox 523 254 646 284; x_wconf 82' lang='lat' dir='ltr'>castra</span> <span class='ocrx_word' id='word_1_9' title='bbox 666 260 734 285; x_wconf 86' lang='lat' dir='ltr'>sua</span> <span class='ocrx_word' id='word_1_10' title='bbox 756 255 794 285; x_wconf 86' lang='lat' dir='ltr'>et</span> <span class='ocrx_word' id='word_1_11' title='bbox 818 249 987 285; x_wconf 89' lang='lat' dir='ltr'>hostium</span> <span class='ocrx_word' id='word_1_12' title='bbox 1009 249 1126 286; x_wconf 88' lang='lat' dir='ltr'>aciem</span> <span class='ocrx_word' id='word_1_13' title='bbox 1147 249 1320 286; x_wconf 82' lang='lat' dir='ltr'>relictum</span> <span class='ocrx_word' id='word_1_14' title='bbox 1341 256 1422 286; x_wconf 88' lang='lat' dir='ltr'>erat</span> 
     </span>
    </p>
   </div>
   <div class='ocr_carea' id='block_1_3' title="bbox 110 289 288 323">
    <p class='ocr_par' dir='ltr' id='par_1_3' title="bbox 110 289 288 323">
     <span class='ocr_line' id='line_1_3' title="bbox 110 289 288 323; baseline 0.011 -4"><span class='ocrx_word' id='word_1_15' title='bbox 110 291 149 319; x_wconf 88' lang='lat' dir='ltr'>A.</span> <span class='ocrx_word' id='word_1_16' title='bbox 165 289 200 320; x_wconf 93' lang='lat' dir='ltr'>C.</span> <span class='ocrx_word' id='word_1_17' title='bbox 218 298 288 323; x_wconf 77' lang='lat'>195.</span> 
     </span>
    </p>
   </div>
   <div class='ocr_carea' id='block_1_4' title="bbox 108 1678 263 1720">
    <p class='ocr_par' dir='ltr' id='par_1_4' title="bbox 108 1678 263 1720">
     <span class='ocr_line' id='line_1_4' title="bbox 108 1678 263 1720; baseline -0.006 -9"><span class='ocrx_word' id='word_1_18' title='bbox 108 1678 149 1711; x_wconf 74' lang='lat' dir='ltr'>Et</span> <span class='ocrx_word' id='word_1_19' title='bbox 164 1678 263 1720; x_wconf 77' lang='lat' dir='ltr'>fugat.</span> 
     </span>
    </p>
   </div>
   <div class='ocr_carea' id='block_1_5' title="bbox 305 311 1421 429">
    <p class='ocr_par' dir='ltr' id='par_1_5' title="bbox 305 311 1421 429">
     <span class='ocr_line' id='line_1_5' title="bbox 305 311 1421 364; baseline 0.003 -17"><span class='ocrx_word' id='word_1_20' title='bbox 305 311 395 355; x_wconf 86' lang='lat' dir='ltr'>loci,</span> <span class='ocrx_word' id='word_1_21' title='bbox 416 313 569 349; x_wconf 87' lang='lat' dir='ltr'>armatis</span> <span class='ocrx_word' id='word_1_22' title='bbox 587 313 791 364; x_wconf 88' lang='lat' dir='ltr'>complent.</span> <span class='ocrx_word' id='word_1_23' title='bbox 850 313 955 350; x_wconf 87' lang='lat' dir='ltr'>Dum</span> <span class='ocrx_word' id='word_1_24' title='bbox 971 315 1161 364; x_wconf 79' lang='lat' dir='ltr'>trepidant</span> <span class='ocrx_word' id='word_1_25' title='bbox 1179 314 1260 351; x_wconf 85' lang='lat' dir='ltr'>acie</span> <span class='ocrx_word' id='word_1_26' title='bbox 1279 315 1421 350; x_wconf 80' lang='lat' dir='ltr'>instru—</span> 
     </span>
     <span class='ocr_line' id='line_1_6' title="bbox 306 377 1420 429; baseline 0.003 -17"><span class='ocrx_word' id='word_1_27' title='bbox 306 377 416 420; x_wconf 84' lang='lat' dir='ltr'>enda,</span> <span class='ocrx_word' id='word_1_28' title='bbox 438 377 584 422; x_wconf 87' lang='lat' dir='ltr'>consul,</span> <span class='ocrx_word' id='word_1_29' title='bbox 599 377 683 428; x_wconf 75' lang='lat' dir='ltr'>jam</span> <span class='ocrx_word' id='word_1_30' title='bbox 705 379 846 429; x_wconf 86' lang='lat' dir='ltr'>paratis</span> <span class='ocrx_word' id='word_1_31' title='bbox 869 379 1128 428; x_wconf 83' lang='lat' dir='ltr'>ordinatisque</span> <span class='ocrx_word' id='word_1_32' title='bbox 1148 379 1340 422; x_wconf 87' lang='lat' dir='ltr'>omnibus,</span> <span class='ocrx_word' id='word_1_33' title='bbox 1361 379 1420 415; x_wconf 91' lang='lat' dir='ltr'>in—</span> 
     </span>
    </p>
   </div>
   <div class='ocr_carea' id='block_1_6' title="bbox 304 443 1421 495">
    <p class='ocr_par' dir='ltr' id='par_1_6' title="bbox 304 443 1421 495">
     <span class='ocr_line' id='line_1_7' title="bbox 304 443 1421 495; baseline 0.002 -17"><span class='ocrx_word' id='word_1_34' title='bbox 304 443 538 494; x_wconf 84' lang='lat' dir='ltr'>compositos</span> <span class='ocrx_word' id='word_1_35' title='bbox 572 443 816 492; x_wconf 81' lang='lat' dir='ltr'>adgreditur:</span> <span class='ocrx_word' id='word_1_36' title='bbox 850 446 994 494; x_wconf 79' lang='lat' dir='ltr'>equites</span> <span class='ocrx_word' id='word_1_37' title='bbox 1022 445 1162 495; x_wconf 87' lang='lat' dir='ltr'>primos</span> <span class='ocrx_word' id='word_1_38' title='bbox 1192 444 1239 481; x_wconf 89' lang='lat' dir='ltr'>ab</span> <span class='ocrx_word' id='word_1_39' title='bbox 1261 451 1421 494; x_wconf 87' lang='lat' dir='ltr'>utroque</span> 
     </span>
    </p>
   </div>
   <div class='ocr_carea' id='block_1_7' title="bbox 301 508 1429 2383">
    <p class='ocr_par' dir='ltr' id='par_1_7' title="bbox 301 508 1429 2383">
     <span class='ocr_line' id='line_1_8' title="bbox 305 508 1423 559; baseline 0.002 -16"><span class='ocrx_word' id='word_1_40' title='bbox 305 521 424 544; x_wconf 91' lang='lat' dir='ltr'>cornu</span> <span class='ocrx_word' id='word_1_41' title='bbox 458 509 496 543; x_wconf 87' lang='lat' dir='ltr'>in</span> <span class='ocrx_word' id='word_1_42' title='bbox 534 521 701 558; x_wconf 77' lang='lat' dir='ltr'>pugnam</span> <span class='ocrx_word' id='word_1_43' title='bbox 736 508 876 552; x_wconf 85' lang='lat' dir='ltr'>educit,</span> <span class='ocrx_word' id='word_1_44' title='bbox 908 510 972 546; x_wconf 86' lang='lat' dir='ltr'>sed</span> <span class='ocrx_word' id='word_1_45' title='bbox 998 512 1037 546; x_wconf 90' lang='lat' dir='ltr'>in</span> <span class='ocrx_word' id='word_1_46' title='bbox 1065 511 1199 547; x_wconf 83' lang='lat' dir='ltr'>dextro</span> <span class='ocrx_word' id='word_1_47' title='bbox 1230 508 1423 559; x_wconf 81' lang='lat' dir='ltr'>extemplo</span> 
     </span>
     <span class='ocr_line' id='line_1_9' title="bbox 305 572 1424 626; baseline 0.003 -18"><span class='ocrx_word' id='word_1_48' title='bbox 305 572 417 623; x_wconf 81' lang='lat' dir='ltr'>pulsi,</span> <span class='ocrx_word' id='word_1_49' title='bbox 439 574 691 622; x_wconf 75' lang='lat' dir='ltr'>cedentesque</span> <span class='ocrx_word' id='word_1_50' title='bbox 716 574 854 623; x_wconf 82' lang='lat' dir='ltr'>trepidi</span> <span class='ocrx_word' id='word_1_51' title='bbox 878 576 991 611; x_wconf 86' lang='lat' dir='ltr'>etiam</span> <span class='ocrx_word' id='word_1_52' title='bbox 1017 577 1136 626; x_wconf 88' lang='lat' dir='ltr'>pediti</span> <span class='ocrx_word' id='word_1_53' title='bbox 1159 582 1343 613; x_wconf 89' lang='lat' dir='ltr'>terrorem</span> <span class='ocrx_word' id='word_1_54' title='bbox 1364 575 1424 611; x_wconf 90' lang='lat' dir='ltr'>in—</span> 
     </span>
     <span class='ocr_line' id='line_1_10' title="bbox 304 637 1422 683; baseline 0.003 -10"><span class='ocrx_word' id='word_1_55' title='bbox 304 637 438 675; x_wconf 78' lang='lat' dir='ltr'>tulere,</span> <span class='ocrx_word' id='word_1_56' title='bbox 495 638 608 677; x_wconf 84' lang='lat' dir='ltr'>Quod</span> <span class='ocrx_word' id='word_1_57' title='bbox 630 637 693 674; x_wconf 87' lang='lat' dir='ltr'>ubi</span> <span class='ocrx_word' id='word_1_58' title='bbox 713 638 806 674; x_wconf 88' lang='lat' dir='ltr'>vidit</span> <span class='ocrx_word' id='word_1_59' title='bbox 828 639 974 683; x_wconf 89' lang='lat' dir='ltr'>consul,</span> <span class='ocrx_word' id='word_1_60' title='bbox 997 640 1088 677; x_wconf 87' lang='lat' dir='ltr'>duas</span> <span class='ocrx_word' id='word_1_61' title='bbox 1105 641 1282 676; x_wconf 81' lang='lat' dir='ltr'>cohortes</span> <span class='ocrx_word' id='word_1_62' title='bbox 1299 639 1422 676; x_wconf 86' lang='lat' dir='ltr'>delec-</span> 
     </span>
     <span class='ocr_line' id='line_1_11' title="bbox 305 701 1422 755; baseline 0.002 -17"><span class='ocrx_word' id='word_1_63' title='bbox 305 711 362 738; x_wconf 80' lang='lat' dir='ltr'>tas</span> <span class='ocrx_word' id='word_1_64' title='bbox 384 701 430 739; x_wconf 85' lang='lat' dir='ltr'>ab</span> <span class='ocrx_word' id='word_1_65' title='bbox 451 702 586 738; x_wconf 82' lang='lat' dir='ltr'>dextro</span> <span class='ocrx_word' id='word_1_66' title='bbox 606 702 723 739; x_wconf 84' lang='lat' dir='ltr'>latere</span> <span class='ocrx_word' id='word_1_67' title='bbox 739 704 907 740; x_wconf 78' lang='lat' dir='ltr'>hostiurn</span> <span class='ocrx_word' id='word_1_68' title='bbox 925 704 1156 741; x_wconf 86' lang='lat' dir='ltr'>circumduci</span> <span class='ocrx_word' id='word_1_69' title='bbox 1170 703 1298 755; x_wconf 88' lang='lat' dir='ltr'>jubet,</span> <span class='ocrx_word' id='word_1_70' title='bbox 1316 710 1355 740; x_wconf 88' lang='lat' dir='ltr'>et</span> <span class='ocrx_word' id='word_1_71' title='bbox 1374 703 1422 740; x_wconf 88' lang='lat' dir='ltr'>ab</span> 
     </span>
     <span class='ocr_line' id='line_1_12' title="bbox 305 768 1425 819; baseline 0.003 -17"><span class='ocrx_word' id='word_1_72' title='bbox 305 777 414 816; x_wconf 78' lang='lat' dir='ltr'>tergo</span> <span class='ocrx_word' id='word_1_73' title='bbox 435 779 474 803; x_wconf 83' lang='lat' dir='ltr'>se</span> <span class='ocrx_word' id='word_1_74' title='bbox 495 768 709 811; x_wconf 76' lang='lat' dir='ltr'>ostendere,</span> <span class='ocrx_word' id='word_1_75' title='bbox 730 769 948 818; x_wconf 84' lang='lat' dir='ltr'>priusquam</span> <span class='ocrx_word' id='word_1_76' title='bbox 965 775 1235 806; x_wconf 86' lang='lat' dir='ltr'>concurrerent</span> <span class='ocrx_word' id='word_1_77' title='bbox 1254 768 1425 819; x_wconf 87' lang='lat' dir='ltr'>peditum</span> 
     </span>
     <span class='ocr_line' id='line_1_13' title="bbox 305 832 1423 883; baseline 0.002 -16"><span class='ocrx_word' id='word_1_78' title='bbox 305 832 402 868; x_wconf 84' lang='lat' dir='ltr'>acies</span> <span class='ocrx_word' id='word_1_79' title='bbox 421 847 428 868; x_wconf 90' lang='lat'><strong>:</strong></span> <span class='ocrx_word' id='word_1_80' title='bbox 462 832 491 868; x_wconf 93' lang='lat' dir='ltr'>is</span> <span class='ocrx_word' id='word_1_81' title='bbox 514 840 636 869; x_wconf 85' lang='lat' dir='ltr'>terror</span> <span class='ocrx_word' id='word_1_82' title='bbox 662 832 834 883; x_wconf 85' lang='lat' dir='ltr'>objectus</span> <span class='ocrx_word' id='word_1_83' title='bbox 862 835 964 870; x_wconf 88' lang='lat' dir='ltr'>hosti</span> <span class='ocrx_word' id='word_1_84' title='bbox 985 847 1078 877; x_wconf 88' lang='lat' dir='ltr'>rem,</span> <span class='ocrx_word' id='word_1_85' title='bbox 1100 840 1205 871; x_wconf 87' lang='lat' dir='ltr'>metu</span> <span class='ocrx_word' id='word_1_86' title='bbox 1222 833 1423 870; x_wconf 83' lang='lat' dir='ltr'>Romano-</span> 
     </span>
     <span class='ocr_line' id='line_1_14' title="bbox 304 898 1425 951; baseline 0.003 -18"><span class='ocrx_word' id='word_1_87' title='bbox 304 910 388 941; x_wconf 84' lang='lat' dir='ltr'>rum</span> <span class='ocrx_word' id='word_1_88' title='bbox 427 899 597 948; x_wconf 86' lang='lat' dir='ltr'>equitum</span> <span class='ocrx_word' id='word_1_89' title='bbox 627 898 865 944; x_wconf 84' lang='lat' dir='ltr'>inclinatam,</span> <span class='ocrx_word' id='word_1_90' title='bbox 901 902 1074 951; x_wconf 86' lang='lat' dir='ltr'>aequavit.</span> <span class='ocrx_word' id='word_1_91' title='bbox 1149 900 1295 937; x_wconf 86' lang='lat' dir='ltr'>Tamen</span> <span class='ocrx_word' id='word_1_92' title='bbox 1330 899 1425 936; x_wconf 86' lang='lat' dir='ltr'>adeo</span> 
     </span>
     <span class='ocr_line' id='line_1_15' title="bbox 304 963 1425 1017; baseline 0.002 -18"><span class='ocrx_word' id='word_1_93' title='bbox 304 963 449 1000; x_wconf 81' lang='lat' dir='ltr'>turbati</span> <span class='ocrx_word' id='word_1_94' title='bbox 487 971 595 1001; x_wconf 84' lang='lat' dir='ltr'>erant</span> <span class='ocrx_word' id='word_1_95' title='bbox 632 965 797 1002; x_wconf 80' lang='lat' dir='ltr'>dexterae</span> <span class='ocrx_word' id='word_1_96' title='bbox 827 965 895 1003; x_wconf 79' lang='lat' dir='ltr'>alae</span> <span class='ocrx_word' id='word_1_97' title='bbox 934 967 1078 1017; x_wconf 82' lang='lat' dir='ltr'>equites</span> <span class='ocrx_word' id='word_1_98' title='bbox 1117 966 1352 1017; x_wconf 82' lang='lat' dir='ltr'>peditesque,</span> <span class='ocrx_word' id='word_1_99' title='bbox 1381 971 1425 1001; x_wconf 89' lang='lat' dir='ltr'>ut</span> 
     </span>
     <span class='ocr_line' id='line_1_16' title="bbox 304 1030 1422 1083; baseline 0 -17"><span class='ocrx_word' id='word_1_100' title='bbox 304 1031 489 1080; x_wconf 85' lang='lat' dir='ltr'>quosdam</span> <span class='ocrx_word' id='word_1_101' title='bbox 509 1031 643 1068; x_wconf 87' lang='lat' dir='ltr'>consul</span> <span class='ocrx_word' id='word_1_102' title='bbox 662 1045 777 1068; x_wconf 90' lang='lat' dir='ltr'>manu</span> <span class='ocrx_word' id='word_1_103' title='bbox 806 1032 887 1082; x_wconf 88' lang='lat' dir='ltr'>ipse</span> <span class='ocrx_word' id='word_1_104' title='bbox 914 1031 1210 1083; x_wconf 87' lang='lat' dir='ltr'>reprehenderit,</span> <span class='ocrx_word' id='word_1_105' title='bbox 1233 1038 1271 1066; x_wconf 90' lang='lat' dir='ltr'>et</span> <span class='ocrx_word' id='word_1_106' title='bbox 1290 1030 1422 1066; x_wconf 77' lang='lat' dir='ltr'>adver-</span> 
     </span>
     <span class='ocr_line' id='line_1_17' title="bbox 304 1094 1423 1146; baseline 0 -16"><span class='ocrx_word' id='word_1_107' title='bbox 304 1107 365 1131; x_wconf 86' lang='lat' dir='ltr'>sos</span> <span class='ocrx_word' id='word_1_108' title='bbox 397 1096 437 1131; x_wconf 89' lang='lat' dir='ltr'>in</span> <span class='ocrx_word' id='word_1_109' title='bbox 466 1096 619 1132; x_wconf 87' lang='lat' dir='ltr'>hostem</span> <span class='ocrx_word' id='word_1_110' title='bbox 648 1097 826 1133; x_wconf 89' lang='lat' dir='ltr'>verterit:</span> <span class='ocrx_word' id='word_1_111' title='bbox 859 1098 926 1140; x_wconf 90' lang='lat' dir='ltr'>ita,</span> <span class='ocrx_word' id='word_1_112' title='bbox 946 1103 984 1132; x_wconf 91' lang='lat' dir='ltr'>et</span> <span class='ocrx_word' id='word_1_113' title='bbox 1007 1096 1185 1146; x_wconf 88' lang='lat' dir='ltr'>quamdiu</span> <span class='ocrx_word' id='word_1_114' title='bbox 1215 1094 1423 1132; x_wconf 86' lang='lat' dir='ltr'>missilibus</span> 
     </span>
     <span class='ocr_line' id='line_1_18' title="bbox 303 1160 1424 1213; baseline 0.001 -18"><span class='ocrx_word' id='word_1_115' title='bbox 303 1167 517 1211; x_wconf 83' lang='lat' dir='ltr'>pugnatum</span> <span class='ocrx_word' id='word_1_116' title='bbox 537 1168 608 1204; x_wconf 82' lang='lat' dir='ltr'>est,</span> <span class='ocrx_word' id='word_1_117' title='bbox 631 1175 768 1213; x_wconf 85' lang='lat' dir='ltr'>anceps</span> <span class='ocrx_word' id='word_1_118' title='bbox 789 1175 917 1212; x_wconf 83' lang='lat' dir='ltr'>pugna</span> <span class='ocrx_word' id='word_1_119' title='bbox 935 1168 1015 1199; x_wconf 90' lang='lat' dir='ltr'>erat</span> <span class='ocrx_word' id='word_1_120' title='bbox 1033 1177 1040 1198; x_wconf 90' lang='lat'>:</span> <span class='ocrx_word' id='word_1_121' title='bbox 1075 1168 1111 1198; x_wconf 90' lang='lat' dir='ltr'>et</span> <span class='ocrx_word' id='word_1_122' title='bbox 1124 1161 1207 1212; x_wconf 83' lang='lat' dir='ltr'>jam</span> <span class='ocrx_word' id='word_1_123' title='bbox 1224 1160 1271 1198; x_wconf 90' lang='lat' dir='ltr'>ab</span> <span class='ocrx_word' id='word_1_124' title='bbox 1289 1161 1424 1197; x_wconf 84' lang='lat' dir='ltr'>dextra</span> 
     </span>
     <span class='ocr_line' id='line_1_19' title="bbox 302 1225 1422 1276; baseline 0.002 -17"><span class='ocrx_word' id='word_1_125' title='bbox 302 1230 425 1274; x_wconf 87' lang='lat' dir='ltr'>parte,</span> <span class='ocrx_word' id='word_1_126' title='bbox 447 1225 546 1261; x_wconf 88' lang='lat' dir='ltr'>unde</span> <span class='ocrx_word' id='word_1_127' title='bbox 572 1232 695 1262; x_wconf 89' lang='lat' dir='ltr'>terror</span> <span class='ocrx_word' id='word_1_128' title='bbox 718 1234 756 1262; x_wconf 90' lang='lat' dir='ltr'>et</span> <span class='ocrx_word' id='word_1_129' title='bbox 780 1226 874 1275; x_wconf 82' lang='lat' dir='ltr'>fuga</span> <span class='ocrx_word' id='word_1_130' title='bbox 899 1232 1081 1276; x_wconf 85' lang='lat' dir='ltr'>coeperat,</span> <span class='ocrx_word' id='word_1_131' title='bbox 1104 1238 1203 1274; x_wconf 83' lang='lat' dir='ltr'>aegre</span> <span class='ocrx_word' id='word_1_132' title='bbox 1221 1225 1422 1261; x_wconf 83' lang='lat' dir='ltr'>Romanus</span> 
     </span>
     <span class='ocr_line' id='line_1_20' title="bbox 302 1288 1425 1338; baseline -0.001 -12"><span class='ocrx_word' id='word_1_133' title='bbox 302 1288 484 1326; x_wconf 83' lang='lat' dir='ltr'>restabat.</span> <span class='ocrx_word' id='word_1_134' title='bbox 526 1289 587 1326; x_wconf 93' lang='lat' dir='ltr'>Ab</span> <span class='ocrx_word' id='word_1_135' title='bbox 608 1291 763 1326; x_wconf 90' lang='lat' dir='ltr'>sinistro</span> <span class='ocrx_word' id='word_1_136' title='bbox 781 1303 900 1327; x_wconf 89' lang='lat' dir='ltr'>cornu</span> <span class='ocrx_word' id='word_1_137' title='bbox 920 1297 958 1326; x_wconf 93' lang='lat' dir='ltr'>et</span> <span class='ocrx_word' id='word_1_138' title='bbox 976 1290 1024 1326; x_wconf 88' lang='lat' dir='ltr'>ab</span> <span class='ocrx_word' id='word_1_139' title='bbox 1044 1290 1172 1326; x_wconf 90' lang='lat' dir='ltr'>fronte</span> <span class='ocrx_word' id='word_1_140' title='bbox 1189 1289 1425 1338; x_wconf 86' lang='lat' dir='ltr'>urgebantur</span> 
     </span>
     <span class='ocr_line' id='line_1_21' title="bbox 301 1352 1425 1405; baseline 0.001 -16"><span class='ocrx_word' id='word_1_141' title='bbox 301 1352 470 1397; x_wconf 87' lang='lat' dir='ltr'>barbari,</span> <span class='ocrx_word' id='word_1_142' title='bbox 492 1360 530 1390; x_wconf 92' lang='lat' dir='ltr'>et</span> <span class='ocrx_word' id='word_1_143' title='bbox 550 1355 727 1391; x_wconf 88' lang='lat' dir='ltr'>cohortes</span> <span class='ocrx_word' id='word_1_144' title='bbox 748 1356 796 1392; x_wconf 90' lang='lat' dir='ltr'>ab</span> <span class='ocrx_word' id='word_1_145' title='bbox 816 1362 925 1405; x_wconf 86' lang='lat' dir='ltr'>tergo</span> <span class='ocrx_word' id='word_1_146' title='bbox 946 1356 1134 1392; x_wconf 82' lang='lat' dir='ltr'>instantes</span> <span class='ocrx_word' id='word_1_147' title='bbox 1159 1354 1286 1405; x_wconf 89' lang='lat' dir='ltr'>pavidi</span> <span class='ocrx_word' id='word_1_148' title='bbox 1305 1355 1425 1404; x_wconf 84' lang='lat' dir='ltr'>respi-</span> 
     </span>
     <span class='ocr_line' id='line_1_22' title="bbox 302 1417 1424 1469; baseline 0.002 -16"><span class='ocrx_word' id='word_1_149' title='bbox 302 1417 468 1455; x_wconf 87' lang='lat' dir='ltr'>ciebant.</span> <span class='ocrx_word' id='word_1_150' title='bbox 527 1419 595 1463; x_wconf 83' lang='lat' dir='ltr'>Ut,</span> <span class='ocrx_word' id='word_1_151' title='bbox 612 1421 755 1456; x_wconf 83' lang='lat' dir='ltr'>emissis</span> <span class='ocrx_word' id='word_1_152' title='bbox 773 1420 977 1456; x_wconf 87' lang='lat' dir='ltr'>soliferreis</span> <span class='ocrx_word' id='word_1_153' title='bbox 998 1419 1254 1469; x_wconf 86' lang='lat' dir='ltr'>falaricisqne,</span> <span class='ocrx_word' id='word_1_154' title='bbox 1276 1418 1424 1468; x_wconf 83' lang='lat' dir='ltr'>gladios</span> 
     </span>
     <span class='ocr_line' id='line_1_23' title="bbox 303 1482 1423 1534; baseline 0.001 -16"><span class='ocrx_word' id='word_1_155' title='bbox 303 1482 554 1528; x_wconf 80' lang='lat' dir='ltr'>strinxerunt,</span> <span class='ocrx_word' id='word_1_156' title='bbox 578 1491 660 1520; x_wconf 89' lang='lat' dir='ltr'>tum</span> <span class='ocrx_word' id='word_1_157' title='bbox 680 1484 784 1521; x_wconf 85' lang='lat' dir='ltr'>velut</span> <span class='ocrx_word' id='word_1_158' title='bbox 803 1485 1063 1533; x_wconf 86' lang='lat' dir='ltr'>redintegrata</span> <span class='ocrx_word' id='word_1_159' title='bbox 1082 1492 1140 1520; x_wconf 90' lang='lat' dir='ltr'>est</span> <span class='ocrx_word' id='word_1_160' title='bbox 1162 1496 1312 1534; x_wconf 81' lang='lat' dir='ltr'>pugna:</span> <span class='ocrx_word' id='word_1_161' title='bbox 1345 1495 1423 1520; x_wconf 92' lang='lat' dir='ltr'>non</span> 
     </span>
     <span class='ocr_line' id='line_1_24' title="bbox 302 1547 1422 1599; baseline 0.001 -16"><span class='ocrx_word' id='word_1_162' title='bbox 302 1548 412 1584; x_wconf 82' lang='lat' dir='ltr'>caecis</span> <span class='ocrx_word' id='word_1_163' title='bbox 430 1548 567 1585; x_wconf 87' lang='lat' dir='ltr'>ictibus</span> <span class='ocrx_word' id='word_1_164' title='bbox 585 1549 718 1598; x_wconf 87' lang='lat' dir='ltr'>procul</span> <span class='ocrx_word' id='word_1_165' title='bbox 734 1562 780 1585; x_wconf 89' lang='lat' dir='ltr'>ex</span> <span class='ocrx_word' id='word_1_166' title='bbox 793 1549 988 1599; x_wconf 80' lang='lat' dir='ltr'>inproviso</span> <span class='ocrx_word' id='word_1_167' title='bbox 998 1548 1295 1585; x_wconf 87' lang='lat' dir='ltr'>vulnerabantur</span> <span class='ocrx_word' id='word_1_168' title='bbox 1310 1563 1318 1584; x_wconf 92' lang='lat'><strong>:</strong></span> <span class='ocrx_word' id='word_1_169' title='bbox 1341 1547 1422 1592; x_wconf 87' lang='lat' dir='ltr'>sed,</span> 
     </span>
     <span class='ocr_line' id='line_1_25' title="bbox 304 1613 1354 1663; baseline 0.001 -15"><span class='ocrx_word' id='word_1_170' title='bbox 304 1613 399 1663; x_wconf 88' lang='lat' dir='ltr'>pede</span> <span class='ocrx_word' id='word_1_171' title='bbox 420 1613 589 1657; x_wconf 86' lang='lat' dir='ltr'>conlato,</span> <span class='ocrx_word' id='word_1_172' title='bbox 610 1620 695 1650; x_wconf 86' lang='lat' dir='ltr'>tota</span> <span class='ocrx_word' id='word_1_173' title='bbox 713 1615 753 1650; x_wconf 91' lang='lat' dir='ltr'>in</span> <span class='ocrx_word' id='word_1_174' title='bbox 772 1615 912 1651; x_wconf 81' lang='lat' dir='ltr'>virtute</span> <span class='ocrx_word' id='word_1_175' title='bbox 932 1627 975 1650; x_wconf 89' lang='lat' dir='ltr'>ac</span> <span class='ocrx_word' id='word_1_176' title='bbox 996 1613 1137 1650; x_wconf 90' lang='lat' dir='ltr'>viribus</span> <span class='ocrx_word' id='word_1_177' title='bbox 1158 1626 1242 1663; x_wconf 90' lang='lat' dir='ltr'>spes</span> <span class='ocrx_word' id='word_1_178' title='bbox 1262 1619 1354 1650; x_wconf 90' lang='lat' dir='ltr'>erat.</span> 
     </span>
     <span class='ocr_line' id='line_1_26' title="bbox 359 1678 1424 1729; baseline 0.001 -16"><span class='ocrx_word' id='word_1_179' title='bbox 359 1678 449 1715; x_wconf 85' lang='lat' dir='ltr'>XV.</span> <span class='ocrx_word' id='word_1_180' title='bbox 478 1678 615 1715; x_wconf 31' lang='lat' dir='ltr'>Pes-*os</span> <span class='ocrx_word' id='word_1_181' title='bbox 647 1678 730 1729; x_wconf 86' lang='lat' dir='ltr'>jam</span> <span class='ocrx_word' id='word_1_182' title='bbox 764 1691 851 1715; x_wconf 89' lang='lat' dir='ltr'>suos</span> <span class='ocrx_word' id='word_1_183' title='bbox 887 1678 1034 1722; x_wconf 87' lang='lat' dir='ltr'>consul,</span> <span class='ocrx_word' id='word_1_184' title='bbox 1066 1691 1112 1715; x_wconf 83' lang='lat' dir='ltr'>ex</span> <span class='ocrx_word' id='word_1_185' title='bbox 1149 1678 1315 1715; x_wconf 81' lang='lat' dir='ltr'>secunda</span> <span class='ocrx_word' id='word_1_186' title='bbox 1343 1678 1424 1715; x_wconf 86' lang='lat' dir='ltr'>acie</span> 
     </span>
     <span class='ocr_line' id='line_1_27' title="bbox 304 1743 1426 1794; baseline 0 -15"><span class='ocrx_word' id='word_1_187' title='bbox 304 1743 538 1780; x_wconf 83' lang='lat' dir='ltr'>subsidiariis</span> <span class='ocrx_word' id='word_1_188' title='bbox 570 1744 792 1781; x_wconf 82' lang='lat' dir='ltr'>cohortibus</span> <span class='ocrx_word' id='word_1_189' title='bbox 823 1746 861 1780; x_wconf 90' lang='lat' dir='ltr'>in</span> <span class='ocrx_word' id='word_1_190' title='bbox 892 1757 1059 1794; x_wconf 88' lang='lat' dir='ltr'>pugnam</span> <span class='ocrx_word' id='word_1_191' title='bbox 1089 1744 1267 1788; x_wconf 84' lang='lat' dir='ltr'>inductis,</span> <span class='ocrx_word' id='word_1_192' title='bbox 1290 1756 1426 1780; x_wconf 87' lang='lat' dir='ltr'>accen-</span> 
     </span>
     <span class='ocr_line' id='line_1_28' title="bbox 302 1807 1423 1858; baseline 0 -14"><span class='ocrx_word' id='word_1_193' title='bbox 302 1809 381 1844; x_wconf 85' lang='lat' dir='ltr'>dit:</span> <span class='ocrx_word' id='word_1_194' title='bbox 415 1821 515 1845; x_wconf 90' lang='lat' dir='ltr'>nova</span> <span class='ocrx_word' id='word_1_195' title='bbox 540 1810 638 1845; x_wconf 89' lang='lat' dir='ltr'>acies</span> <span class='ocrx_word' id='word_1_196' title='bbox 660 1809 785 1845; x_wconf 83' lang='lat' dir='ltr'>facta:</span> <span class='ocrx_word' id='word_1_197' title='bbox 819 1810 960 1858; x_wconf 83' lang='lat' dir='ltr'>integri</span> <span class='ocrx_word' id='word_1_198' title='bbox 989 1808 1205 1845; x_wconf 86' lang='lat' dir='ltr'>recentibus</span> <span class='ocrx_word' id='word_1_199' title='bbox 1226 1807 1312 1844; x_wconf 92' lang='lat' dir='ltr'>telis</span> <span class='ocrx_word' id='word_1_200' title='bbox 1332 1807 1423 1844; x_wconf 85' lang='lat' dir='ltr'>fati-</span> 
     </span>
     <span class='ocr_line' id='line_1_29' title="bbox 304 1873 1422 1925; baseline 0 -16"><span class='ocrx_word' id='word_1_201' title='bbox 304 1880 414 1922; x_wconf 88' lang='lat' dir='ltr'>gatos</span> <span class='ocrx_word' id='word_1_202' title='bbox 432 1874 555 1910; x_wconf 87' lang='lat' dir='ltr'>adorti</span> <span class='ocrx_word' id='word_1_203' title='bbox 576 1875 705 1911; x_wconf 88' lang='lat' dir='ltr'>hostes</span> <span class='ocrx_word' id='word_1_204' title='bbox 722 1875 885 1925; x_wconf 85' lang='lat' dir='ltr'>primum</span> <span class='ocrx_word' id='word_1_205' title='bbox 907 1875 983 1911; x_wconf 86' lang='lat' dir='ltr'>acri</span> <span class='ocrx_word' id='word_1_206' title='bbox 1003 1875 1150 1924; x_wconf 86' lang='lat' dir='ltr'>inpetu,</span> <span class='ocrx_word' id='word_1_207' title='bbox 1168 1873 1270 1910; x_wconf 90' lang='lat' dir='ltr'>velut</span> <span class='ocrx_word' id='word_1_208' title='bbox 1286 1886 1422 1918; x_wconf 89' lang='lat' dir='ltr'>cuneo,</span> 
     </span>
     <span class='ocr_line' id='line_1_30' title="bbox 305 1938 1422 1989; baseline 0 -16"><span class='ocrx_word' id='word_1_209' title='bbox 305 1938 571 1988; x_wconf 87' lang='lat' dir='ltr'>perculerunt:</span> <span class='ocrx_word' id='word_1_210' title='bbox 595 1940 730 1976; x_wconf 89' lang='lat' dir='ltr'>deinde</span> <span class='ocrx_word' id='word_1_211' title='bbox 751 1940 953 1989; x_wconf 82' lang='lat' dir='ltr'>dissipatos</span> <span class='ocrx_word' id='word_1_212' title='bbox 975 1940 1012 1974; x_wconf 89' lang='lat' dir='ltr'>in</span> <span class='ocrx_word' id='word_1_213' title='bbox 1034 1939 1164 1987; x_wconf 83' lang='lat' dir='ltr'>fugam</span> <span class='ocrx_word' id='word_1_214' title='bbox 1185 1944 1422 1974; x_wconf 87' lang='lat' dir='ltr'>averterunt:</span> 
     </span>
     <span class='ocr_line' id='line_1_31' title="bbox 308 2003 1425 2055; baseline 0 -15"><span class='ocrx_word' id='word_1_215' title='bbox 308 2004 503 2053; x_wconf 85' lang='lat' dir='ltr'>effusoque</span> <span class='ocrx_word' id='word_1_216' title='bbox 523 2018 589 2055; x_wconf 90' lang='lat' dir='ltr'>per</span> <span class='ocrx_word' id='word_1_217' title='bbox 606 2019 717 2054; x_wconf 76' lang='lat' dir='ltr'>agros</span> <span class='ocrx_word' id='word_1_218' title='bbox 740 2019 864 2049; x_wconf 88' lang='lat' dir='ltr'>cursu,</span> <span class='ocrx_word' id='word_1_219' title='bbox 887 2013 1010 2041; x_wconf 82' lang='lat' dir='ltr'>castra</span> <span class='ocrx_word' id='word_1_220' title='bbox 1030 2004 1311 2055; x_wconf 82' lang='lat' dir='ltr'>repetebantur.</span> <span class='ocrx_word' id='word_1_221' title='bbox 1347 2003 1425 2040; x_wconf 90' lang='lat' dir='ltr'>Ubi</span> 
     </span>
     <span class='ocr_line' id='line_1_32' title="bbox 307 2069 1425 2121; baseline -0.002 -15"><span class='ocrx_word' id='word_1_222' title='bbox 307 2072 437 2107; x_wconf 81' lang='lat' dir='ltr'>omnia</span> <span class='ocrx_word' id='word_1_223' title='bbox 458 2071 549 2120; x_wconf 82' lang='lat' dir='ltr'>fuga</span> <span class='ocrx_word' id='word_1_224' title='bbox 577 2071 768 2121; x_wconf 77' lang='lat' dir='ltr'>completa</span> <span class='ocrx_word' id='word_1_225' title='bbox 788 2072 880 2107; x_wconf 82' lang='lat' dir='ltr'>vidit</span> <span class='ocrx_word' id='word_1_226' title='bbox 901 2072 1014 2114; x_wconf 79' lang='lat' dir='ltr'>Cato,</span> <span class='ocrx_word' id='word_1_227' title='bbox 1036 2071 1116 2121; x_wconf 81' lang='lat' dir='ltr'>ipse</span> <span class='ocrx_word' id='word_1_228' title='bbox 1145 2070 1192 2106; x_wconf 85' lang='lat' dir='ltr'>ad</span> <span class='ocrx_word' id='word_1_229' title='bbox 1222 2069 1425 2105; x_wconf 84' lang='lat' dir='ltr'>secundam</span> 
     </span>
     <span class='ocr_line' id='line_1_33' title="bbox 306 2133 1428 2187; baseline -0.002 -16"><span class='ocrx_word' id='word_1_230' title='bbox 306 2134 512 2185; x_wconf 86' lang='lat' dir='ltr'>legionem,</span> <span class='ocrx_word' id='word_1_231' title='bbox 535 2150 617 2186; x_wconf 86' lang='lat' dir='ltr'>quae</span> <span class='ocrx_word' id='word_1_232' title='bbox 639 2138 678 2172; x_wconf 88' lang='lat' dir='ltr'>in</span> <span class='ocrx_word' id='word_1_233' title='bbox 700 2136 868 2173; x_wconf 88' lang='lat' dir='ltr'>subsidio</span> <span class='ocrx_word' id='word_1_234' title='bbox 894 2137 1019 2187; x_wconf 85' lang='lat' dir='ltr'>posita</span> <span class='ocrx_word' id='word_1_235' title='bbox 1045 2142 1140 2177; x_wconf 84' lang='lat' dir='ltr'>erat,</span> <span class='ocrx_word' id='word_1_236' title='bbox 1162 2147 1260 2183; x_wconf 88' lang='lat' dir='ltr'>equo</span> <span class='ocrx_word' id='word_1_237' title='bbox 1280 2133 1428 2170; x_wconf 85' lang='lat' dir='ltr'>revehi-</span> 
     </span>
     <span class='ocr_line' id='line_1_34' title="bbox 308 2199 1429 2251; baseline -0.002 -16"><span class='ocrx_word' id='word_1_238' title='bbox 308 2207 389 2236; x_wconf 86' lang='lat' dir='ltr'>tur:</span> <span class='ocrx_word' id='word_1_239' title='bbox 423 2207 460 2236; x_wconf 91' lang='lat' dir='ltr'>et</span> <span class='ocrx_word' id='word_1_240' title='bbox 481 2201 589 2250; x_wconf 83' lang='lat' dir='ltr'>signa</span> <span class='ocrx_word' id='word_1_241' title='bbox 609 2214 684 2251; x_wconf 83' lang='lat' dir='ltr'>prae</span> <span class='ocrx_word' id='word_1_242' title='bbox 705 2214 745 2237; x_wconf 85' lang='lat' dir='ltr'>se</span> <span class='ocrx_word' id='word_1_243' title='bbox 766 2201 868 2244; x_wconf 88' lang='lat' dir='ltr'>ferri,</span> <span class='ocrx_word' id='word_1_244' title='bbox 890 2201 1079 2251; x_wconf 84' lang='lat' dir='ltr'>plenoque</span> <span class='ocrx_word' id='word_1_245' title='bbox 1097 2199 1216 2248; x_wconf 82' lang='lat' dir='ltr'>gradu</span> <span class='ocrx_word' id='word_1_246' title='bbox 1236 2199 1283 2235; x_wconf 85' lang='lat' dir='ltr'>ad</span> <span class='ocrx_word' id='word_1_247' title='bbox 1303 2205 1429 2234; x_wconf 82' lang='lat' dir='ltr'>castra</span> 
     </span>
     <span class='ocr_line' id='line_1_35' title="bbox 308 2264 1426 2316; baseline -0.003 -15"><span class='ocrx_word' id='word_1_248' title='bbox 308 2265 476 2302; x_wconf 85' lang='lat' dir='ltr'>hostium</span> <span class='ocrx_word' id='word_1_249' title='bbox 511 2266 768 2316; x_wconf 83' lang='lat' dir='ltr'>obpugnanda</span> <span class='ocrx_word' id='word_1_250' title='bbox 798 2266 998 2302; x_wconf 86' lang='lat' dir='ltr'>succedere</span> <span class='ocrx_word' id='word_1_251' title='bbox 1017 2264 1155 2316; x_wconf 88' lang='lat' dir='ltr'>jubet:</span> <span class='ocrx_word' id='word_1_252' title='bbox 1188 2264 1219 2299; x_wconf 90' lang='lat' dir='ltr'>si</span> <span class='ocrx_word' id='word_1_253' title='bbox 1247 2264 1329 2312; x_wconf 89' lang='lat' dir='ltr'>quis</span> <span class='ocrx_word' id='word_1_254' title='bbox 1360 2276 1426 2299; x_wconf 86' lang='lat' dir='ltr'>ex-</span> 
     </span>
     <span class='ocr_line' id='line_1_36' title="bbox 309 2330 1426 2383; baseline -0.001 -17"><span class='ocrx_word' id='word_1_255' title='bbox 309 2337 367 2367; x_wconf 79' lang='lat' dir='ltr'>tra</span> <span class='ocrx_word' id='word_1_256' title='bbox 397 2332 568 2369; x_wconf 85' lang='lat' dir='ltr'>ordinem</span> <span class='ocrx_word' id='word_1_257' title='bbox 589 2332 733 2369; x_wconf 86' lang='lat' dir='ltr'>avidius</span> <span class='ocrx_word' id='word_1_258' title='bbox 760 2333 964 2383; x_wconf 87' lang='lat' dir='ltr'>procurrit,</span> <span class='ocrx_word' id='word_1_259' title='bbox 986 2338 1023 2368; x_wconf 86' lang='lat' dir='ltr'>et</span> <span class='ocrx_word' id='word_1_260' title='bbox 1051 2332 1131 2382; x_wconf 82' lang='lat' dir='ltr'>ipse</span> <span class='ocrx_word' id='word_1_261' title='bbox 1151 2330 1426 2380; x_wconf 77' lang='lat' dir='ltr'>interequitans</span> 
     </span>
    </p>
   </div>
  </div>
 </body>
</html>
