1523 2666
326 138 410 192 498
770 153 814 181 T.
838 153 970 183 mvn

132 245 175 274 U.
190 244 225 275 C.
243 250 372 282 ⁵59·‘ea
392 238 556 286 suspicio
576 239 716 274 crimen
736 241 906 288 urgebat,
925 242 1040 290 quod,
1057 255 1166 290 quem
1188 242 1434 292 comprehen-

134 289 163 316 A
191 288 226 318 C·
244 295 314 320 ¹93·
330 312 411 335 suni
432 299 597 336 Romam
616 303 717 337 mitti
736 302 951 352 placuisset,
967 318 1043 341 ,nec
1060 306 1195 355 ipsum,
1216 318 1285 341 nec
1301 315 1440 341 navem·

329 363 408 412 ejus
429 365 694 403 custodissent.
734 367 794 404 De
814 381 905 417 agro
926 370 1059 406 deinde
1079 382 1164 406 cum
1184 370 1280 419 regis
1301 369 1436 417 legatis

329 428 528 478 disceptari
563 438 742 480 coeptum.
812 433 1153 483 Karthaginienses
1181 433 1268 484 jure
1304 433 1436 469 finium

330 505 499 528 caussam
531 495 774 531 tutabantur:
809 499 903 544 quod
935 500 1031 533 intra
1056 511 1113 534 eos
1143 500 1310 534 terminos
1338 501 1438 538 esset,

331 556 455 603 quibus
484 557 529 593 P.
550 558 672 605 Scipio
691 560 804 597 victor
824 573 963 607 agrum,
981 563 1040 608 qui
1056 560 1154 607 juris
1172 566 1257 597 esset
1277 560 1440 596 Kartha—

329 621 556 666 giniensium,
565 622 708 670 finisset
722 639 733 658 .·
761 629 799 658 et
822 623 1060 660 confessione
1087 625 1204 672 regis:
1238 626 1313 672 qui,
1334 635 1442 671 quum

332 684 506 731 Aphirem
531 686 728 735 profugum
757 700 797 723 ex
822 700 929 735 regno
947 701 1022 730 su0,
1044 701 1123 725 cum
1138 693 1245 736 parte
1265 688 1441 724 Numida-

335 760 412 784 rum
438 755 629 797 vagantem
659 753 754 788 circa
783 752 951 800 Cyrenas,
975 758 1258 801 persequeretur,
1280 753 1444 800 precario

334 812 379 848 ab
396 824 432 849 se
452 815 517 849 iter
540 827 597 862 pei
627 827 705 851 eum
725 817 841 863 ipsum
859 829 1001 864 agrum,
1024 823 1206 865 tamquam
1226 817 1324 852 haud
1341 815 1446 852 dubie

337 879 693 927 Karthaginiensium
704 881 813 928 juris,
834 885 990 931 petisset.
1045 883 1223 920 Numidae
1249 888 1284 919 et
1306 884 1350 919 de
1364 887 1444 918 ter-

337 945 533 981 minatione
552 946 730 994 Scipionis
754 950 900 984 mentiri
919 961 975 985 eos
993 947 1222 995 arguebant:
1256 952 1303 990 et,
1323 949 1353 984 si
1371 948 1449 995 quis

336 1021 456 1045 veram
487 1011 658 1057 originem
677 1010 774 1058 juris
805 1015 944 1060 exigere
971 1014 1090 1056 vellet,
1128 1025 1230 1061 quem
1260 1013 1452 1061 proprium.

336 1085 464 1120 agrum
498 1075 858 1122 Karthaginiensium
890 1079 926 1112 in
963 1076 1093 1125 Africa
1130 1089 1200 1112 esse
1213 1078 1234 1113 ,9
1277 1077 1446 1119 Advenis,

337 1142 510 1185 quantum
526 1145 620 1175 secto
640 1141 733 1176 bovis
753 1145 851 1188 tergo
869 1143 1038 1189 amplecti
1060 1142 1128 1177 toci
1147 1141 1347 1189 potuerint,
1365 1145 1447 1176 tan-

339 1207 413 1238 tum
433 1204 482 1238 ad
504 1204 622 1240 urbem
649 1207 956 1242 communiendam
984 1208 1146 1254 precario
1168 1207 1314 1241 datum:
1344 1206 1448 1253 quid-

339 1269 426 1316 quid
453 1268 606 1316 Byrsam
630 1271 745 1305 sedem
770 1283 872 1306 suam
897 1273 1115 1313 excesserint,
1136 1272 1174 1306 vi
1191 1275 1297 1318 atque
1315 1267 1451 1315 injuria

335 1337 485 1379 partum
506 1333 641 1369 habere.
700 1335 822 1382 Neque
847 1347 940 1377 eum,
967 1336 1010 1371 de
1030 1347 1099 1383 quo
1127 1339 1281 1386 agatur,
1298 1334 1451 1382 probare

340 1407 397 1431 eos
418 1408 530 1443 posse,
558 1409 628 1432 non
657 1399 761 1434 modo
789 1411 939 1447 semper,
959 1411 1001 1434 ex
1025 1410 1093 1446 quo
1122 1399 1302 1446 coeperint,
1323 1398 1384 1433 sed
1407 1408 1450 1433 ne

340 1460 403 1495 diu
433 1462 574 1508 quidem
603 1474 659 1497 eos
679 1464 881 1510 possedisse.
939 1463 1012 1498 Per
1040 1463 1338 1510 opportunitate-9,
1359 1472 1453 1497 nunc

339 1524 433 1566 illos,
455 1536 548 1560 nunc
576 1537 672 1572 reges
702 1527 958 1568 Numidarum,
982 1538 1168 1574 usurpasse
1186 1525 1268 1572 jus:
1295 1537 1451 1573 semper-

340 1600 407 1636 que
425 1601 530 1636 penes
548 1602 627 1626 eum
639 1593 885 1638 possessionem
892 1591 1025 1639 fuisse,
1043 1593 1102 1639 qui
1119 1591 1202 1639 plus
1220 1591 1329 1625 armis
1344 1594 1453 1637 potu-

341 1653 432 1689 isset.
493 1653 601 1699 Cujus
629 1656 842 1691 conditionis
870 1668 924 1691 res
941 1655 1077 1704 fuerit,
1106 1657 1315 1703 priusquam
1340 1653 1455 1690 hostes

340 1716 515 1753 Romanis
535 1719 863 1767 Karthaginienses,
883 1722 997 1756 socius
1014 1725 1122 1768 atque
1140 1720 1274 1755 amicus
1292 1730 1354 1754 rex
1372 1718 1415 1753 N
1438 1738 1454 1745 -

337 1784 516 1818 midai-um
538 1790 638 1826 esset,
660 1784 734 1830 ejus
750 1787 901 1821 sinerent
923 1797 1015 1821 esse:
1042 1797 1105 1820 nec
1121 1796 1157 1820 se
1177 1786 1453 1831 interponerent,

339 1859 407 1894 quo
427 1850 554 1890 minus,
577 1851 634 1897 qui
653 1855 807 1896 possent,
831 1854 1000 1885 tenerent.
1058 1847 1298 1896 Responderi
1320 1846 1454 1895 legatis

341 1911 535 1960 utriusque
552 1914 668 1961 partis
689 1913 844 1962 placuit,
866 1913 1045 1948 missuros
1067 1924 1105 1947 se
1126 1913 1164 1946 in
1185 1910 1370 1953 Africani,
1392 1911 1457 1958 qui

341 1976 440 2012 inter
459 1977 639 2026 populum
661 1979 1022 2026 Karthaginiensem
1039 1984 1076 2013 ct
1096 1990 1220 2026 regem
1242 1977 1279 2011 in
1300 1989 1340 2011 re
1359 1989 1457 2026 prae-

144 2040 309 2088 Scipiolle-
342 2041 437 2075 senti
470 2041 735 2091 ‹liscoptarene
792 2042 902 2079 Missi
936 2042 978 2077 P.
1007 2042 1135 2091 Scipio
1171 2041 1388 2083 Africanus,
1422 2046 1460 2075 et

145 2092 288 2156 ῗςωςᾏιέι
343 2104 385 2140 C.
408 2104 606 2141 Cornelius
628 2106 834 2154 Cethegus,
855 2112 893 2142 et
921 2105 977 2142 M.
998 2105 1191 2141 Blinucius
1209 2103 1358 2149 Rufus3
1392 2117 1458 2140 au-

147 2169 275 2199 missus.
342 2167 418 2203 dita
442 2170 683 2218 in·-pec†aque
705 2183 756 2211 re,
779 2182 959 2219 suspensa
980 2170 1121 2212 onmia,
1144 2175 1280 2204 neutro
1297 2167 1457 2203 inclina-

341 2233 388 2266 tis
411 2234 621 2275 sententiis,
643 2233 837 2281 reliquere.
895 2233 939 2269 Id
960 2239 1083 2269 utrum
1111 2245 1178 2268 sua
1198 2237 1334 2282 sponte
1352 2230 1453 2268 fece-

341 2296 432 2339 rint,
453 2310 502 2333 an
525 2298 612 2346 quia
635 2299 855 2334 mandatum
885 2299 939 2334 ita
963 2297 1092 2340 fuerit,
1114 2309 1190 2333 non
1210 2303 1289 2332 tam
1309 2304 1453 2332 certum
