1523 2666
128 320 171 350 U.
185 318 222 349 C.
235 324 306 350 553.

126 363 166 393 Δ.
182 362 309 394 C.199-

126 1157 232 1187 Castra
247 1155 287 1185 ad

125 1201 235 1249 Aoum

125 1251 224 1281 ponit.

120 2007 242 2038 Consul

120 2058 199 2079 mox

118 2094 216 2123 adest.

322 219 405 269 336
781 226 825 254 τ.
852 225 985 255 L1v11

323 318 475 368 quidem
494 330 560 368 per
587 318 668 355 haec
692 318 913 354 societatem
944 316 1130 354 firmabat.
1185 316 1441 356 Macedonum

323 382 470 419 animos
491 382 563 418 sibi
590 381 807 418 conciliavit
833 395 918 418 curn
950 380 1175 418 Heraclide:
1208 394 1298 418 nam
1325 395 1442 431 quum
1491 402 1493 433 g

323 460 409 484 eum
431 447 603 483 maximae
623 447 773 483 invidiae
802 447 875 483 sibi
905 459 985 483 esse
1015 452 1200 489 cerneret,
1221 445 1349 482 multis
1368 447 1441 483 cri·

323 511 487 548 minibus
508 517 707 547 oneratum
727 511 765 547 in
785 510 937 547 vincula
956 509 1135 560 conjecit,
1152 510 1300 558 ingenti
1319 523 1442 561 popu-

322 575 457 612 larium
490 576 642 624 gaudio.
700 574 864 617 Bellum,
898 576 930 611 si
963 575 1115 624 quando
1142 587 1321 624 umquam
1354 581 1445 613 ante

323 640 429 684 alias,
451 647 532 676 tum
552 652 691 689 magna
710 652 801 676 cura
819 639 1029 690 adparavit,
1050 640 1294 689 exercuitque
1314 640 1352 676 in
1381 653 1443 677 ar·

323 705 391 741 mis
420 711 458 741 et
485 704 735 748 Macedonas,
757 710 795 740 et
824 704 1076 741 mercenarios
1106 704 1268 740 milites:
1300 705 1444 755 princi-

322 768 462 820 pioque
481 769 577 805 veris
607 781 694 804 cum
712 768 962 817 Athenagora
990 769 1120 805 onmia
1149 774 1307 805 externa
1334 769 1444 806 auxi·

321 833 386 876 lia,
407 834 582 883 quodque
604 832 695 869 levis
716 840 916 870 armatura:
946 839 1040 876 erat,
1061 834 1101 869 in
1131 833 1346 870 Chaoniam
1374 846 1442 884 per

320 897 481 948 Epirum
502 897 549 934 ad
568 897 824 948 occupandas,
845 910 928 946 quae
956 897 1003 933 ad
1022 897 1282 947 Antigoneam
1310 897 1438 935 fauces

320 969 424 1004 sunt,
447 963 583 1010 (Stena
602 970 740 999 vocant
761 962 903 1010 Graeci)
926 963 1039 1001 misit.
1100 963 1185 1013 lpse
1204 969 1291 1013 post
1310 963 1439 1014 paucis

319 1027 451 1064 diebus
472 1029 646 1076 graviore
666 1035 815 1064 secutus
836 1028 1002 1076 agmine,
1018 1040 1134 1077 quum
1154 1028 1269 1064 situm
1289 1040 1441 1064 omnem

319 1093 487 1142 regionis
518 1093 764 1143 adspexisset,
786 1094 951 1130 maxime
979 1093 1159 1129 idoneum
1188 1093 1236 1129 ad
1263 1093 1438 1129 munien-

319 1157 407 1193 dum
436 1157 562 1193 locum
582 1157 740 1194 credidit
769 1171 850 1194 esse
879 1164 1016 1208 praeter
1045 1169 1195 1194 amnem
1223 1158 1377 1195 Aoum:
1410 1158 1441 1194 is

320 1223 420 1259 inter
435 1230 599 1266 montes,
617 1236 777 1272 quorum
795 1223 956 1260 alterum
973 1223 1176 1274 AEropum,
1194 1223 1355 1260 alterum
1366 1226 1439 1261 As-

320 1300 433 1324 naum
464 1287 599 1323 incolae
620 1294 773 1331 vocant,
794 1295 958 1336 angusta
977 1287 1073 1324 valle
1091 1287 1188 1330 fluit,
1210 1289 1282 1324 iter
1307 1289 1440 1337 exigu-

319 1365 383 1388 um
412 1365 524 1402 super
557 1353 676 1402 ripam
711 1352 896 1401 praebens.
952 1353 1124 1388 Asnaum
1153 1352 1442 1402 Athenagoram

319 1429 404 1452 cum
424 1415 495 1451 levi
517 1423 708 1452 armatura
726 1422 857 1453 tenere
877 1429 921 1452 ac
937 1417 1172 1453 communire
1186 1414 1301 1466 jubet
1318 1431 1325 1452 :
1359 1418 1440 1467 ipse

317 1481 357 1517 in
377 1480 529 1530 AEropo
550 1482 677 1530 posuit
698 1487 834 1519 castra.
891 1482 979 1521 Qua
1008 1481 1165 1518 abscisae
1184 1494 1295 1532 rupes
1316 1488 1438 1526 erant,

319 1545 435 1580 statio
473 1557 680 1594 paucorum
715 1551 945 1581 armatorum
979 1545 1160 1590 tenebat,
1202 1558 1285 1594 quae
1315 1546 1439 1582 minus

318 1614 403 1644 tuta
422 1616 544 1651 erant,
564 1609 637 1645 alia
658 1609 784 1652 fossis,
803 1609 877 1645 alia
896 1609 1016 1653 vallis,
1034 1609 1108 1646 alia
1127 1610 1294 1646 turribus
1315 1611 1440 1647 muni-

318 1672 418 1708 ebat.
475 1672 621 1721 Magna
640 1680 919 1709 tormentorum
939 1675 1054 1710 etiam
1073 1675 1144 1717 vis,
1167 1680 1208 1710 ut
1233 1674 1439 1712 missilibus

318 1737 449 1786 procul
480 1745 651 1773 arcerent
680 1738 845 1780 hostem,
866 1738 1013 1773 idoneis
1033 1737 1128 1774 locis
1147 1738 1332 1789 disposita
1350 1746 1408 1776 est
1426 1755 1435 1776 :

317 1801 602 1837 tabernaculum
625 1803 769 1850 regium
791 1815 859 1852 pro
879 1801 994 1845 vallo,
1015 1802 1054 1838 in
1081 1810 1289 1853 conspecto
1316 1804 1440 1840 maxi·

316 1878 375 1901 me
401 1866 564 1910 tumulo,
587 1873 628 1902 ut
657 1872 841 1903 terrorem
870 1867 1060 1911 hostibus,
1081 1868 1233 1917 suisque
1262 1880 1367 1919 spem
1390 1881 1436 1906 ex

315 1929 451 1966 fiducia
470 1930 625 1974 faceret,
648 1932 827 1981 positum.

368 1993 437 2030 VI.
468 1994 627 2038 Consul,
648 2008 715 2044 per
735 1996 954 2046 Charopum
975 1996 1162 2046 Epiroten
1186 1997 1327 2033 certior
1352 1996 1434 2034 fac-

311 2065 388 2102 tus,
407 2071 501 2107 quos
521 2058 637 2095 saltus
658 2072 742 2095 cnm
764 2061 932 2095 exercitu
953 2060 1152 2096 insedisset
1172 2073 1251 2104 rex,
1272 2067 1310 2097 et
1338 2063 1432 2111 ipse,

313 2136 426 2172 quum
452 2123 628 2173 Corcyrae
648 2124 902 2167 hibernasset,
925 2137 1010 2161 vere
1030 2125 1153 2174 primo
1173 2126 1212 2161 in
1231 2127 1432 2163 continen-

310 2194 386 2222 tem
421 2185 615 2237 trajectus,
645 2188 692 2224 ad
725 2188 876 2224 hostem
914 2189 1050 2225 ducere
1079 2190 1227 2239 pergit:
1268 2191 1434 2240 quinque

311 2251 429 2287 millia
457 2251 576 2288 ferme
610 2253 657 2289 ab
691 2254 805 2302 regiis
833 2255 965 2290 castris
999 2267 1115 2303 quum
1149 2254 1314 2298 abesset,
1344 2255 1431 2292 loco

308 2316 457 2351 munito
484 2315 624 2352 relictis
652 2317 882 2366 legionibus,
904 2319 984 2369 ipse
1013 2331 1099 2355 cum
1128 2320 1314 2369 expeditis
1342 2333 1430 2371 pro-

309 2390 458 2427 gressus
487 2379 534 2415 ad
568 2381 798 2431 speculanda
827 2382 926 2426 loca,
958 2388 1114 2432 postero
1141 2384 1202 2419 die
1232 2383 1432 2421 consilium
