1507 2656
261 186 414 216 LIBER
440 183 633 213 xxv111.
666 183 772 212 CAP.
797 183 900 211 XLI.
1064 183 1140 223 141

33 348 167 378 certum
193 342 314 383 habeo,
336 340 556 376 dissentienti
580 338 669 374 mihi
694 337 738 373 ab
766 338 834 372 ista
845 335 1086 385 festinatione
1108 320 1186 372 inA

31 406 197 455 Africam
218 405 431 452 trajiciendi,
449 406 603 439 duarum
630 414 749 438 rerum
773 402 990 437 subeundam
1007 402 1146 449 opinio-

10 470 11 474 ’
30 483 113 506 nem
130 482 224 512 esse;
243 471 360 510 unius,
381 469 495 503 insitae
511 468 650 514 ingenio
669 477 747 501 mco
763 466 1017 508 cunctationis5
1038 477 1147 512 quam

29 540 161 571 metum
191 535 447 582 pigritiamque
475 531 634 567 homines
658 531 897 566 adolescentes
917 542 1002 564 sane
1021 530 1146 577 adpel-

11 601 13 633 ἲ
29 600 114 641 lent,
132 600 217 634 dum
233 610 276 634 ne
290 599 476 646 paeniteat,
496 596 614 632 adhuc
632 596 787 631 aliorum
801 596 1013 642 speciosiora
1027 596 1146 642 primo

29 664 198 711 adspectu
218 663 366 698 consilia
390 673 526 708 semper
553 661 642 701 visa,
663 671 742 694 mea
764 670 828 694 asu
851 659 1024 693 meliora:
1054 659 1145 693 alte-

28 729 116 769 rius,
138 727 400 762 obtrectationis
418 730 524 773 atque
542 725 686 759 inoidiae
705 725 871 759 adversus
884 728 1089 759 crescentem
1109 725 1144 758 in

32 792 105 828 dies
127 791 283 838 gloriam
296 790 495 839 fortissimi
523 789 686 825 consulis
744 789 780 823 A
798 800 870 836 qua
894 789 1094 835 suspicione
1115 789 1147 822 si

12 866 13 873 ¹
30 868 88 892 me
109 867 220 904 neque
238 857 315 892 vita
335 860 417 891 acta
437 859 472 890 et
490 865 603 889 'mores
622 854 704 895 mei,
728 865 839 901 neque
865 854 1047 888 dictatura
1067 863 1147 887 cum

11 907 187 968 {quinque
206 919 457 961 consulatibus,
486 923 698 965 tantumque
720 918 846 964 gloria!
875 917 955 952 belli
984 918 1149 965 domique

29 989 147 1033 partae
171 984 343 1025 vindicat,
368 988 408 1018 ut
430 983 583 1030 propius
601 981 803 1029 fastidium
833 979 906 1026 ejus
930 982 1010 1022 sim,
1041 993 1150 1029 quam

14 1062 15 1072 ¹
34 1050 242 1085 desiderium
254 1065 268 1092 -,·
297 1053 383 1084 a’tas
400 1048 530 1083 saltem
555 1047 700 1083 liberet:
731 1059 808 1095 quse
822 1048 914 1082 enim
935 1046 1020 1082 milii
1039 1058 1148 1082 cemu-

14 1147 15 1150 ,
33 1114 121 1149 latio
140 1125 219 1149 cum
238 1125 277 1148 eo
297 1123 366 1148 esse
383 1116 513 1159 potest,
535 1111 595 1159 qui
618 1111 752 1159 nefi'l‘io
771 1111 909 1157 quidem
930 1121 1008 1145 ineo
1027 1122 1149 1159 oequa-

33 1178 78 1214 lis
89 1179 136 1214 sit
149 1179 170 1213 Γ)
197 1178 262 1214 Me
276 1179 499 1218 dictatorem,
517 1188 625 1224 quum
644 1176 798 1223 vigerem
817 1174 935 1210 adhuc
949 1175 1093 1217 viribus,
1115 1180 1150 1210 et

31 1243 71 1277 in
99 1254 202 1277 cursu
234 1242 473 1277 maximarum
501 1252 621 1276 rerum
650 1251 771 1281 essem,
797 1243 1019 1274 recusantem
1047 1250 1151 1274 nemo

14 1310 98 1359 {aut
116 1307 151 1341 in
171 1311 311 1347 senatu,
332 1310 398 1341 aut
422 1306 471 1340 ad
493 1305 672 1353 populum
696 1305 850 1345 audivit,
870 1315 940 1351 quo
958 1304 1075 1339 minus
1094 1304 1150 1339 in-

15 1361 184 1406 ¹sectanti
211 1382 267 1406 me
296 1371 468 1417 magistro
499 1371 671 1417 equitum,
697 1369 790 1416 quod
807 1367 929 1416 fando
956 1379 1152 1416 numquam

15 1439 116 1469 wante
134 1435 298 1469 auditum
318 1438 410 1475 erat,
436 1434 626 1480 imperium
650 1444 785 1467 mecum
804 1436 1019 1480 aequaretur.
1077 1432 1151 1467 Re-

15 1497 17 1534 }
33 1498 107 1539 bus,
124 1510 229 1545 quam
247 1497 372 1538 verbis,
390 1497 535 1543 adsequi
556 1497 682 1537 malui,
701 1499 754 1537 ut,
773 1497 834 1543 qui
849 1496 1001 1531 aliorum
1009 1493 1153 1540 judicio

16 1560 17 1569 ¹
35 1562 124 1598 mihi
141 1566 368 1610 comparatus
383 1565 474 1603 erat,
491 1572 556 1596 sua
574 1572 656 1595 mox
672 1559 890 1608 confessione
905 1571 959 1595 me
975 1560 1040 1595 sibi
1056 1571 1152 1607 prce-

15 1610 18 1660 ,ζ
23 1627 147 1676 ferret
159 1643 171 1663 .·
199 1627 330 1662 nedum
358 1638 435 1672 ego,
470 1624 679 1673 perfunctus
716 1624 917 1665 honoribus,
953 1625 1153 1660 certamina

36 1691 124 1727 milei
152 1695 259 1737 atque
287 1689 529 1725 a’mulationes
559 1700 637 1724 cum
666 1689 888 1724 adolescente
893 1687 1153 1736 florentissimo

18 1764 254 1803 *proponatis
282 1754 447 1789 videlicet
477 1757 517 1788 ut
546 1753 633 1788 mihi
653 1751 736 1798 jam
767 1753 926 1793 vivendo,
948 1764 1015 1787 non
1038 1752 1153 1786 solum

36 1830 136 1854 renus
151 1818 316 1864 gerendis
326 1815 441 1865 fesso,
461 1818 491 1851 si
517 1816 598 1852 huic
622 1815 896 1864 negatasuerit,
918 1814 1049 1862 Africa
1065 1827 1152 1862 pro-

18 1883 154 1929 ¹¹vincia
170 1882 390 1917 decernatur.
450 1880 539 1915 Cum
564 1891 606 1915 ea
625 1880 759 1927 gloria,
783 1891 860 1926 quae
878 1883 992 1926 parta
1014 1883 1077 1920 est,
1097 1880 1151 1914 vi-

19 1946 189 1989 *vendam
216 1949 323 1992 atque
354 1945 573 1980 moriendum
602 1949 664 1980 est.
689 1958 692 1961 ·
727 1944 874 1979 Vincere
895 1955 959 1990 ego
984 1942 1155 1990 prohibui

19 2009 292 2051 &Hannibalem
324 2013 363 2043 ut
395 2020 417 2043 a
449 2008 556 2049 vobis,
591 2020 740 2054 quorum
768 2009 890 2054 vigent
920 2018 1015 2042 nunc
1046 2007 1151 2048 vires,

39 2075 149 2110 etiam
166 2074 260 2108 vinci
277 2077 403 2120 posset.

92 2137 201 2173 XLI.
233 2138 331 2173 Illud
362 2142 394 2172 te
424 2137 511 2172 milti
542 2138 731 2184 ignoscere,
763 2136 808 2170 P.
827 2134 984 2176 Corneli,
1015 2146 1154 2182 cequum

20 2190 21 2207 ἓ
40 2204 121 2244 erit,
141 2203 183 2244 si,
205 2214 312 2250 quum
337 2204 374 2237 in
393 2214 448 2237 me
473 2203 549 2249 ipso
568 2212 762 2248 numquam
785 2200 901 2247 pluris
918 2197 1068 2246 famam
1091 2198 1154 2233 ho-

39 2269 190 2309 minum,
211 2279 318 2314 quam
343 2267 610 2314 rempublicam,
628 2265 797 2314 fecerim,
824 2276 868 2299 ne
893 2268 993 2299 tuam
1013 2263 1157 2311 quidem

38 2332 193 2379 gloriam
222 2330 309 2367 bono
336 2330 478 2379 publico
507 2341 741 2379 praeponam:
770 2339 1000 2376 quamquam,
1031 2327 1061 2362 si
1091 2330 1156 2362 aut

31 289 98 326 quo
119 278 326 319 consulitur,
347 288 410 311 suo
436 275 512 310 loco
542 275 630 309 dicit
657 274 881 309 sententiam.
938 272 1058 319 Atque
1080 275 1199 319 egoU.
1212 275 1248 306 C.
1263 280 1337 310 ⁵47.

1158 318 1248 351 AC.
1260 326 1339 351 205.
