<?xml version="1.0" encoding="UTF-8"?>
<!DOCTYPE html PUBLIC "-//W3C//DTD XHTML 1.0 Transitional//EN"
    "http://www.w3.org/TR/xhtml1/DTD/xhtml1-transitional.dtd">
<html xmlns="http://www.w3.org/1999/xhtml" xml:lang="en" lang="en">
 <head>
  <title>
</title>
<meta http-equiv="Content-Type" content="text/html;charset=utf-8" />
  <meta name='ocr-system' content='tesseract 3.04.00' />
  <meta name='ocr-capabilities' content='ocr_page ocr_carea ocr_par ocr_line ocrx_word'/>
</head>
<body>
  <div class='ocr_page' id='page_1' title='image "./historiarumquaes03livyuoft/historiarumquaes03livyuoft_0225.png"; bbox 0 0 1507 2656; ppageno 0'>
   <div class='ocr_carea' id='block_1_1' title="bbox 0 1617 17 2649">
    <p class='ocr_par' dir='ltr' id='par_1_1' title="bbox 0 1617 17 2649">
     <span class='ocr_line' id='line_1_1' title="bbox 0 1617 17 2649; baseline 0 0"><span class='ocrx_word' id='word_1_1' title='bbox 0 1617 17 2649; x_wconf 95' lang='lat' dir='ltr'> </span> 
     </span>
    </p>
   </div>
   <div class='ocr_carea' id='block_1_2' title="bbox 363 142 1194 188">
    <p class='ocr_par' dir='ltr' id='par_1_2' title="bbox 363 142 1194 188">
     <span class='ocr_line' id='line_1_2' title="bbox 363 142 1194 188; baseline 0.002 -16"><span class='ocrx_word' id='word_1_2' title='bbox 363 144 517 172; x_wconf 74' lang='lat' dir='ltr'>LIBER</span> <span class='ocrx_word' id='word_1_3' title='bbox 541 142 664 171; x_wconf 78' lang='lat' dir='ltr'>XXX.</span> <span class='ocrx_word' id='word_1_4' title='bbox 696 143 803 171; x_wconf 58' lang='grc' dir='ltr'>ΕΑΒ.</span> <span class='ocrx_word' id='word_1_5' title='bbox 829 143 912 172; x_wconf 82' lang='grc' dir='ltr'><strong>ΙΙΙ.</strong></span> <span class='ocrx_word' id='word_1_6' title='bbox 1112 142 1194 188; x_wconf 76' lang='grc'>215</span> 
     </span>
    </p>
   </div>
   <div class='ocr_carea' id='block_1_3' title="bbox 0 233 1388 2328">
    <p class='ocr_par' dir='ltr' id='par_1_3' title="bbox 0 233 1388 2328">
     <span class='ocr_line' id='line_1_3' title="bbox 83 233 1388 284; baseline 0 -12"><span class='ocrx_word' id='word_1_7' title='bbox 83 236 186 278; x_wconf 79' lang='lat' dir='ltr'>diuo,</span> <span class='ocrx_word' id='word_1_8' title='bbox 203 235 373 272; x_wconf 78' lang='lat' dir='ltr'><strong>decretae.</strong></span> <span class='ocrx_word' id='word_1_9' title='bbox 403 233 549 283; x_wconf 79' lang='lat' dir='ltr'>Viginti</span> <span class='ocrx_word' id='word_1_10' title='bbox 568 234 726 270; x_wconf 89' lang='lat' dir='ltr'>omnino</span> <span class='ocrx_word' id='word_1_11' title='bbox 741 233 970 282; x_wconf 84' lang='lat' dir='ltr'>legionibus,</span> <span class='ocrx_word' id='word_1_12' title='bbox 988 240 1025 270; x_wconf 86' lang='lat' dir='ltr'>et</span> <span class='ocrx_word' id='word_1_13' title='bbox 1041 241 1192 272; x_wconf 88' lang='lat' dir='ltr'>centum</span> <span class='ocrx_word' id='word_1_14' title='bbox 1205 249 1248 280; x_wconf 72' lang='lat' dir='ltr'>u,</span> <span class='ocrx_word' id='word_1_15' title='bbox 1261 249 1298 281; x_wconf 75' lang='lat' dir='ltr'>c,</span> <span class='ocrx_word' id='word_1_16' title='bbox 1315 258 1388 284; x_wconf 59' lang='lat'>540,</span> 
     </span>
     <span class='ocr_line' id='line_1_4' title="bbox 82 293 1387 348; baseline 0.002 -13"><span class='ocrx_word' id='word_1_17' title='bbox 82 300 280 348; x_wconf 80' lang='lat' dir='ltr'>sexaginta</span> <span class='ocrx_word' id='word_1_18' title='bbox 298 298 453 336; x_wconf 83' lang='lat' dir='ltr'>navibus</span> <span class='ocrx_word' id='word_1_19' title='bbox 472 297 596 347; x_wconf 84' lang='lat' dir='ltr'>longis</span> <span class='ocrx_word' id='word_1_20' title='bbox 617 311 674 334; x_wconf 87' lang='lat' dir='ltr'>res</span> <span class='ocrx_word' id='word_1_21' title='bbox 694 298 873 335; x_wconf 90' lang='lat' dir='ltr'>Romana</span> <span class='ocrx_word' id='word_1_22' title='bbox 889 311 934 335; x_wconf 92' lang='lat' dir='ltr'>eo</span> <span class='ocrx_word' id='word_1_23' title='bbox 951 311 1052 335; x_wconf 87' lang='lat' dir='ltr'>anno</span> <span class='ocrx_word' id='word_1_24' title='bbox 1072 307 1192 348; x_wconf 80' lang='lat' dir='ltr'>gesta.</span> <span class='ocrx_word' id='word_1_25' title='bbox 1207 294 1246 325; x_wconf 79' lang='grc' dir='ltr'>Α·</span> <span class='ocrx_word' id='word_1_26' title='bbox 1258 293 1296 325; x_wconf 80' lang='lat' dir='ltr'>C·</span> <span class='ocrx_word' id='word_1_27' title='bbox 1312 302 1387 327; x_wconf 72' lang='lat'><strong>2⁰3·</strong></span> 
     </span>
     <span class='ocr_line' id='line_1_5' title="bbox 80 361 1194 413; baseline 0.001 -14"><span class='ocrx_word' id='word_1_28' title='bbox 80 363 265 400; x_wconf 84' lang='lat' dir='ltr'>Praetores</span> <span class='ocrx_word' id='word_1_29' title='bbox 286 363 324 398; x_wconf 93' lang='lat' dir='ltr'>in</span> <span class='ocrx_word' id='word_1_30' title='bbox 343 362 554 412; x_wconf 87' lang='lat' dir='ltr'>provincias</span> <span class='ocrx_word' id='word_1_31' title='bbox 575 362 629 397; x_wconf 87' lang='lat' dir='ltr'>ire</span> <span class='ocrx_word' id='word_1_32' title='bbox 648 361 760 412; x_wconf 87' lang='lat' dir='ltr'>jussi.</span> <span class='ocrx_word' id='word_1_33' title='bbox 817 361 1046 399; x_wconf 87' lang='lat' dir='ltr'>Consulibus</span> <span class='ocrx_word' id='word_1_34' title='bbox 1075 364 1194 413; x_wconf 90' lang='lat' dir='ltr'>impe·</span> 
     </span>
     <span class='ocr_line' id='line_1_6' title="bbox 81 425 1192 477; baseline 0.001 -14"><span class='ocrx_word' id='word_1_35' title='bbox 81 434 216 470; x_wconf 83' lang='lat' dir='ltr'>ratum,</span> <span class='ocrx_word' id='word_1_36' title='bbox 247 427 463 477; x_wconf 87' lang='lat' dir='ltr'>priusquam</span> <span class='ocrx_word' id='word_1_37' title='bbox 500 425 546 462; x_wconf 88' lang='lat' dir='ltr'>ab</span> <span class='ocrx_word' id='word_1_38' title='bbox 582 425 673 463; x_wconf 88' lang='lat' dir='ltr'>urbe</span> <span class='ocrx_word' id='word_1_39' title='bbox 708 425 1051 476; x_wconf 84' lang='lat' dir='ltr'>proficiscerentur,</span> <span class='ocrx_word' id='word_1_40' title='bbox 1085 426 1192 464; x_wconf 86' lang='lat' dir='ltr'>ludos</span> 
     </span>
     <span class='ocr_line' id='line_1_7' title="bbox 79 490 1193 540; baseline 0 -13"><span class='ocrx_word' id='word_1_41' title='bbox 79 503 237 539; x_wconf 88' lang='lat' dir='ltr'>magnos</span> <span class='ocrx_word' id='word_1_42' title='bbox 256 491 437 533; x_wconf 87' lang='lat' dir='ltr'>facerent,</span> <span class='ocrx_word' id='word_1_43' title='bbox 459 503 552 540; x_wconf 92' lang='lat' dir='ltr'>quos</span> <span class='ocrx_word' id='word_1_44' title='bbox 582 490 628 527; x_wconf 91' lang='lat' dir='ltr'>T.</span> <span class='ocrx_word' id='word_1_45' title='bbox 648 490 816 527; x_wconf 87' lang='lat' dir='ltr'>Manlius</span> <span class='ocrx_word' id='word_1_46' title='bbox 836 490 1053 539; x_wconf 88' lang='lat' dir='ltr'>Torquatus</span> <span class='ocrx_word' id='word_1_47' title='bbox 1073 491 1193 527; x_wconf 86' lang='lat' dir='ltr'>‹licta-</span> 
     </span>
     <span class='ocr_line' id='line_1_8' title="bbox 79 554 1191 603; baseline 0 -13"><span class='ocrx_word' id='word_1_48' title='bbox 79 560 140 590; x_wconf 79' lang='lat' dir='ltr'>tor</span> <span class='ocrx_word' id='word_1_49' title='bbox 158 556 197 590; x_wconf 91' lang='lat' dir='ltr'>in</span> <span class='ocrx_word' id='word_1_50' title='bbox 216 555 390 603; x_wconf 90' lang='lat' dir='ltr'>quintum</span> <span class='ocrx_word' id='word_1_51' title='bbox 416 568 558 590; x_wconf 87' lang='lat' dir='ltr'>annum</span> <span class='ocrx_word' id='word_1_52' title='bbox 576 555 754 598; x_wconf 89' lang='lat' dir='ltr'>vovisset,</span> <span class='ocrx_word' id='word_1_53' title='bbox 775 555 805 590; x_wconf 91' lang='lat' dir='ltr'>si</span> <span class='ocrx_word' id='word_1_54' title='bbox 825 554 958 591; x_wconf 88' lang='lat' dir='ltr'>eodem</span> <span class='ocrx_word' id='word_1_55' title='bbox 986 560 1088 590; x_wconf 87' lang='lat' dir='ltr'>statu</span> <span class='ocrx_word' id='word_1_56' title='bbox 1113 567 1191 591; x_wconf 85' lang='lat' dir='ltr'>res-</span> 
     </span>
     <span class='ocr_line' id='line_1_9' title="bbox 76 617 1190 668; baseline 0.002 -15"><span class='ocrx_word' id='word_1_57' title='bbox 76 617 227 668; x_wconf 79' lang='lat' dir='ltr'>publica</span> <span class='ocrx_word' id='word_1_58' title='bbox 256 624 384 655; x_wconf 86' lang='lat' dir='ltr'>staret.</span> <span class='ocrx_word' id='word_1_59' title='bbox 440 619 492 654; x_wconf 91' lang='lat' dir='ltr'>Et</span> <span class='ocrx_word' id='word_1_60' title='bbox 522 631 641 654; x_wconf 85' lang='lat' dir='ltr'>novas</span> <span class='ocrx_word' id='word_1_61' title='bbox 672 618 874 668; x_wconf 79' lang='lat' dir='ltr'>religiones</span> <span class='ocrx_word' id='word_1_62' title='bbox 903 618 1122 655; x_wconf 79' lang='lat' dir='ltr'>excitabant</span> <span class='ocrx_word' id='word_1_63' title='bbox 1150 619 1190 655; x_wconf 90' lang='lat' dir='ltr'>in</span> 
     </span>
     <span class='ocr_line' id='line_1_10' title="bbox 77 682 1190 734; baseline 0 -15"><span class='ocrx_word' id='word_1_64' title='bbox 77 684 209 720; x_wconf 88' lang='lat' dir='ltr'>animis</span> <span class='ocrx_word' id='word_1_65' title='bbox 239 684 436 720; x_wconf 88' lang='lat' dir='ltr'>hominum</span> <span class='ocrx_word' id='word_1_66' title='bbox 468 684 655 734; x_wconf 83' lang='lat' dir='ltr'>prodigia,</span> <span class='ocrx_word' id='word_1_67' title='bbox 689 696 736 719; x_wconf 81' lang='lat' dir='ltr'>ex</span> <span class='ocrx_word' id='word_1_68' title='bbox 768 682 936 733; x_wconf 90' lang='lat' dir='ltr'>pluribus</span> <span class='ocrx_word' id='word_1_69' title='bbox 969 682 1062 719; x_wconf 88' lang='lat' dir='ltr'>locis</span> <span class='ocrx_word' id='word_1_70' title='bbox 1092 695 1190 719; x_wconf 88' lang='lat' dir='ltr'>nun-</span> 
     </span>
     <span class='ocr_line' id='line_1_11' title="bbox 75 746 1190 798; baseline -0.002 -14"><span class='ocrx_word' id='word_1_71' title='bbox 75 748 186 784; x_wconf 86' lang='lat' dir='ltr'>ciata.</span> <span class='ocrx_word' id='word_1_72' title='bbox 241 749 387 784; x_wconf 84' lang='lat' dir='ltr'>Aurum</span> <span class='ocrx_word' id='word_1_73' title='bbox 407 749 445 784; x_wconf 90' lang='lat' dir='ltr'>in</span> <span class='ocrx_word' id='word_1_74' title='bbox 467 748 660 798; x_wconf 84' lang='lat' dir='ltr'>Capitolio</span> <span class='ocrx_word' id='word_1_75' title='bbox 680 748 783 783; x_wconf 89' lang='lat' dir='ltr'>corvi</span> <span class='ocrx_word' id='word_1_76' title='bbox 805 759 883 783; x_wconf 88' lang='lat' dir='ltr'>non</span> <span class='ocrx_word' id='word_1_77' title='bbox 903 746 1086 783; x_wconf 83' lang='lat' dir='ltr'>lacerasse</span> <span class='ocrx_word' id='word_1_78' title='bbox 1104 753 1190 782; x_wconf 85' lang='lat' dir='ltr'>tan-</span> 
     </span>
     <span class='ocr_line' id='line_1_12' title="bbox 73 811 1191 855; baseline -0.001 -8"><span class='ocrx_word' id='word_1_79' title='bbox 73 818 156 847; x_wconf 86' lang='lat' dir='ltr'>tum</span> <span class='ocrx_word' id='word_1_80' title='bbox 183 813 314 848; x_wconf 89' lang='lat' dir='ltr'>rostris</span> <span class='ocrx_word' id='word_1_81' title='bbox 345 813 490 855; x_wconf 81' lang='lat' dir='ltr'>crediti,</span> <span class='ocrx_word' id='word_1_82' title='bbox 521 813 585 849; x_wconf 89' lang='lat' dir='ltr'>sed</span> <span class='ocrx_word' id='word_1_83' title='bbox 605 813 719 849; x_wconf 90' lang='lat' dir='ltr'>etiam</span> <span class='ocrx_word' id='word_1_84' title='bbox 745 813 876 849; x_wconf 86' lang='lat' dir='ltr'>edisse.</span> <span class='ocrx_word' id='word_1_85' title='bbox 930 811 1061 847; x_wconf 88' lang='lat' dir='ltr'>Mures</span> <span class='ocrx_word' id='word_1_86' title='bbox 1081 811 1191 846; x_wconf 80' lang='lat' dir='ltr'>Antii</span> 
     </span>
     <span class='ocr_line' id='line_1_13' title="bbox 73 875 1189 925; baseline 0.001 -15"><span class='ocrx_word' id='word_1_87' title='bbox 73 887 255 911; x_wconf 89' lang='lat' dir='ltr'>coronam</span> <span class='ocrx_word' id='word_1_88' title='bbox 280 888 432 912; x_wconf 86' lang='lat' dir='ltr'>auream</span> <span class='ocrx_word' id='word_1_89' title='bbox 462 876 647 913; x_wconf 88' lang='lat' dir='ltr'>adrosere.</span> <span class='ocrx_word' id='word_1_90' title='bbox 704 876 815 912; x_wconf 86' lang='lat' dir='ltr'>Circa</span> <span class='ocrx_word' id='word_1_91' title='bbox 840 875 1010 925; x_wconf 87' lang='lat' dir='ltr'>Capuam</span> <span class='ocrx_word' id='word_1_92' title='bbox 1037 887 1189 911; x_wconf 87' lang='lat' dir='ltr'>omnem</span> 
     </span>
     <span class='ocr_line' id='line_1_14' title="bbox 72 938 1187 989; baseline 0 -15"><span class='ocrx_word' id='word_1_93' title='bbox 72 951 203 987; x_wconf 85' lang='lat' dir='ltr'>agrum</span> <span class='ocrx_word' id='word_1_94' title='bbox 231 938 462 976; x_wconf 84' lang='lat' dir='ltr'>locustarum</span> <span class='ocrx_word' id='word_1_95' title='bbox 486 941 541 976; x_wconf 85' lang='lat' dir='ltr'>vis</span> <span class='ocrx_word' id='word_1_96' title='bbox 570 941 719 989; x_wconf 85' lang='lat' dir='ltr'>ingenS,</span> <span class='ocrx_word' id='word_1_97' title='bbox 739 940 794 976; x_wconf 87' lang='lat' dir='ltr'>ita</span> <span class='ocrx_word' id='word_1_98' title='bbox 813 946 867 983; x_wconf 90' lang='lat' dir='ltr'>ut,</span> <span class='ocrx_word' id='word_1_99' title='bbox 890 940 987 976; x_wconf 90' lang='lat' dir='ltr'>unde</span> <span class='ocrx_word' id='word_1_100' title='bbox 1016 939 1187 975; x_wconf 80' lang='lat' dir='ltr'>advenis-</span> 
     </span>
     <span class='ocr_line' id='line_1_15' title="bbox 72 1003 1186 1054; baseline 0 -15"><span class='ocrx_word' id='word_1_101' title='bbox 72 1010 169 1047; x_wconf 87' lang='lat' dir='ltr'>sent,</span> <span class='ocrx_word' id='word_1_102' title='bbox 190 1016 323 1054; x_wconf 87' lang='lat' dir='ltr'>parum</span> <span class='ocrx_word' id='word_1_103' title='bbox 345 1011 554 1048; x_wconf 86' lang='lat' dir='ltr'>constaret,</span> <span class='ocrx_word' id='word_1_104' title='bbox 573 1004 789 1054; x_wconf 85' lang='lat' dir='ltr'>complevit.</span> <span class='ocrx_word' id='word_1_105' title='bbox 844 1003 1037 1052; x_wconf 89' lang='lat' dir='ltr'>Equuleus</span> <span class='ocrx_word' id='word_1_106' title='bbox 1063 1003 1186 1039; x_wconf 85' lang='lat' dir='ltr'>Reate</span> 
     </span>
     <span class='ocr_line' id='line_1_16' title="bbox 70 1068 1185 1119; baseline -0.001 -16"><span class='ocrx_word' id='word_1_107' title='bbox 70 1080 156 1103; x_wconf 90' lang='lat' dir='ltr'>cum</span> <span class='ocrx_word' id='word_1_108' title='bbox 181 1068 346 1116; x_wconf 89' lang='lat' dir='ltr'>quinque</span> <span class='ocrx_word' id='word_1_109' title='bbox 375 1068 533 1119; x_wconf 82' lang='lat' dir='ltr'>pedibus</span> <span class='ocrx_word' id='word_1_110' title='bbox 564 1074 690 1105; x_wconf 81' lang='lat' dir='ltr'>natus.</span> <span class='ocrx_word' id='word_1_111' title='bbox 745 1068 932 1116; x_wconf 82' lang='lat' dir='ltr'>Anagniae</span> <span class='ocrx_word' id='word_1_112' title='bbox 959 1068 1078 1117; x_wconf 82' lang='lat' dir='ltr'>sparsi</span> <span class='ocrx_word' id='word_1_113' title='bbox 1106 1069 1185 1116; x_wconf 88' lang='lat' dir='ltr'>pri-</span> 
     </span>
     <span class='ocr_line' id='line_1_17' title="bbox 69 1131 1183 1180; baseline 0 -13"><span class='ocrx_word' id='word_1_114' title='bbox 69 1143 173 1167; x_wconf 85' lang='lat' dir='ltr'>mum</span> <span class='ocrx_word' id='word_1_115' title='bbox 201 1132 307 1180; x_wconf 87' lang='lat' dir='ltr'>ignes</span> <span class='ocrx_word' id='word_1_116' title='bbox 336 1132 376 1168; x_wconf 91' lang='lat' dir='ltr'>in</span> <span class='ocrx_word' id='word_1_117' title='bbox 399 1132 512 1175; x_wconf 88' lang='lat' dir='ltr'>coelo,</span> <span class='ocrx_word' id='word_1_118' title='bbox 532 1133 620 1168; x_wconf 88' lang='lat' dir='ltr'>dein</span> <span class='ocrx_word' id='word_1_119' title='bbox 639 1132 703 1168; x_wconf 79' lang='lat' dir='ltr'>fax</span> <span class='ocrx_word' id='word_1_120' title='bbox 732 1133 864 1180; x_wconf 86' lang='lat' dir='ltr'>ingens</span> <span class='ocrx_word' id='word_1_121' title='bbox 895 1132 997 1168; x_wconf 88' lang='lat' dir='ltr'>arsit.</span> <span class='ocrx_word' id='word_1_122' title='bbox 1054 1131 1183 1168; x_wconf 88' lang='lat' dir='ltr'>Frusi-</span> 
     </span>
     <span class='ocr_line' id='line_1_18' title="bbox 68 1194 1182 1246; baseline 0 -14"><span class='ocrx_word' id='word_1_123' title='bbox 68 1208 168 1232; x_wconf 88' lang='lat' dir='ltr'>none</span> <span class='ocrx_word' id='word_1_124' title='bbox 197 1209 304 1233; x_wconf 87' lang='lat' dir='ltr'>arcus</span> <span class='ocrx_word' id='word_1_125' title='bbox 335 1197 453 1234; x_wconf 89' lang='lat' dir='ltr'>solem</span> <span class='ocrx_word' id='word_1_126' title='bbox 478 1198 584 1234; x_wconf 88' lang='lat' dir='ltr'>tenui</span> <span class='ocrx_word' id='word_1_127' title='bbox 608 1196 709 1232; x_wconf 91' lang='lat' dir='ltr'>linea</span> <span class='ocrx_word' id='word_1_128' title='bbox 728 1194 921 1246; x_wconf 81' lang='lat' dir='ltr'>amplexus</span> <span class='ocrx_word' id='word_1_129' title='bbox 948 1202 1004 1232; x_wconf 87' lang='lat' dir='ltr'>est</span> <span class='ocrx_word' id='word_1_130' title='bbox 1018 1212 1028 1240; x_wconf 79' lang='lat'>3</span> <span class='ocrx_word' id='word_1_131' title='bbox 1062 1197 1182 1232; x_wconf 86' lang='lat' dir='ltr'>circu-</span> 
     </span>
     <span class='ocr_line' id='line_1_19' title="bbox 67 1258 1181 1312; baseline 0.001 -17"><span class='ocrx_word' id='word_1_132' title='bbox 67 1259 142 1295; x_wconf 86' lang='lat' dir='ltr'>lum</span> <span class='ocrx_word' id='word_1_133' title='bbox 164 1259 298 1296; x_wconf 84' lang='lat' dir='ltr'>deinde</span> <span class='ocrx_word' id='word_1_134' title='bbox 316 1261 440 1311; x_wconf 89' lang='lat' dir='ltr'>ipsum</span> <span class='ocrx_word' id='word_1_135' title='bbox 467 1260 590 1312; x_wconf 87' lang='lat' dir='ltr'>major</span> <span class='ocrx_word' id='word_1_136' title='bbox 618 1259 707 1296; x_wconf 89' lang='lat' dir='ltr'>solis</span> <span class='ocrx_word' id='word_1_137' title='bbox 730 1258 832 1295; x_wconf 88' lang='lat' dir='ltr'>orbis</span> <span class='ocrx_word' id='word_1_138' title='bbox 863 1260 1094 1295; x_wconf 80' lang='lat' dir='ltr'>extrinsecus</span> <span class='ocrx_word' id='word_1_139' title='bbox 1123 1260 1181 1296; x_wconf 87' lang='lat' dir='ltr'>in-</span> 
     </span>
     <span class='ocr_line' id='line_1_20' title="bbox 68 1323 1181 1375; baseline 0.002 -17"><span class='ocrx_word' id='word_1_140' title='bbox 68 1323 191 1360; x_wconf 86' lang='lat' dir='ltr'>clusit.</span> <span class='ocrx_word' id='word_1_141' title='bbox 246 1325 384 1375; x_wconf 88' lang='lat' dir='ltr'>Arpini</span> <span class='ocrx_word' id='word_1_142' title='bbox 402 1331 503 1362; x_wconf 86' lang='lat' dir='ltr'>terra</span> <span class='ocrx_word' id='word_1_143' title='bbox 522 1325 722 1375; x_wconf 86' lang='lat' dir='ltr'>campestri</span> <span class='ocrx_word' id='word_1_144' title='bbox 748 1336 840 1372; x_wconf 86' lang='lat' dir='ltr'>agro</span> <span class='ocrx_word' id='word_1_145' title='bbox 859 1324 898 1360; x_wconf 89' lang='lat' dir='ltr'>in</span> <span class='ocrx_word' id='word_1_146' title='bbox 919 1324 1111 1372; x_wconf 85' lang='lat' dir='ltr'>ingentem</span> <span class='ocrx_word' id='word_1_147' title='bbox 1131 1325 1181 1360; x_wconf 87' lang='lat' dir='ltr'>si-</span> 
     </span>
     <span class='ocr_line' id='line_1_21' title="bbox 65 1387 1180 1438; baseline 0.002 -15"><span class='ocrx_word' id='word_1_148' title='bbox 65 1399 157 1423; x_wconf 92' lang='lat' dir='ltr'>num</span> <span class='ocrx_word' id='word_1_149' title='bbox 189 1389 372 1426; x_wconf 84' lang='lat' dir='ltr'>consedit.</span> <span class='ocrx_word' id='word_1_150' title='bbox 430 1389 637 1426; x_wconf 90' lang='lat' dir='ltr'>Consulum</span> <span class='ocrx_word' id='word_1_151' title='bbox 667 1387 790 1431; x_wconf 88' lang='lat' dir='ltr'>alteri,</span> <span class='ocrx_word' id='word_1_152' title='bbox 823 1388 983 1438; x_wconf 89' lang='lat' dir='ltr'>primam</span> <span class='ocrx_word' id='word_1_153' title='bbox 1015 1389 1180 1425; x_wconf 87' lang='lat' dir='ltr'>hostiam</span> 
     </span>
     <span class='ocr_line' id='line_1_22' title="bbox 64 1449 1179 1502; baseline 0.002 -16"><span class='ocrx_word' id='word_1_154' title='bbox 64 1449 280 1494; x_wconf 87' lang='lat' dir='ltr'>inmolanti,</span> <span class='ocrx_word' id='word_1_155' title='bbox 301 1458 415 1502; x_wconf 92' lang='lat' dir='ltr'>caput</span> <span class='ocrx_word' id='word_1_156' title='bbox 436 1452 622 1502; x_wconf 90' lang='lat' dir='ltr'>jocinoris</span> <span class='ocrx_word' id='word_1_157' title='bbox 643 1451 775 1488; x_wconf 84' lang='lat' dir='ltr'>defuit.</span> <span class='ocrx_word' id='word_1_158' title='bbox 830 1452 889 1488; x_wconf 89' lang='lat' dir='ltr'>Ea</span> <span class='ocrx_word' id='word_1_159' title='bbox 907 1452 1080 1502; x_wconf 89' lang='lat' dir='ltr'>prodigia</span> <span class='ocrx_word' id='word_1_160' title='bbox 1099 1465 1179 1488; x_wconf 87' lang='lat' dir='ltr'>ma-</span> 
     </span>
     <span class='ocr_line' id='line_1_23' title="bbox 57 1512 1179 1567; baseline 0.003 -17"><span class='ocrx_word' id='word_1_161' title='bbox 57 1512 206 1564; x_wconf 88' lang='lat' dir='ltr'>joribus</span> <span class='ocrx_word' id='word_1_162' title='bbox 233 1514 367 1551; x_wconf 92' lang='lat' dir='ltr'>hostiis</span> <span class='ocrx_word' id='word_1_163' title='bbox 400 1523 624 1566; x_wconf 87' lang='lat' dir='ltr'>procurata:</span> <span class='ocrx_word' id='word_1_164' title='bbox 657 1516 747 1552; x_wconf 88' lang='lat' dir='ltr'>editi</span> <span class='ocrx_word' id='word_1_165' title='bbox 778 1529 799 1552; x_wconf 88' lang='lat' dir='ltr'>a</span> <span class='ocrx_word' id='word_1_166' title='bbox 832 1516 992 1566; x_wconf 84' lang='lat' dir='ltr'>collegio</span> <span class='ocrx_word' id='word_1_167' title='bbox 1025 1516 1179 1567; x_wconf 83' lang='lat' dir='ltr'>pontifi-</span> 
     </span>
     <span class='ocr_line' id='line_1_24' title="bbox 64 1577 708 1628; baseline 0.008 -15"><span class='ocrx_word' id='word_1_168' title='bbox 64 1590 147 1614; x_wconf 90' lang='lat' dir='ltr'>cum</span> <span class='ocrx_word' id='word_1_169' title='bbox 169 1577 248 1621; x_wconf 86' lang='lat' dir='ltr'>Dii,</span> <span class='ocrx_word' id='word_1_170' title='bbox 270 1578 403 1628; x_wconf 89' lang='lat' dir='ltr'>quibus</span> <span class='ocrx_word' id='word_1_171' title='bbox 425 1581 708 1618; x_wconf 84' lang='lat' dir='ltr'>sacrificaretur.</span> 
     </span>
     <span class='ocr_line' id='line_1_25' title="bbox 115 1642 1176 1697; baseline 0.003 -18"><span class='ocrx_word' id='word_1_172' title='bbox 115 1642 192 1680; x_wconf 92' lang='grc' dir='ltr'>ΙΙΙ.</span> <span class='ocrx_word' id='word_1_173' title='bbox 221 1643 273 1680; x_wconf 88' lang='lat' dir='ltr'>Iis</span> <span class='ocrx_word' id='word_1_174' title='bbox 295 1647 511 1688; x_wconf 83' lang='lat' dir='ltr'>transactis,</span> <span class='ocrx_word' id='word_1_175' title='bbox 533 1646 705 1683; x_wconf 88' lang='lat' dir='ltr'>consules</span> <span class='ocrx_word' id='word_1_176' title='bbox 735 1653 991 1697; x_wconf 65' lang='lat' dir='ltr'>praetoresque</span> <span class='ocrx_word' id='word_1_177' title='bbox 1020 1646 1058 1682; x_wconf 89' lang='lat' dir='ltr'>in</span> <span class='ocrx_word' id='word_1_178' title='bbox 1087 1659 1176 1696; x_wconf 89' lang='lat' dir='ltr'>pro-</span> 
     </span>
     <span class='ocr_line' id='line_1_26' title="bbox 60 1706 1174 1757; baseline 0.004 -16"><span class='ocrx_word' id='word_1_179' title='bbox 60 1706 201 1742; x_wconf 89' lang='lat' dir='ltr'>vincias</span> <span class='ocrx_word' id='word_1_180' title='bbox 222 1707 383 1757; x_wconf 87' lang='lat' dir='ltr'>profecti</span> <span class='ocrx_word' id='word_1_181' title='bbox 399 1722 405 1743; x_wconf 91' lang='lat'>:</span> <span class='ocrx_word' id='word_1_182' title='bbox 438 1708 613 1745; x_wconf 89' lang='lat' dir='ltr'>omnibus</span> <span class='ocrx_word' id='word_1_183' title='bbox 633 1716 774 1753; x_wconf 87' lang='lat' dir='ltr'>tamen,</span> <span class='ocrx_word' id='word_1_184' title='bbox 791 1709 894 1746; x_wconf 86' lang='lat' dir='ltr'>velut</span> <span class='ocrx_word' id='word_1_185' title='bbox 913 1722 997 1746; x_wconf 90' lang='lat' dir='ltr'>eam</span> <span class='ocrx_word' id='word_1_186' title='bbox 1016 1710 1174 1752; x_wconf 83' lang='lat' dir='ltr'>sortitis,</span> 
     </span>
     <span class='ocr_line' id='line_1_27' title="bbox 60 1769 1175 1822; baseline 0.004 -17"><span class='ocrx_word' id='word_1_187' title='bbox 60 1769 200 1806; x_wconf 85' lang='lat' dir='ltr'>Africae</span> <span class='ocrx_word' id='word_1_188' title='bbox 221 1783 310 1807; x_wconf 88' lang='lat' dir='ltr'>cura</span> <span class='ocrx_word' id='word_1_189' title='bbox 328 1778 432 1817; x_wconf 79' lang='lat' dir='ltr'>erat3</span> <span class='ocrx_word' id='word_1_190' title='bbox 465 1785 531 1808; x_wconf 84' lang='lat' dir='ltr'>seu</span> <span class='ocrx_word' id='word_1_191' title='bbox 551 1773 637 1822; x_wconf 88' lang='lat' dir='ltr'>quia</span> <span class='ocrx_word' id='word_1_192' title='bbox 657 1773 709 1809; x_wconf 92' lang='lat' dir='ltr'>ibi</span> <span class='ocrx_word' id='word_1_193' title='bbox 729 1786 913 1810; x_wconf 87' lang='lat' dir='ltr'>summam</span> <span class='ocrx_word' id='word_1_194' title='bbox 941 1786 1065 1809; x_wconf 90' lang='lat' dir='ltr'>rerum</span> <span class='ocrx_word' id='word_1_195' title='bbox 1093 1772 1175 1809; x_wconf 86' lang='lat' dir='ltr'>bel-</span> 
     </span>
     <span class='ocr_line' id='line_1_28' title="bbox 58 1833 1174 1888; baseline 0.004 -20"><span class='ocrx_word' id='word_1_196' title='bbox 58 1833 159 1882; x_wconf 90' lang='lat' dir='ltr'>lique</span> <span class='ocrx_word' id='word_1_197' title='bbox 186 1835 282 1870; x_wconf 85' lang='lat' dir='ltr'>verti</span> <span class='ocrx_word' id='word_1_198' title='bbox 301 1834 529 1881; x_wconf 81' lang='lat' dir='ltr'>cernebant3</span> <span class='ocrx_word' id='word_1_199' title='bbox 561 1849 627 1872; x_wconf 88' lang='lat' dir='ltr'>seu</span> <span class='ocrx_word' id='word_1_200' title='bbox 655 1843 697 1873; x_wconf 88' lang='lat' dir='ltr'>ut</span> <span class='ocrx_word' id='word_1_201' title='bbox 717 1837 886 1888; x_wconf 86' lang='lat' dir='ltr'>Scipioni</span> <span class='ocrx_word' id='word_1_202' title='bbox 913 1836 1174 1886; x_wconf 82' lang='lat' dir='ltr'>gratificaren·</span> 
     </span>
     <span class='ocr_line' id='line_1_29' title="bbox 57 1897 1173 1950; baseline 0.005 -18"><span class='ocrx_word' id='word_1_203' title='bbox 57 1904 132 1940; x_wconf 87' lang='lat' dir='ltr'>tur,</span> <span class='ocrx_word' id='word_1_204' title='bbox 153 1897 191 1933; x_wconf 89' lang='lat' dir='ltr'>in</span> <span class='ocrx_word' id='word_1_205' title='bbox 212 1910 322 1946; x_wconf 90' lang='lat' dir='ltr'>quem</span> <span class='ocrx_word' id='word_1_206' title='bbox 348 1905 426 1935; x_wconf 88' lang='lat' dir='ltr'>tum</span> <span class='ocrx_word' id='word_1_207' title='bbox 451 1901 572 1936; x_wconf 90' lang='lat' dir='ltr'>omnis</span> <span class='ocrx_word' id='word_1_208' title='bbox 603 1914 708 1937; x_wconf 88' lang='lat' dir='ltr'>versa</span> <span class='ocrx_word' id='word_1_209' title='bbox 728 1902 858 1938; x_wconf 78' lang='lat' dir='ltr'>civitas</span> <span class='ocrx_word' id='word_1_210' title='bbox 889 1908 980 1937; x_wconf 86' lang='lat' dir='ltr'>erat.</span> <span class='ocrx_word' id='word_1_211' title='bbox 1038 1900 1173 1950; x_wconf 84' lang='lat' dir='ltr'>Itaque</span> 
     </span>
     <span class='ocr_line' id='line_1_30' title="bbox 57 1961 1172 2012; baseline 0.004 -16"><span class='ocrx_word' id='word_1_212' title='bbox 57 1973 136 1996; x_wconf 90' lang='lat' dir='ltr'>non</span> <span class='ocrx_word' id='word_1_213' title='bbox 154 1974 200 1997; x_wconf 81' lang='lat' dir='ltr'>ex</span> <span class='ocrx_word' id='word_1_214' title='bbox 221 1961 394 1998; x_wconf 85' lang='lat' dir='ltr'>Sardinia</span> <span class='ocrx_word' id='word_1_215' title='bbox 412 1970 575 2007; x_wconf 89' lang='lat' dir='ltr'>tantum,</span> <span class='ocrx_word' id='word_1_216' title='bbox 600 1966 715 2012; x_wconf 79' lang='lat' dir='ltr'>(sicut</span> <span class='ocrx_word' id='word_1_217' title='bbox 735 1972 824 2001; x_wconf 88' lang='lat' dir='ltr'>ante</span> <span class='ocrx_word' id='word_1_218' title='bbox 848 1966 991 2001; x_wconf 82' lang='lat' dir='ltr'>dictum</span> <span class='ocrx_word' id='word_1_219' title='bbox 1011 1966 1084 2011; x_wconf 90' lang='lat' dir='ltr'>est)</span> <span class='ocrx_word' id='word_1_220' title='bbox 1107 1966 1172 2001; x_wconf 89' lang='lat' dir='ltr'>sed</span> 
     </span>
     <span class='ocr_line' id='line_1_31' title="bbox 56 2024 1171 2079; baseline 0.005 -20"><span class='ocrx_word' id='word_1_221' title='bbox 56 2036 103 2060; x_wconf 81' lang='lat' dir='ltr'>ex</span> <span class='ocrx_word' id='word_1_222' title='bbox 133 2024 261 2062; x_wconf 88' lang='lat' dir='ltr'>Sicilia</span> <span class='ocrx_word' id='word_1_223' title='bbox 285 2039 434 2076; x_wconf 90' lang='lat' dir='ltr'>quoque</span> <span class='ocrx_word' id='word_1_224' title='bbox 458 2034 495 2063; x_wconf 86' lang='lat' dir='ltr'>et</span> <span class='ocrx_word' id='word_1_225' title='bbox 524 2027 713 2079; x_wconf 83' lang='lat' dir='ltr'>Hispania</span> <span class='ocrx_word' id='word_1_226' title='bbox 738 2030 976 2072; x_wconf 76' lang='lat' dir='ltr'>vestimenta,</span> <span class='ocrx_word' id='word_1_227' title='bbox 1002 2029 1171 2065; x_wconf 85' lang='lat' dir='ltr'>frumen·</span> 
     </span>
     <span class='ocr_line' id='line_1_32' title="bbox 0 2092 1167 2142; baseline 0.005 -20"><span class='ocrx_word' id='word_1_228' title='bbox 0 2097 1 2141; x_wconf 65' lang='lat' dir='ltr'>j</span> <span class='ocrx_word' id='word_1_229' title='bbox 56 2094 224 2136; x_wconf 86' lang='lat' dir='ltr'>tumque,</span> <span class='ocrx_word' id='word_1_230' title='bbox 252 2095 290 2125; x_wconf 83' lang='lat' dir='ltr'>et</span> <span class='ocrx_word' id='word_1_231' title='bbox 319 2103 421 2126; x_wconf 85' lang='lat' dir='ltr'>arma</span> <span class='ocrx_word' id='word_1_232' title='bbox 447 2092 562 2128; x_wconf 81' lang='lat' dir='ltr'>etiam</span> <span class='ocrx_word' id='word_1_233' title='bbox 591 2104 636 2128; x_wconf 80' lang='lat' dir='ltr'>ex</span> <span class='ocrx_word' id='word_1_234' title='bbox 667 2092 808 2136; x_wconf 86' lang='lat' dir='ltr'>Sicilia,</span> <span class='ocrx_word' id='word_1_235' title='bbox 839 2099 877 2128; x_wconf 90' lang='lat' dir='ltr'>et</span> <span class='ocrx_word' id='word_1_236' title='bbox 906 2105 1017 2128; x_wconf 85' lang='lat' dir='ltr'>omne</span> <span class='ocrx_word' id='word_1_237' title='bbox 1051 2105 1167 2142; x_wconf 86' lang='lat' dir='ltr'>genus</span> 
     </span>
     <span class='ocr_line' id='line_1_33' title="bbox 0 2148 1352 2212; baseline 0.004 -26"><span class='ocrx_word' id='word_1_238' title='bbox 0 2148 1 2157; x_wconf 57' lang='lat'>¹</span> <span class='ocrx_word' id='word_1_239' title='bbox 56 2157 286 2188; x_wconf 84' lang='lat' dir='ltr'>commeatus</span> <span class='ocrx_word' id='word_1_240' title='bbox 316 2165 362 2189; x_wconf 92' lang='lat' dir='ltr'>eo</span> <span class='ocrx_word' id='word_1_241' title='bbox 390 2155 652 2204; x_wconf 82' lang='lat' dir='ltr'>portabantur.</span> <span class='ocrx_word' id='word_1_242' title='bbox 709 2155 792 2192; x_wconf 89' lang='lat' dir='ltr'>Nec</span> <span class='ocrx_word' id='word_1_243' title='bbox 824 2156 951 2206; x_wconf 88' lang='lat' dir='ltr'>Scipio</span> <span class='ocrx_word' id='word_1_244' title='bbox 974 2155 1051 2192; x_wconf 89' lang='lat' dir='ltr'>ullo</span> <span class='ocrx_word' id='word_1_245' title='bbox 1071 2163 1166 2192; x_wconf 86' lang='lat' dir='ltr'>tem·</span> <span class='ocrx_word' id='word_1_246' title='bbox 1181 2171 1241 2202; x_wconf 75' lang='lat' dir='ltr'>Res</span> <span class='ocrx_word' id='word_1_247' title='bbox 1256 2181 1352 2212; x_wconf 76' lang='lat' dir='ltr'>gestae</span> 
     </span>
     <span class='ocr_line' id='line_1_34' title="bbox 56 2214 1346 2269; baseline 0.005 -20"><span class='ocrx_word' id='word_1_248' title='bbox 56 2226 147 2264; x_wconf 84' lang='lat' dir='ltr'>pore</span> <span class='ocrx_word' id='word_1_249' title='bbox 172 2214 305 2252; x_wconf 88' lang='lat' dir='ltr'>hiemis</span> <span class='ocrx_word' id='word_1_250' title='bbox 334 2216 422 2253; x_wconf 92' lang='lat' dir='ltr'>belli</span> <span class='ocrx_word' id='word_1_251' title='bbox 443 2231 558 2269; x_wconf 88' lang='lat' dir='ltr'>opera</span> <span class='ocrx_word' id='word_1_252' title='bbox 577 2220 785 2263; x_wconf 83' lang='lat' dir='ltr'>remiserat,</span> <span class='ocrx_word' id='word_1_253' title='bbox 806 2233 888 2269; x_wconf 84' lang='lat' dir='ltr'>quae</span> <span class='ocrx_word' id='word_1_254' title='bbox 917 2219 1038 2256; x_wconf 86' lang='lat' dir='ltr'>multa</span> <span class='ocrx_word' id='word_1_255' title='bbox 1056 2215 1210 2258; x_wconf 81' lang='lat' dir='ltr'>simulin</span> <span class='ocrx_word' id='word_1_256' title='bbox 1228 2216 1346 2248; x_wconf 77' lang='lat' dir='ltr'>Africa.</span> 
     </span>
     <span class='ocr_line' id='line_1_35' title="bbox 56 2277 1161 2328; baseline 0.008 -15"><span class='ocrx_word' id='word_1_257' title='bbox 56 2277 218 2328; x_wconf 84' lang='lat' dir='ltr'>undique</span> <span class='ocrx_word' id='word_1_258' title='bbox 261 2292 346 2318; x_wconf 87' lang='lat' dir='ltr'>eum</span> <span class='ocrx_word' id='word_1_259' title='bbox 382 2282 688 2322; x_wconf 84' lang='lat' dir='ltr'>circumstabant.</span> <span class='ocrx_word' id='word_1_260' title='bbox 746 2284 900 2322; x_wconf 87' lang='lat' dir='ltr'>Uticam</span> <span class='ocrx_word' id='word_1_261' title='bbox 937 2283 1161 2322; x_wconf 88' lang='lat' dir='ltr'>obsidebat:</span> 
     </span>
    </p>
   </div>
  </div>
 </body>
</html>
