1523 2666
878 97 892 110 0

305 147 390 191 302
767 144 813 173 T.
837 143 972 173 L1v11

111 236 154 269 U.
164 237 200 268 C·
219 236 457 275 ⁵⁵2·incendi
470 235 598 288 jussit.
653 234 854 272 Exornata
872 247 919 271 eo
938 247 1076 284 genere
1101 247 1259 286 operum
1281 236 1418 274 eximie

109 282 150 312 A'
164 281 202 315 ε’
219 289 296 315 ²⁰⁰⁵
305 311 407 341 terra
425 302 570 343 Attica,
591 305 628 336 et
653 300 765 350 copia
794 299 993 336 domestici
1019 301 1232 344 marmoris,
1253 307 1292 337 et
1311 301 1418 350 inge-

304 370 376 406 niis
403 367 604 408 artificum,
632 364 795 415 praebuit
822 365 912 401 huic
944 365 1065 401 furori
1098 366 1319 402 materiam:
1351 378 1419 402 ne-

303 447 377 485 que
406 434 505 470 enim
532 432 679 468 diruere
705 430 820 466 modo
845 430 929 480 ipsa
957 430 1113 480 templa,
1145 443 1188 466 ac
1215 430 1418 467 simulacra

303 505 472 537 evertere
492 498 582 534 satis
601 495 735 532 habuit
748 511 760 541 5
789 495 854 530 sed
872 494 1014 545 lapides
1035 508 1199 545 quoque,
1217 507 1266 532 ne
1280 494 1422 544 integri

303 563 542 602 cumularent
571 562 713 602 ruinas,
745 559 870 607 frangi
890 559 1028 609 jussit:
1061 567 1099 596 et
1117 566 1320 611 postquam
1339 573 1418 596 non

302 636 383 666 tam
416 629 473 664 ira
497 625 648 667 satiata,
677 636 791 673 quam
819 624 883 659 irae
914 625 1131 661 exercendae
1156 626 1317 661 materia
1337 625 1420 660 haec

303 695 444 736 deerat,
467 704 560 740 agro
575 690 745 725 hostium
764 689 804 724 in
821 688 1013 724 Boeotiam
1034 691 1210 732 excessit,
1226 702 1299 725 nec
1318 688 1421 725 aliud

301 759 507 810 quidquam
528 756 685 804 (lignum
705 754 889 790 memoria
908 754 947 789 in
966 754 1116 790 Graecia
1135 755 1226 802 egit.

355 821 531 860 XXVII.
555 818 700 856 Consul
721 818 909 868 Sulpicius
930 831 976 854 eo
992 825 1165 869 tempore
1184 819 1284 854 inter
1298 816 1423 868 Apol«
1521 787 1523 867 l

299 890 445 938 Ioniam
472 899 514 923 ac
548 883 805 934 Dyrrachium
832 883 879 919 ad
904 883 1052 932 Apsum
1081 883 1221 920 flumen
1253 882 1422 919 habebat
1522 873 1523 878 Ἰ

301 960 447 991 castra:
481 963 557 1000 quo
577 949 799 986 arcessitum
829 947 876 983 L.
897 947 1103 997 Apustium
1131 947 1313 997 legatum,
1334 960 1421 984 cum

297 1025 406 1069 parte
427 1017 621 1066 copiarum
642 1013 688 1049 ad
708 1010 993 1062 depopulandos
1019 1011 1190 1048 hostium
1208 1011 1301 1048 fines
1330 1013 1421 1049 mit-

101 1081 242 1113 Romani
298 1085 358 1121 tit,
415 1081 614 1131 Apustius,
636 1084 806 1114 extrema
824 1076 1062 1112 Macedoniae
1082 1076 1301 1127 populatuS,
1323 1077 1421 1114 Cor..

99 1135 162 1198 {315³
166 1126 275 1199 ζέζὲἑ,
298 1161 404 1198 rago,
426 1153 462 1182 ct
484 1144 689 1187 Gerrunio,
711 1148 749 1178 et
768 1141 938 1190 Orgesso
957 1140 1123 1178 castellis
1143 1142 1266 1192 primo
1286 1142 1419 1193 inpetu

100 1213 205 1242 doniae
224 1215 261 1243 1³.-
296 1214 430 1265 captis,
463 1212 510 1247 ad
539 1208 799 1259 Antipatriam
827 1208 867 1243 in
896 1206 1069 1243 faucibus
1102 1207 1272 1256 angustis
1307 1209 1419 1245 sitam

101 1265 171 1285 nes.
295 1279 442 1319 urbem,
462 1276 565 1312 venit
582 1289 589 1310 ε
623 1286 666 1309 ac
686 1273 809 1323 primo
829 1278 1008 1308 evocatos
1038 1272 1227 1322 principes
1258 1272 1306 1308 ad
1326 1285 1418 1308 con-

292 1343 479 1394 loquium,
501 1347 543 1377 ut
561 1340 646 1377 fidei
667 1339 935 1375 Romanorum
954 1351 993 1374 se
1012 1339 1311 1382 committerent,
1331 1352 1419 1390 per·

294 1409 409 1445 licere
447 1412 504 1442 est
541 1410 725 1441 conatus:
773 1403 923 1446 deinde,
958 1402 1039 1446 ubi,
1074 1402 1338 1451 magnitudine
1373 1417 1418 1441 ac

294 1472 486 1510 moenibus
507 1471 658 1519 situque
689 1469 792 1505 urbis
822 1469 925 1513 freti,
946 1468 1046 1505 dicta
1076 1469 1415 1519 adspernabantur,

294 1539 331 1575 vi
362 1545 476 1587 atque
507 1535 619 1572 armis
650 1534 821 1577 adortus,
845 1534 1102 1584 expugnavit,
1135 1533 1416 1584 puberibusque

294 1603 520 1644 interfectis,
554 1600 682 1651 praeda
715 1599 821 1635 omni
854 1597 1040 1635 militibus
1075 1611 1268 1642 concessa,
1303 1600 1418 1636 diruit

293 1679 436 1709 muros,
458 1671 571 1714 atque
602 1664 734 1700 urbem
763 1662 947 1699 incendit.
1003 1661 1082 1698 Hic
1108 1669 1230 1699 metus
1253 1663 1415 1701 Codrio-

292 1743 394 1775 nem,
416 1730 506 1766 satis
526 1727 693 1764 validum
723 1734 759 1763 et
789 1727 979 1763 munitum
1006 1726 1203 1776 oppidum,
1224 1728 1306 1765 sine
1334 1741 1415 1765 cer-

290 1796 436 1832 tamine
455 1800 497 1829 ut
517 1793 716 1829 dederetur
743 1791 945 1833 Romanis,
967 1790 1102 1828 effecit,
1158 1792 1341 1830 Praesidio
1362 1794 1416 1831 ibi

291 1859 440 1901 relicto,
470 1857 572 1893 Ilion
606 1858 763 1903 (nomen
793 1860 949 1905 propter
979 1855 1137 1892 alteram
1164 1857 1203 1894 in
1231 1859 1326 1895 Asia
1351 1872 1413 1895 ur-

290 1925 391 1968 bem,
413 1936 526 1973 quam
546 1921 742 1972 oppidum,
762 1920 909 1965 notius)
930 1922 966 1957 vi
986 1922 1150 1970 capitula
1201 1921 1414 1960 Reverten-

290 1996 368 2026 tem
393 1989 564 2037 legatum
587 1986 635 2023 ad
655 1986 850 2022 consulem
871 1999 957 2023 cum
986 1987 1076 2022 satis
1104 1999 1242 2035 magna
1269 1988 1409 2037 praeda,

291 2054 558 2100 Athenagoras
595 2050 747 2099 quidam
781 2050 906 2099 regius
941 2049 1142 2100 praefcctus
1176 2051 1215 2086 in
1248 2053 1411 2089 transitu

290 2117 457 2155 fluminis
497 2129 519 2151 a
553 2114 761 2151 novissimo
800 2115 951 2162 agmine
989 2114 1160 2157 adortus,
1197 2120 1410 2164 postremos

291 2182 481 2219 turbavit:
528 2180 575 2216 ad
613 2192 773 2229 quorum
807 2178 1011 2215 clamorem
1046 2185 1083 2215 et
1115 2179 1409 2230 trepidationem

290 2260 407 2296 quum
436 2251 606 2282 revectus
637 2257 734 2293 equo
755 2256 914 2295 propere
943 2243 1090 2292 legatus
1120 2244 1229 2293 signa
1251 2257 1409 2282 conver-

290 2312 413 2355 tisset,
445 2308 704 2360 conjectisque
738 2308 777 2344 in
813 2307 977 2347 medium
1013 2307 1168 2345 sarcinis
1200 2309 1319 2346 aciem
1352 2309 1407 2347 di-
