1507 2656
323 220 478 250 LIBER
503 219 671 249 xxvu.
704 218 811 248 CAP·
837 219 985 248 xxxl.
1155 223 1207 264 51

97 307 260 345 concilio
279 308 406 357 Argos
425 319 617 357 regressus
634 320 640 343 :
667 306 751 357 jam
771 307 872 343 enim
891 307 1124 344 Nemeorum
1144 309 1208 345 ad·
1223 314 1264 346 U.
1276 316 1311 346 C.
1332 314 1403 348 544.

94 372 250 422 petebat
281 379 445 425 tempus,
478 386 560 423 quae
598 372 781 409 celebrari
818 371 972 409 volebat
1007 374 1209 423 praesentia
1220 358 1260 390 A·
1273 359 1310 390 C·
1328 367 1402 391 ‘²⁰⁸‘

93 447 173 473 sua.

146 501 308 541 XXXI.
337 503 537 553 Occupato
557 515 647 551 rege
667 502 848 552 adparatu
874 501 1062 546 ludorum,
1084 508 1120 539 et
1140 516 1206 553 per
1219 508 1334 540 Classis
1349 509 1413 540 Ro-

93 565 170 605 dies
189 565 307 602 festos
336 566 527 609 licentius,
548 579 661 615 quam
690 567 789 601 inter
817 565 905 601 belli
936 573 1121 616 tempora,
1145 580 1204 603 re·
1218 553 1394 626 ffiffffiuffi’*

91 629 268 666 mittente
286 631 469 673 animum,
490 630 533 667 P.
548 629 750 679 Sulpicius,
768 629 814 665 ab
832 629 1035 679 Naupacto
1056 631 1203 680 profec-
1216 648 1330 677 agrum
1347 648 1400 669 va·

91 700 167 738 tus,
188 693 346 731 classem
375 695 522 746 adpulit
550 695 650 730 inter
671 694 871 742 Sicyonem
897 701 933 729 et
960 689 1286 738 Corinthumftat·

90 770 299 808 agrumque
312 759 559 805 nobilissimae
573 758 781 795 fertilitatis
799 758 913 793 effuse
929 761 1101 795 vastavit.
1130 759 1204 796 Fa-

89 834 153 859 ma
174 821 254 873 ejus
284 823 338 859 rei
356 823 586 874 Philippum
606 823 653 859 ab
674 822 770 859 ludis
800 824 959 859 excivit:
992 825 1205 873 raptimque

88 899 175 923 eum
204 888 376 936 equitatu
411 887 618 938 profectus,
642 886 760 938 jussis
793 887 970 936 subsequi
998 887 1203 937 peditibus,

88 949 236 1001 palatos
265 951 405 1001 passim
433 965 501 1002 per
530 964 642 1001 agros
672 964 881 1001 gravesque
910 952 1038 1001 praeda
1061 953 1203 1002 (utqui

88 1013 185 1050 nihil
204 1014 280 1050 tale
299 1016 528 1061 metuerent)
547 1015 702 1051 adortus
722 1015 938 1058 Romanos,
960 1015 1144 1065 compulit
1164 1017 1202 1052 in

87 1090 214 1114 naves.
271 1077 412 1114 Classis
431 1077 623 1121 Romana,
641 1079 933 1128 haudquaquam
952 1079 1039 1115 laeta
1059 1079 1200 1129 praeda,

87 1142 329 1193 Naupactum
361 1143 485 1180 rediit.
543 1143 722 1193 Philippo
749 1156 899 1192 quoque
926 1143 1115 1186 ludorum,
1137 1146 1201 1193 qui

86 1206 221 1255 reliqui
250 1213 371 1250 erant,
408 1207 666 1243 celebritatem
694 1214 1022 1256 quantaecumque,
1044 1208 1088 1244 de
1119 1208 1200 1243 Ro-

84 1270 205 1306 manis
226 1277 366 1313 tamen,
386 1271 554 1306 victoriae
575 1277 692 1320 partae
712 1270 814 1307 fama
833 1278 1015 1315 auxerat3
1049 1271 1200 1308 laetitia-

85 1346 157 1382 que
190 1334 337 1382 ingenti
370 1333 549 1370 celebrati
578 1334 665 1370 festi
695 1334 771 1370 dies
789 1350 796 1370 :
830 1347 876 1370 eo
913 1336 1031 1383 magis
1071 1336 1198 1377 etiam,

84 1397 198 1445 quod,
220 1395 453 1446 populariter
472 1397 599 1433 demto
616 1398 749 1447 capitis
771 1398 926 1446 insigni,
943 1411 1196 1449 purpuraque,

82 1467 195 1510 atque
215 1461 290 1496 alio
309 1462 415 1509 regio
433 1461 581 1504 habitu,
605 1469 817 1511 aequaverat
841 1464 974 1499 ceteris
996 1475 1034 1499 se
1055 1464 1092 1499 in
1113 1476 1197 1513 spe-

81 1524 199 1560 ciem:
232 1537 307 1574 quo
326 1524 421 1560 nihil
439 1526 581 1573 gratius
603 1532 659 1561 est
679 1525 896 1561 civitatibus
918 1526 1060 1563 liberis.
1093 1527 1197 1563 Prae-

81 1588 299 1637 buissetque
318 1589 418 1625 haud
435 1589 586 1626 dubiam
609 1602 653 1625 eo
672 1589 775 1626 facto
796 1603 900 1639 spem
919 1590 1120 1634 libertatis,
1137 1593 1194 1627 ni·
1209 1596 1344 1645 Rhilipp'i

82 1653 111 1688 si
132 1654 259 1689 onmia
278 1652 518 1689 intoleranda
537 1653 693 1690 libidine
714 1655 815 1690 foeda
840 1669 882 1691 ac
903 1655 1086 1692 deformia
1106 1657 1193 1693 effe-
1207 1640 1346 1672 boemia·

82 1718 217 1754 cisset:
249 1717 459 1765 vagabatur
489 1718 590 1753 enim
615 1731 701 1754 cum
729 1731 806 1755 uno
827 1726 892 1755 aut
913 1720 1034 1756 altero
1055 1722 1195 1757 comite

80 1794 146 1831 per
165 1782 317 1817 maritas
339 1781 470 1818 domos
491 1782 568 1818 dics
594 1791 826 1832 noctesque,
860 1792 910 1827 et,
933 1784 1194 1821 submittendo

78 1845 118 1880 in
137 1845 323 1895 privatum
341 1844 549 1893 fastigium,
567 1858 642 1895 quo
661 1847 785 1882 minus
804 1855 1045 1897 conspectus,
1065 1861 1109 1884 eo
1131 1861 1192 1884 so·

76 1906 193 1943 lutior
212 1915 314 1944 erat:
348 1917 385 1943 ct
415 1908 629 1945 libertatem
648 1922 764 1958 quum
795 1910 876 1946 aliis
907 1924 1041 1947 vanam
1063 1919 1191 1948 osten-

78 1972 206 2015 disset,
236 1978 357 2008 totam
391 1974 427 2008 in
459 1985 565 2008 suam
598 1973 789 2011 licentiam
823 1982 997 2012 verterat.
1056 1976 1191 2026 Neque

76 2039 175 2074 enim
193 2040 321 2075 omnia
337 2040 487 2075 emebat
503 2047 567 2075 aut
584 2039 886 2081 eblandiebatur‚
903 2040 968 2075 sed
984 2040 1058 2075 vim
1076 2042 1190 2077 etiam

74 2102 226 2152 flagitiis
256 2103 483 2140 adhibebat:
516 2103 843 2154 periculosumque
873 2112 909 2139 et
939 2105 1024 2139 viris
1056 2113 1092 2141 et
1123 2119 1188 2155 ρει*

74 2165 242 2202 rentibus
270 2172 363 2210 erat,
385 2180 529 2203 moram
556 2168 797 2203 incommoda
817 2168 1015 2203 severitate
1043 2167 1188 2204 libidini

74 2231 188 2278 regiae
207 2230 363 2267 fecisse:
397 2232 461 2266 uui
491 2232 605 2267 etiarn
633 2233 795 2282 principi
816 2233 1045 2268 Achaeorum
1069 2233 1188 2269 Arato

75 2293 223 2330 ademta
255 2308 349 2331 uxor
381 2295 536 2331 nomine
566 2295 798 2344 Polycratia,
830 2309 872 2331 ac
902 2308 967 2345 spe
1001 2296 1188 2344 regiarum

76 2358 294 2409 nuptiarum
322 2359 362 2396 in
393 2359 662 2396 Macedoniani
697 2367 892 2410 asportata
925 2359 1058 2397 fuerat.
1118 2360 1189 2397 Per

590 2423 669 2461 D‘2
