1507 2656
297 161 668 191 LIBER.XXVT1L
701 159 975 189 CAP.xxx1.
1115 159 1191 201 127

81 255 171 290 remi
193 267 212 290 e
238 260 353 304 portu
381 253 555 295 Carteiae,
584 252 827 302 sequentibus
855 258 999 302 septem
1027 252 1189 289 triremi·
1206 251 1297 283 U-C·
1315 259 1391 305 5415·

81 319 164 362 bus,
186 325 349 361 evectus,
370 319 408 354 in
428 316 683 354 Adherbalem
713 330 755 353 ac
784 318 955 353 triremes
985 318 1188 360 invehitur,
1202 296 1392 380 ἓᾱξεῐίἓῖἶς

80 385 386 432 quinqueremem
416 383 506 418 satis
541 382 695 418 credens
730 381 952 431 deprensam
985 382 1117 431 rapido
1151 383 1188 417 in
1203 399 1233 422 et
1251 391 1338 421 Laelji

78 447 190 490 freto,
229 449 266 483 in
304 448 498 483 adversum
534 453 667 482 aestum
699 447 925 496 reciprocari
958 459 1036 482 non
1067 459 1208 495 posse..

75 512 217 547 Poenus
251 513 289 548 in
319 524 358 547 re
392 511 518 548 subita
547 523 749 561 parumper
779 512 944 547 incertus
972 511 1188 561 trepidavit,

76 581 201 611 utrum
221 576 528 625 quinqueremem
548 581 780 624 sequeretur,
798 588 847 611 an
862 576 901 611 iu
916 575 1045 611 hostes
1066 581 1192 612 rostra

73 646 323 677 converteret.
368 639 458 690 Ipsa
478 639 673 676 cunctatio
692 638 914 675 facultatem
934 639 1190 676 detractandae

74 715 210 753 pugnae
231 704 393 741 ademit:
420 702 503 754 jam
523 703 624 739 enim
645 702 713 738 sub
734 703 813 738 ictu
833 702 899 738 teli
919 709 1039 746 erant,
1061 710 1099 739 et
1117 716 1191 739 un-

74 767 186 817 dique
222 768 417 805 instabant
452 769 604 805 hostes:
651 774 763 804 aestus
802 779 952 816 quoque
989 767 1189 805 arbitrium

73 832 294 868 moderandi
313 845 426 869 naves
447 832 660 869 ademerat:
693 843 816 881 neque
836 838 916 867 erat
945 831 1068 867 navali
1088 844 1187 882 pug-

71 907 122 932 na
141 896 271 932 similis
290 911 298 932 :
331 898 470 948 quippe
490 897 555 933 ubi
575 896 671 933 nihil
685 895 957 939 voluntarium,
976 895 1071 932 nihil
1092 897 1184 934 artis

74 964 141 996 aut
160 959 309 996 consilii
329 967 438 998 esset.
496 960 586 997 Una
613 967 750 997 natura
774 960 877 1005 freti,
909 966 1095 1010 aestusque
1124 968 1187 998 to-

70 1024 146 1060 tius
166 1025 381 1062 certaminis
402 1032 552 1076 potens,
574 1026 665 1069 suis,
687 1025 818 1061 alienis
839 1024 996 1062 navibus
1026 1027 1187 1075 nequid-

69 1100 184 1138 quam
203 1090 363 1139 remigio
382 1091 421 1126 in
441 1090 675 1126 contrarium
691 1089 888 1126 tendentes
908 1089 1125 1133 invehebat,
1143 1096 1187 1128 ut

68 1152 278 1201 fugientem
298 1166 434 1190 navem
451 1153 595 1190 videres
615 1159 718 1190 retro
740 1154 884 1189 vortice
903 1154 1086 1190 intortam
1105 1156 1185 1190 vic-

68 1216 216 1253 toribus
249 1217 431 1266 inlatam3
464 1224 502 1254 et
539 1223 774 1267 sequentem,
805 1217 837 1252 si
873 1217 913 1254 in
951 1218 1185 1256 contrarium

66 1286 232 1318 tractum
251 1283 446 1319 incidisset
473 1283 602 1326 maris,
621 1282 804 1331 fugientis
832 1282 946 1318 modo
967 1295 1047 1319 sese
1077 1296 1184 1320 aver-

68 1350 225 1383 tentem.
281 1346 368 1382 Jam
401 1347 442 1383 in
473 1347 556 1396 ipsa
590 1358 721 1397 pugna
756 1346 852 1390 haec,
889 1359 1004 1395 quum
1041 1347 1184 1384 infesto

66 1416 193 1446 rostro
222 1416 369 1461 peteret
393 1411 562 1447 hostium
590 1423 740 1455 navem,
764 1410 920 1460 obliqua
951 1411 1035 1462 ipsa
1063 1412 1183 1450 ictum

64 1473 218 1510 alterius
239 1476 352 1511 rostri
371 1475 605 1526 accipiebat:
638 1475 716 1519 illa,
738 1488 854 1524 quum
876 1482 1090 1513 transversa
1110 1477 1181 1514 ob·-

56 1536 242 1588 jiceretur
269 1541 386 1584 hosti,
413 1547 569 1591 repente
595 1541 739 1577 intorta
767 1541 807 1576 in
836 1553 988 1591 proram
1018 1542 1181 1580 circum·

64 1603 260 1651 agebatur.
317 1606 446 1645 Quum
475 1606 574 1642 inter
601 1606 787 1649 triremes,
823 1605 978 1642 fortuna
1007 1614 1180 1655 regente,

61 1678 199 1717 anceps
220 1669 396 1718 proelium
422 1670 657 1713 misceretur,
679 1670 958 1718 quinqueremis
984 1670 1178 1716 Romana,

61 1742 127 1766 seu
146 1732 313 1781 pondere
332 1734 517 1777 tenacior,
539 1746 604 1770 seu
631 1733 802 1784 pluribus
823 1747 1011 1771 remorum
1033 1737 1177 1773 ordini-

59 1792 128 1830 bus
160 1797 418 1834 scindentibus
445 1800 621 1842 vortices,
649 1813 763 1848 quum
791 1799 937 1836 facilius
965 1808 1174 1850 regeretur,

59 1857 148 1894 duas
169 1860 339 1897 triremes
360 1862 580 1913 subpressit,
603 1864 712 1899 unius
741 1863 898 1913 praelata
919 1865 1049 1914 inpetu
1078 1866 1174 1903 late-

57 1922 106 1957 ris
127 1922 280 1960 alterius
301 1938 422 1962 remos
444 1927 621 1963 detersit:
656 1933 887 1976 ceterasque,
905 1941 996 1977 quas
1017 1930 1174 1981 indepta

56 1994 167 2030 esset,
198 1988 414 2033 mulcasset,
445 1992 485 2027 ni
516 2005 599 2028 cum
634 1992 787 2040 reliquis
819 1994 985 2042 quinque
1011 1995 1170 2032 navibuae

55 2049 250 2086 Adherbal
268 2053 358 2088 velis
380 2055 418 2089 in
439 2055 608 2091 Africam
629 2056 913 2093 transmisisset.

106 2113 264 2152 XXXI.
294 2117 448 2161 Laelius,
476 2120 598 2155 victor
629 2121 820 2157 Carteiam
846 2130 1032 2165 revectus,
1063 2125 1169 2161 audi-

55 2177 117 2220 tis,
146 2191 228 2226 quae
251 2187 336 2217 acta
366 2182 535 2219 Gadibus
570 2191 691 2226 erant,
721 2185 953 2234 patefactam
982 2188 1168 2237 proditio-

54 2253 155 2285 nem,
183 2244 477 2295 conjuratosque
503 2249 636 2284 missos
664 2249 959 2299 Karthaginem,
990 2264 1093 2302 spem
1121 2252 1169 2290 ad

54 2305 201 2343 irritum
222 2309 425 2354 redactam,
447 2324 520 2361 qua
540 2312 743 2357 venissent,
766 2316 912 2351 nunciis
934 2316 978 2352 ad
1000 2317 1166 2355 L.Mar·

625 2378 660 2412 (ι’
680 2380 702 2413 4

1203 436 1364 475 pugnain

1203 488 1270 519 ipso
1286 479 1375 509 freto.
