1507 2656
245 218 401 250 mmm
425 215 619 247 xxvu1.
651 215 760 244 CAP.
783 214 990 247 xxxvu.
1091 215 1176 262 135

59 310 182 349 manis
211 310 348 353 fuerat,
380 307 506 345 ducit:
537 318 609 343 nec
633 305 810 357 praesidio
838 307 928 343 satis
954 306 1081 344 valido
1113 321 1173 345 ur·
1186 314 1278 346 U.C.
1295 321 1371 349 ⁵46.

57 375 146 413 bem
164 375 286 412 teneri
312 379 430 416 ratus,
451 378 490 408 et
518 370 663 420 aliquos
685 371 963 423 oppidanorum
992 371 1039 408 ad
1068 385 1175 423 spem
1185 361 1225 391 A·
1242 361 1280 391 C·
1295 365 1374 394 ²⁰⁶⁶

57 439 223 478 novandi
255 450 313 474 res
344 436 486 485 aliquid
515 442 699 472 moturos.
758 435 937 471 Ceterum
964 437 1094 471 nuncii
1128 449 1176 475 ex

58 505 158 553 agris
186 502 323 553 trepidi
351 500 462 537 simul
488 499 776 551 populationem
807 501 1088 550 agrestiumque
1114 501 1176 538 fu-

57 581 145 618 gam
168 574 206 604 et
232 567 401 603 hostium
431 566 634 603 adventum
664 565 907 602 adtulerant:
939 572 978 602 et
1008 566 1086 602 visa
1115 566 1176 603 in-

55 633 179 670 terdiu
199 632 327 670 classis
349 638 443 675 erat,
464 644 534 668 nec
562 632 643 667 sine
663 643 795 667 caussa
815 631 972 667 electam
1003 637 1091 668 ante
1110 644 1175 668 ur·

55 697 143 734 bem
163 698 368 734 stationem
388 696 596 747 adparebat
614 711 622 731 :
655 686 988 744 itaque'instructi
1017 696 1174 733 armati-

57 774 130 810 que
150 762 250 798 intra
268 767 433 812 portam,
455 761 502 797 ad
519 766 696 809 sssagnum
716 773 760 796 ac
779 772 883 796 mare
902 772 1062 803 versam,
1081 773 1174 798 con-

56 825 288 862 tinebantur.
347 825 426 862 Ubi
445 825 553 860 effusi
582 825 725 866 hostes,
757 824 879 859 mixta
905 824 1005 859 inter
1034 824 1172 862 milites

56 889 199 924 navalis
230 889 356 931 turba,
378 889 425 924 ad
449 901 576 925 muros
603 887 772 923 tumultu
800 886 959 936 majore,
980 901 1093 936 quam
1120 888 1171 932 vi,

56 952 266 995 subierunt,
305 953 497 1002 patefacta
528 959 684 1002 repente
721 958 845 1002 porta,
884 951 1053 988 Romani
1087 965 1173 990 cum

56 1017 221 1053 clamore
247 1023 475 1066 erumpunt:
509 1016 758 1064 turbatosque
785 1017 929 1059 hostes,
954 1024 991 1052 et
1019 1017 1065 1053 ad
1093 1018 1172 1067 pri-

54 1093 158 1117 mum
186 1081 377 1116 incursum
404 1079 696 1130 conjectumque
725 1079 887 1115 telorum
914 1092 1079 1123 aversos,
1108 1094 1171 1117 us·

56 1157 128 1194 que
154 1145 201 1180 ad
232 1143 320 1180 litus
351 1157 436 1180 cum
466 1144 585 1180 multa
617 1144 718 1180 caede
751 1152 1051 1193 persequuntur:
1085 1157 1169 1189 nec,

55 1209 127 1245 nisi
147 1221 259 1244 naves
280 1208 382 1244 litori
403 1208 566 1258 adpuisae
588 1208 753 1258 trepidos
775 1209 1022 1258 accepissent,
1041 1221 1172 1260 super-

54 1272 188 1309 fuisset
206 1284 343 1322 pugnae
371 1278 436 1308 aut
455 1271 554 1319 fugae
575 1272 785 1321 quisquam.
842 1271 888 1307 In
908 1272 999 1322 ipsis
1020 1285 1171 1322 quoque

56 1337 286 1386 trepidatum
318 1336 476 1372 navibus
509 1343 578 1378 est,
610 1337 713 1379 dum,
746 1349 794 1372 ne
823 1337 951 1373 hostes
978 1350 1064 1373 cum
1093 1338 1169 1374 suis

56 1401 168 1438 simul
187 1402 460 1450 inrumperent,
480 1401 638 1436 trahunt
661 1400 794 1444 scalas,
816 1414 976 1450 orasque
997 1408 1034 1437 et
1053 1415 1170 1438 anco-

54 1478 128 1508 ras,
159 1478 206 1500 ne
236 1466 274 1500 in
304 1464 495 1500 moliendo
516 1478 623 1501 mora
642 1472 753 1508 esset,
774 1466 1006 1515 praecidunt:
1041 1466 1170 1502 multi-

52 1543 124 1579 que
156 1529 338 1565 adnantes
372 1529 546 1571 navibus,
579 1530 724 1565 incerto
758 1543 834 1579 prae
868 1530 1049 1573 tenebris,
1079 1531 1169 1580 quid

52 1600 118 1630 aut
137 1600 310 1643 peterent
329 1600 394 1629 aut
414 1594 590 1636 vitarent,
612 1593 713 1631 foede
734 1595 970 1631 interierunt.
1005 1596 1167 1632 Postero

53 1659 112 1695 die
132 1671 247 1707 quum
268 1657 395 1693 classis
416 1658 501 1693 inde
522 1666 622 1694 retro
644 1658 690 1694 ad
714 1672 912 1702 oceanum,
935 1661 1032 1696 unde
1051 1673 1167 1697 vene-

53 1732 125 1767 rat,
147 1724 320 1772 fugisset,
342 1723 389 1758 ad
406 1723 617 1770 octingenti
646 1723 819 1758 homines
841 1724 927 1759 caesi
957 1725 1055 1760 inter
1085 1738 1167 1761 mu-

55 1800 136 1824 rum
157 1787 333 1836 litusque,
356 1796 393 1824 et
413 1788 458 1823 ad
479 1787 552 1822 duo
573 1786 691 1822 miliia
710 1800 899 1823 armorum
921 1789 1087 1825 inventa.

107 1851 323 1888 XXXVII.
354 1853 488 1900 Mago,
510 1863 624 1899 quum
645 1851 768 1886 Gades
798 1852 1010 1901 repetisset,
1034 1852 1163 1889 exclu-

52 1929 113 1952 sus
134 1917 236 1960 inde,
258 1917 303 1953 ad
325 1917 490 1952 Cimbim
513 1916 632 1963 (haud
658 1915 789 1965 procul
819 1929 840 1951 a
861 1915 1030 1952 Gadibus
1055 1919 1085 1952 is
1106 1917 1164 1953 lo-

52 1993 116 2017 cus
136 1980 261 2027 abest)
285 1981 402 2017 classe
422 1980 591 2030 adpulsa,
613 1980 805 2015 mittendis
833 1980 982 2029 legatis,
1005 1994 1166 2030 queren-

52 2045 189 2093 doque,
217 2045 319 2093 quod
348 2052 466 2095 portae
497 2044 570 2080 sibi
600 2045 706 2079 socio
735 2051 847 2092 atque
875 2046 997 2081 amico
1028 2045 1163 2082 clausae

51 2107 193 2150 forent,
224 2108 473 2157 purgantibus
503 2108 562 2149 iis,
595 2107 846 2143 multitudinis
868 2121 1055 2144 concursu
1085 2111 1165 2146 fac·

51 2181 147 2217 tum,
175 2174 321 2210 infestae
352 2173 400 2209 ob
421 2174 565 2223 direpta
586 2174 757 2222 quaedam
786 2174 852 2209 abs
873 2176 1163 2211 conscendenti-

51 2237 122 2274 bus
145 2251 257 2274 naves
287 2238 485 2281 militibus,
507 2239 552 2275 ad
572 2238 816 2287 conloquium
846 2239 995 2275 suffetes
1017 2252 1161 2285 eorum,

52 2305 117 2352 qui
146 2317 310 2340 summus
343 2304 469 2341 Poenis
500 2311 557 2340 est
582 2305 839 2352 magistratus,
862 2317 946 2339 cuin
976 2313 1164 2352 quaestore

51 2368 193 2414 elicuit,
214 2368 474 2423 laceratosque
502 2370 719 2408 verberibus
747 2370 849 2407 cruci
878 2370 990 2419 adfigi
1014 2369 1159 2420 jussit:
