1507 2656
1 1337 3 1349 ι
43 1294 172 1336 tentis,
197 1293 243 1329 ad
273 1306 375 1329 mare
404 1294 443 1329 in
469 1293 630 1340 Ligures
661 1291 853 1339 Ingaunos
875 1290 1065 1340 pervenit:
1099 1289 1153 1326 lbl

322 172 475 201 LIBER
498 169 618 199 XXX.
651 168 756 198 CAP.
780 169 887 198 xlx.
1072 167 1151 215 237

47 265 163 311 bant3
188 273 385 317 postquam
405 265 543 301 femine
563 263 746 299 transfixo
767 263 977 305 cadentem,
996 263 1152 300 auferri-
1168 276 1209 307 U,
1223 276 1260 307 c,
1276 285 1350 313 549.

47 343 119 378 que
139 344 185 366 ex
203 329 337 380 proelio
356 341 474 379 prope
493 339 723 375 exsanguem
744 326 881 368 videre,
903 326 1094 376 extemplo
1114 327 1152 362 in
1165 320 1254 351 A.C.
1268 328 1342 353 203·

46 394 176 443 fugam
198 406 327 430 omnes
354 393 472 429 versi:
507 392 553 428 ad
579 392 744 440 quinque
773 389 891 426 millia
917 390 1083 426 hostium
1107 403 1153 427 eo
1167 402 1311 434 Vincunt

47 457 106 493 die
137 471 244 501 caesa,
276 464 313 494 et
346 458 452 506 signa
484 455 663 492 militaria
693 455 767 490 duo
801 460 838 490 et
870 454 1004 503 viginti
1031 460 1154 505 capta.
1168 444 1318 477 Romani.

45 521 129 558 Nec
148 522 330 558 Romanis
352 523 549 558 incruenta
574 520 734 556 victoria
752 519 848 563 fuit;
883 519 957 554 duo
978 518 1096 554 millia
1116 526 1155 555 et

43 587 203 622 trecenti·
222 587 267 623 de
283 587 449 622 exercitu
469 585 654 635 praetoris,
673 597 757 633 pars
779 583 898 619 multo
919 584 1084 619 maxima
1104 595 1152 620 ex

44 649 192 699 legione
212 651 445 692 duodecima,
468 650 617 686 amissi:
651 649 737 684 inde
763 654 800 684 et
824 647 968 683 tribuni
992 646 1156 683 militum

46 714 135 757 duo,
161 715 218 752 M.
240 716 465 757 Cosconius,
498 720 536 750 et
559 713 615 750 M.
636 713 820 757 Maeniu33
854 713 974 748 tertiae
1001 712 1155 748 decimae

47 791 196 828 quoque
232 778 406 827 legionis,
442 791 524 826 quae
564 783 757 827 postremo
791 775 927 827 proelio
964 775 1152 818 adfuerat,

47 843 118 878 Cn.
138 842 296 878 Helvius
317 842 488 878 tribunus
514 841 675 878 militum
703 842 741 877 in
768 839 1001 877 restituenda
1026 852 1156 889 pugna

47 906 193 948 cecidit,
225 913 263 942 et
292 907 366 942 duo
400 912 437 942 et
466 907 603 954 viginti
635 906 753 942 ferme
787 906 930 954 equites
962 903 1153 946 inlustres,

47 970 178 1006 obtriti
197 970 244 1006 ab
266 969 491 1020 elephantis,
514 983 599 1006 cum
619 968 903 1005 centurionibus
925 968 1070 1016 aliquot
1089 980 1155 1017 pe-

45 1037 206 1073 rierunt:
239 1043 277 1073 et
295 1036 444 1085 lougius
463 1042 653 1072 certamen
674 1036 821 1078 fuisset,
842 1035 882 1070 ni
906 1034 1058 1070 vulnere
1086 1033 1155 1069 du-

46 1101 97 1136 cis
114 1112 293 1137 concessa
312 1101 471 1137 victoria
491 1106 600 1136 esset.

97 1163 214 1200 XIX.
242 1164 377 1212 Μεςο,
405 1164 587 1213 proximae
615 1163 738 1199 noctis
770 1161 922 1198 silentio
945 1161 1152 1212 profectus,
1168 1168 1346 1210 Magojus-

1166 1225 1220 1246 sus
1238 1216 1270 1244 in
1287 1215 1370 1243 Afri-

45 1233 226 1278 quantum
245 1230 325 1278 pati
345 1229 412 1264 viae
439 1241 505 1278 per
525 1227 656 1263 vulnus
683 1232 847 1276 poterat,
869 1226 1066 1261 itineribus
1088 1238 1153 1261 ex·
1168 1267 1241 1289 cam
1258 1257 1356 1287 redire

45 1371 129 1394 eum
149 1358 262 1407 legati
289 1358 335 1394 ab
356 1358 610 1405 Karthagine,
632 1357 760 1406 paucis
782 1362 870 1392 ante
890 1355 1021 1391 diebus
1042 1356 1081 1390 in
1103 1356 1154 1390 si-

2 1439 4 1469 ς
43 1435 134 1458 num
154 1422 341 1458 Gallicum
368 1422 531 1472 adpulsis
561 1421 733 1464 navibus,
755 1418 1153 1469 adierunt,jubentes,

42 1486 164 1536 primo
195 1498 345 1534 quoque
370 1493 541 1534 tempore
569 1485 606 1520 in
634 1484 802 1520 Africam
829 1482 1026 1532 trajicere:
1062 1484 1155 1518 idem

40 1555 75 1586 et
82 1549 245 1598 fratrem
263 1549 334 1596 ejus
357 1550 597 1586 Hannibalem
632 1550 733 1596 (nam
755 1550 804 1584 ad
830 1561 909 1584 eum
936 1558 1071 1595 quoque
1090 1548 1155 1581 isse

41 1614 173 1661 legatos
208 1615 331 1650 eadem
357 1612 537 1659 jubentes)
559 1613 766 1661 facturum.
825 1612 908 1647 Non
942 1613 980 1646 in
1014 1622 1054 1645 eo
1083 1622 1154 1645 esse

41 1677 397 1725 Karthaginiensium
417 1689 483 1719 res,
504 1682 544 1712 ut
569 1677 730 1712 Galliam
749 1680 857 1723 atque
877 1676 1027 1710 Italiam
1043 1676 1153 1709 armis

40 1742 231 1778 obtineant,
287 1741 421 1789 Magn,
443 1753 518 1776 non
548 1740 707 1789 imperio
737 1739 850 1775 modo
875 1747 1026 1774 senatus
1051 1739 1150 1787 peri-

41 1803 200 1853 culoque
220 1806 350 1855 patriae
377 1810 517 1846 motus,
539 1803 601 1839 sed
628 1809 798 1838 metuens
817 1803 944 1844 etiam,
963 1815 1009 1838 ne
1029 1803 1151 1838 victor

38 1869 157 1904 hostis
194 1869 355 1904 moranti
392 1869 564 1909 instaret,
599 1867 834 1915 Liguresque
867 1867 953 1915 ipsi,
989 1866 1150 1914 relinqui

39 1932 190 1968 Italiam
212 1945 234 1968 a
259 1932 388 1968 Poenis
412 1938 622 1973 cemeutes,
645 1931 691 1967 ad
717 1943 796 1974 eos,
818 1943 978 1978 quorum
1000 1943 1088 1965 mox
1110 1930 1149 1965 in

38 2002 226 2045 potestate
249 1995 366 2031 futuri
386 2001 523 2037 essent,
546 1994 761 2035 deficerent,
784 1993 894 2028 simul
916 2006 1069 2042 sperans
1094 1993 1148 2029 le-

32 2060 184 2095 niorem
200 2060 239 2094 in
255 2060 509 2107 navigatione,
527 2071 640 2106 quam
656 2058 694 2092 in
711 2056 1048 2105 via,jactationem
1066 2057 1146 2092 vul·
1163 2067 1198 2097 1„
1216 2070 1344 2108 naviga-

38 2123 137 2158 neris
157 2122 252 2165 fore,
271 2129 308 2158 et
323 2122 511 2157 curationi
532 2122 661 2157 onmia
676 2120 949 2162 commodiora,
971 2121 1146 2169 inpositis
1161 2117 1245 2182 {¹⁰⁰³
1269 2114 1364 2143 mori>

39 2186 156 2235 copiis
178 2186 216 2221 in
232 2197 343 2220 naves
365 2185 570 2234 profectus,
593 2183 745 2219 vixdum
766 2190 941 2232 superata
958 2183 1144 2226 Sardinia,
1175 2164 1221 2184 ur.

37 2262 83 2285 ex
104 2247 255 2284 vulnere
271 2249 448 2284 moritur:
479 2261 592 2284 naves
609 2260 759 2296 quoque
777 2246 922 2295 aliquot
938 2247 1146 2283 Poenorum

37 2313 202 2364 disjectae
223 2314 262 2350 in
288 2313 365 2350 alto
391 2327 413 2350 a
443 2313 561 2350 ciasse
581 2312 772 2357 Romana,
794 2326 876 2361 quae
898 2313 996 2349 circa
1018 2313 1143 2349 Sardi-
