1523 2666
326 181 409 224 234
771 183 817 211 T.
844 183 977 213 mvn

130 276 172 307 U.
186 276 222 307 C.
239 283 310 310 549.
323 275 405 315 cite,
441 273 595 308 Romam
629 272 677 308 acl
711 278 873 310 senatum
904 275 1038 310 mittite
1080 275 1224 322 legatos.
1281 273 1343 311 Ita
1378 274 1434 311 di-

128 319 219 351 AC,
237 326 428 373 2⁰3⁸1nissi
453 335 809 386 KarthaginienseS,
839 337 961 374 nullas
987 339 1212 374 recusandas
1244 339 1432 375 conditio-

323 413 389 437 nes
426 402 528 451 pacis
562 414 675 450 quum
706 402 954 443 censuissent,
993 403 1149 452 (quippe
1186 403 1251 451 qui
1289 415 1435 438 moram

323 466 503 515 temporis
530 471 754 514 quaererent,
776 465 864 501 dum
888 465 1082 502 Hannibal
1111 467 1150 502 in
1169 466 1338 502 Africam
1358 472 1437 502 tra-

315 527 487 578 jiceret,)
509 529 656 577 legatos
683 529 776 564 alios
801 529 845 565 ad
871 530 1103 580 Scipionem,
1126 539 1167 566 ut
1186 531 1358 567 inducias
1378 530 1435 565 fa-

324 598 466 636 cerent,
489 593 582 629 alios
609 593 775 629 Romam
804 594 851 630 ad
880 607 1011 643 pacem
1041 596 1243 644 petendam
1263 596 1435 637 mittunt,

324 656 504 692 ducentes
524 670 665 707 paucos
682 658 720 692 in
738 658 900 707 speciem
921 659 1104 708 captivos,
1122 659 1386 709 perfugasque,
1400 665 1438 694 et

322 719 520 768 fugitivos,
542 734 617 770 quo
638 721 900 771 inpetrabilior
919 735 992 771 pax
1012 729 1122 758 esset.

129 786 248 818 I-aelius
379 786 512 824 XVII.
541 786 676 823 Multis
696 794 783 823 ante
810 787 940 823 diebus
971 787 1127 830 Laelius,
1155 799 1241 822 cum
1267 786 1439 837 Syphace

130 840 209 904 ξίἲξὲ
221 839 299 904 ᾅῗξῗ
325 851 627 900 primoribusque
646 851 900 888 Numidarum
921 853 1096 901 captivis,
1120 851 1285 887 Romam
1310 852 1437 887 venit:

131 926 222 965 niam
235 927 289 948 ve·
327 927 484 964 quaeque
515 916 554 951 in
580 915 710 952 Africa
733 923 840 964 gesta
869 922 1007 958 essent,
1030 916 1158 951 omnia
1181 916 1356 964 exposuit
1376 928 1438 950 or·

131 967 190 990 ‘¹¹¹'
325 979 413 1015 dinc
432 980 624 1024 Patribus,
646 981 792 1029 ingenti
809 982 978 1017 omnium
999 988 1036 1016 et
1053 981 1090 1015 in
1112 992 1273 1029 praesens
1290 978 1437 1023 laetitia,

326 1051 367 1080 et·
394 1045 432 1079 in
462 1045 632 1081 futurum
663 1058 740 1096 spe.
799 1044 974 1081 Consulti
998 1044 1083 1080 inde
1104 1044 1234 1079 Patres
1255 1055 1382 1091 regem
1402 1043 1442 1080 in

326 1110 539 1145 custodiam
565 1111 703 1146 Albam
728 1110 953 1146 mittendum
986 1115 1236 1145 censuerunt:
1278 1107 1441 1144 Laelium

327 1175 582 1218 retinendum,
604 1176 724 1211 donec
747 1175 861 1223 legati
892 1174 1236 1222 Karthaginienses
1257 1173 1441 1209 venirent.

329 1238 567 1289 Supplicatio
599 1239 637 1275 in
666 1240 908 1289 quatriduum
942 1239 1092 1275 decreta
1126 1246 1194 1274 est.
1252 1237 1294 1273 P.
1315 1236 1440 1273 AEiius

327 1309 485 1351 praetor,
517 1310 651 1340 senatu
679 1304 809 1346 misso,
840 1310 878 1338 et
904 1303 1089 1338 concione
1122 1302 1209 1337 inde
1245 1301 1442 1344 advocata,

326 1378 411 1401 cum
434 1366 478 1402 C.
495 1366 616 1403 Laelio
638 1368 674 1402 in
697 1367 840 1403 Rostra
861 1366 1039 1402 escendit.
1097 1365 1155 1402 Ibi
1176 1378 1265 1401 vero
1286 1364 1443 1400 audien-

326 1436 399 1473 tes,
419 1430 524 1467 fusos
550 1431 936 1480 Karthaginiensium
967 1430 1169 1472 exercitus,
1193 1429 1380 1466 devictum
1407 1435 1445 1464 et

328 1504 481 1544 captum
503 1497 668 1544 ingentis
689 1497 853 1532 nominis
877 1508 1020 1544 regem,
1044 1494 1265 1530 Numidiam
1291 1506 1444 1530 omnem

330 1558 662 1607 egregia‘victoria
683 1566 936 1610 peragratam,
956 1560 1115 1595 tacitum
1138 1559 1333 1594 continere
1352 1570 1445 1607 gau-

330 1623 433 1658 dium
452 1636 530 1659 nou
551 1631 742 1674 poterant,
757 1625 846 1673 quin
869 1623 1113 1666 clamoribus,
1132 1622 1342 1671 quibusque
1362 1622 1445 1658 aliis

329 1684 535 1721 multitudo
573 1688 682 1729 solet,
714 1688 886 1723 laetitiam
914 1687 1143 1722 inmodicam
1174 1686 1444 1735 significarent,

331 1748 467 1799 Itaque
486 1757 626 1801 praetor
641 1751 834 1801 extemplo
851 1752 981 1795 edixit,
1006 1752 1069 1788 Uti
1085 1753 1209 1787 <editui
1223 1752 1313 1787 cedes
1326 1763 1448 1787 sacras

331 1826 449 1851 omnes
478 1821 555 1852 tota
583 1816 666 1852 urbe
690 1818 886 1864 aperirent,
916 1818 1173 1859 circumeundi,
1193 1816 1449 1864 salutandique

332 1875 450 1922 Deos,
471 1881 667 1928 agendique
684 1885 806 1927 grates
818 1893 884 1928 per
901 1885 1013 1917 totum
1031 1883 1124 1917 diem
1142 1882 1276 1929 populo
1290 1885 1450 1928 potestas

135 1947 246 1977 Oratio
262 1946 307 1976 le·
320 1945 443 1995 fieret.
475 1943 638 1979 Postero
659 1943 718 1979 die
736 1943 882 1992 legatos
902 1943 1116 1980 Masinissae
1136 1945 1174 1979 in
1194 1949 1367 1979 senatum
1386 1944 1446 1978 in-

137 1997 322 2063 {ffiffiffiae
333 2009 516 2046 troduxit.
574 2008 764 2045 Gratulati
790 2009 954 2059 primum
985 2008 1133 2044 senatui
1160 2012 1262 2050 sunt,
1285 2008 1380 2055 quod
1399 2008 1445 2044 P„

139 2076 173 2106 in
189 2082 314 2106 senatu.
334 2074 457 2122 Scipio
478 2085 648 2121 prospere
663 2085 720 2109 res
739 2075 776 2108 in
794 2062 927 2122 Africa
945 2074 1125 2120 gessisset:
1154 2070 1288 2107 deinde
1307 2070 1447 2118 gratias

333 2144 507 2188 egerunt,
528 2139 622 2186 quod
650 2137 878 2174 Masinissam
908 2150 977 2174 non
1009 2136 1227 2185 adpellasset
1255 2136 1360 2171 modo
1391 2147 1447 2171 re-

329 2215 426 2251 gem,
446 2203 508 2238 sed
515 2201 678 2250 fecisset,
702 2203 920 2238 restituendo
940 2203 975 2237 in
998 2206 1190 2250 paternum
1213 2211 1384 2247 regnum:
1412 2201 1449 2234 z'n

332 2278 403 2314 quo
430 2270 513 2314 post
538 2265 739 2315 Syphacem
770 2267 963 2308 sublatum,
992 2266 1023 2301 si
1057 2266 1109 2301 ita
1143 2264 1311 2300 Patribus
1335 2264 1450 2300 visum

335 2335 436 2374 esset,
461 2332 536 2368 sine
556 2336 653 2367 metu
678 2336 713 2368 et
744 2332 936 2369 certamine
954 2335 1041 2367 esset
1060 2333 1285 2379 regnaturus.
1331 2326 1447 2368 Dein,
