1523 2666
80 233 170 264 U.C.
190 241 262 266 5³5.

77 278 119 309 A.
134 277 169 308 C.
191 283 261 314 197.

277 139 366 182 390
737 139 780 167 T.
808 139 944 167 LIVII

277 237 385 278 parte
409 241 578 272 suorum,
600 242 681 278 quae
710 230 812 266 haud
841 231 952 266 dubie
978 229 1168 274 vincebat,
1196 230 1301 267 brevi
1325 232 1396 268 cir-

277 294 381 330 cuitu
402 294 580 330 dextrum
597 307 714 330 cornu
734 295 901 331 hostium
918 308 1089 332 aversum
1105 295 1260 332 invadit.
1297 295 1396 332 Nul-

274 357 349 394 lam
370 358 490 394 aciem
511 357 557 394 ab
580 364 688 407 tergo
709 359 863 395 adortus
884 372 960 396 non
982 359 1195 406 turbasset,
1229 366 1397 397 ceterum

275 423 321 459 ad
339 434 578 459 communem
601 425 771 459 omnium
792 425 830 459 in
852 424 918 460 tali
950 437 989 460 re
1011 425 1305 475 trepidationem
1334 438 1397 461 ac-

275 488 402 530 cessit,
424 488 525 537 quod
556 488 724 537 phalanx
750 488 1022 533 Macedonum,
1044 491 1166 539 gravis
1197 496 1310 538 atque
1339 490 1397 526 in-

273 551 442 594 mobilis,
463 564 533 587 nec
553 552 810 600 circumagere
841 565 879 588 se
909 560 1073 602 poterat,
1093 567 1164 590 nec
1183 555 1271 596 hoc,
1293 554 1357 602 qui
1377 566 1399 589 a

272 615 415 658 fronte,
435 614 563 664 paullo
585 622 673 650 ante
694 615 827 665 pedem
848 616 1067 660 referentes,
1088 623 1180 653 tunc
1201 616 1300 652 ultro
1321 623 1398 653 ter-

272 680 354 715 ritis
388 679 598 723 instabant,
626 680 882 731 patiebantur.
939 681 1001 717 Ad
1033 682 1122 724 hoc,
1156 681 1242 718 loco
1281 682 1397 717 etiam

271 744 556 795 premebantur,
579 745 667 793 quia
680 743 833 794 jugum,
852 758 899 781 ex
918 757 994 793 quo
1015 750 1291 794 pugnaverant,
1309 744 1398 781 dum

270 821 338 859 per
375 808 542 859 proclive
573 809 702 859 pulsos
734 810 999 858 insequuntur,
1033 809 1265 845 tradiderant
1294 809 1397 845 hosti

271 872 318 909 ad
354 878 463 921 terga
499 885 567 908 sua
605 873 877 910 circumducto.
935 872 1147 923 Paullisper
1192 873 1232 908 in
1268 873 1394 910 medio

269 936 371 980 caesi,
402 936 549 980 deinde,
571 937 720 973 omissis
752 936 920 987 plerique
947 938 1075 980 armis,
1104 942 1306 987 capessunt
1331 937 1391 973 fu-

270 1012 371 1049 gam.

322 1064 375 1102 X.
413 1064 613 1116 Philippus
652 1077 737 1102 cum
774 1066 904 1116 paucis
942 1066 1109 1116 peditum
1148 1066 1393 1115 equitumque

266 1130 390 1181 primo
410 1131 598 1167 tumulum
618 1131 793 1167 altiorem
813 1132 912 1167 inter
932 1137 1077 1167 ceteros
1098 1132 1212 1180 cepit,
1235 1137 1276 1167 ut
1305 1144 1391 1182 spe-

266 1194 471 1238 cularetur,
493 1209 575 1245 quae
603 1196 643 1232 in
668 1196 763 1233 laeva
783 1202 891 1246 parte
911 1209 1067 1233 suorum
1086 1196 1241 1233 fortuna
1262 1202 1361 1232 esset
1379 1210 1388 1233 ε

266 1260 413 1303 deinde,
445 1266 649 1310 postquam
688 1261 820 1310 fugam
854 1261 1010 1297 effusam
1040 1261 1320 1304 animadvertit,
1353 1267 1391 1298 et

266 1325 397 1360 omnia
416 1325 516 1361 circa
539 1323 638 1375 juga
657 1326 775 1374 signis
796 1332 909 1375 atque
931 1326 1043 1362 armis
1064 1318 1224 1375 fulgere,
1246 1332 1328 1362 turn
1354 1332 1394 1362 et

267 1390 346 1440 ipse
375 1391 456 1427 acie
486 1392 659 1428 excessit.
718 1392 936 1434 Quinctius,
958 1404 1074 1441 quum
1099 1390 1301 1426 institisset
1331 1402 1393 1426 ce-

266 1455 458 1499 dentibus,
480 1462 638 1507 repente
667 1457 755 1505 quia
782 1457 968 1504 erigentes
998 1456 1128 1492 hastas
1157 1455 1391 1491 Macedonas

264 1528 531 1570 conspexerat,
564 1521 742 1570 quidnam
773 1526 951 1571 pararent
979 1521 1159 1562 incertus,
1187 1519 1392 1570 paullisper

265 1585 437 1620 novitate
475 1586 526 1621 rei
565 1586 768 1622 constituit
802 1586 911 1633 signa
932 1597 938 1617 :
984 1584 1133 1627 deinde,
1164 1589 1208 1620 ut
1244 1584 1392 1633 accepit

264 1647 367 1685 hunc
387 1661 530 1684 morem
552 1662 633 1684 esse
654 1649 914 1685 Macedonum
935 1648 1166 1684 tradentium
1186 1660 1281 1690 sese,
1302 1660 1389 1698 par-

267 1724 350 1748 cere
369 1713 478 1748 victis
500 1713 539 1749 in
561 1714 729 1749 animum
753 1713 931 1750 habebat.
981 1713 1158 1748 Ceterum
1179 1711 1226 1748 ab
1247 1712 1388 1761 ignaris

264 1777 448 1813 militibus
470 1779 649 1814 omissam
670 1779 717 1814 ab
744 1779 854 1814 hoste
880 1791 1061 1828 pugnam,
1084 1784 1122 1813 et
1150 1777 1240 1826 quid
1268 1777 1388 1827 impe-

264 1847 369 1877 rator
388 1841 515 1884 vellet,
538 1843 686 1892 inpetus
709 1843 746 1878 in
768 1842 919 1878 cosdem
939 1842 1077 1884 factus,
1099 1847 1137 1876 et
1165 1841 1296 1891 primis
1316 1853 1389 1876 cae-

265 1906 329 1947 sis,
352 1906 467 1941 ceteri
487 1906 524 1941 in
546 1905 676 1954 fugam
697 1906 869 1954 dissipati
890 1912 990 1941 sunt.
1032 1904 1118 1941 Rex
1137 1904 1256 1941 effuso
1277 1917 1388 1942 cursu

263 1968 408 2018 Tempe
428 1970 536 2019 petit.
593 1969 652 2004 Ibi
681 1969 727 2005 ad
758 1969 918 2005 Gonnos
946 1969 1044 2004 diem
1069 1981 1187 2004 unum
1217 1967 1388 2004 substitit

264 2033 313 2070 ad
335 2033 591 2084 excipiendos,
613 2034 644 2068 si
665 2034 725 2082 qui
748 2033 885 2083 proelio
906 2039 1159 2082 superessent.
1216 2031 1383 2068 Romani

262 2098 426 2133 victores
447 2098 485 2132 in
507 2105 630 2133 castra
650 2097 818 2133 hostium
846 2110 910 2147 spe
941 2096 1076 2146 praedae
1107 2096 1289 2131 inruunt:
1323 2108 1387 2131 ve-

264 2174 345 2198 rum
366 2174 411 2198 ea
430 2174 568 2210 magna
581 2160 665 2211 jam
686 2173 730 2197 ex
752 2167 859 2211 parte
878 2160 1028 2210 direpta
1047 2159 1094 2196 ab
1115 2159 1259 2195 AEtolis
1281 2160 1386 2195 inve-

261 2226 386 2263 niunt.
443 2226 552 2262 Caesa
589 2238 634 2262 eo
672 2225 732 2261 die
769 2231 858 2261 octo
893 2225 1064 2260 hostium
1103 2223 1235 2266 millia,
1274 2224 1385 2272 quiu-

261 2302 334 2340 que
359 2296 483 2342 capta.
540 2290 601 2327 Ex
621 2289 829 2327 victoribus
851 2290 1085 2341 septingenti
1103 2289 1221 2327 ferme
1239 2288 1385 2326 cecide-
