1507 2656
368 194 519 225 LIBER
543 192 712 221 xxxu.
747 194 855 221 CAP.
883 194 941 224 11.
1123 196 1204 240 333

91 296 177 324 cum
206 286 362 337 piaculis
391 285 555 331 curaret)
576 283 679 320 feriae
707 283 855 320 Latinae
887 285 1111 335 pontificum
1139 287 1203 323 ‹le-
1219 293 1258 324 U.
1272 294 1308 326 C.
1327 302 1401 327 ⁵5³.

89 356 194 388 creto
213 351 430 387 instauratae
450 355 538 385 suut
555 363 564 393 3
597 348 699 397 quod
720 347 834 397 legati
855 349 902 385 ab
923 349 1051 386 Ardea
1079 350 1203 399 questi
1217 340 1255 369 A·
1271 339 1307 369 C·
1329 345 1402 371 ¹⁹⁹·

88 415 126 451 in
147 420 280 451 senatu
300 421 421 456 erant,
442 412 513 449 sibi
541 412 579 448 in
609 419 739 449 monte
758 412 912 450 Albano
942 413 1090 449 Latinis
1121 427 1203 450 car-

89 490 189 519 nem,
211 486 253 514 nt
271 477 430 519 adsolet,
451 477 579 512 datam
599 489 676 512 non
700 470 793 514 essess
849 475 910 513 Ab
941 477 1079 513 Suessa
1107 490 1206 514 nun·

88 541 228 577 ciatum
248 547 318 583 est,
335 541 426 576 duas
444 547 587 590 portas,
601 540 779 590 quodque
794 541 894 577 inter
909 554 971 577 eas
992 542 1088 577 muri
1108 550 1203 583 erat,

85 605 131 642 de
159 604 258 642 coelo
289 611 457 650 tactum3
496 611 535 640 et
563 604 757 641 Formiani
786 604 903 655 legati
933 606 1049 642 aedem
1078 606 1201 648 Jovis,

83 669 174 706 item
195 669 392 705 Ostienses
413 668 529 704 aedem
549 668 672 712 Jovis,
693 674 731 704 et
751 668 936 706 Veliterni
956 670 1145 721 Apollinis
1166 677 1203 706 et

85 732 197 770 sanci
219 734 328 775 aedes,
349 739 387 769 et
407 733 445 769 in
466 732 643 769 Herculis
665 733 744 769 aede
764 733 940 784 capillum
963 741 1139 770 enatum:
1165 741 1202 770 et

84 809 132 835 ex
168 797 328 834 Bruttiis
362 797 409 834 ab
447 798 495 836 Q.
521 797 696 834 Minucio
734 805 970 848 propraetore
1004 799 1201 848 scriptum,

85 861 285 911 equuleum
314 875 401 898 cum
431 863 597 912 quinque
626 862 797 912 pedibuS‚
818 862 941 914 pullos
971 862 1201 913 gallinaceos

81 931 158 961 tres
178 934 263 961 cum
283 926 399 962 ternis
420 926 594 975 pedibus,
617 933 727 962 natos
749 939 841 963 esse.
899 927 993 963 Inde
1014 940 1034 963 a
1055 927 1097 963 P.
1116 926 1200 962 Sul-

80 989 182 1040 picio
211 988 439 1038 proconsule
472 1002 517 1025 ex
550 989 782 1026 Macedonia
818 990 936 1026 literae
973 990 1122 1034 adlatae,
1161 991 1201 1026 in

80 1052 480 1102 quibusinter‘cetera
499 1054 681 1102 scriptum
701 1060 796 1095 erat,
817 1053 984 1090 lauream
1015 1055 1053 1089 in
1083 1054 1202 1104 puppi

79 1118 185 1154 navis
205 1116 330 1166 longae
350 1123 514 1153 enatam.
570 1116 745 1153 Priorum
776 1118 1036 1167 prodigiorum
1067 1131 1201 1154 caussa

79 1188 231 1218 senatus
249 1187 460 1225 censuerat,
478 1188 519 1217 ut
535 1181 709 1217 consules
727 1180 934 1237 majoribus
951 1182 1100 1225 hostiis,
1116 1183 1199 1232 qui-

78 1245 148 1282 bus
168 1246 254 1283 Diis
276 1247 475 1289 videretur,
497 1246 776 1282 sacrificarent:
809 1246 858 1281 ob
879 1246 952 1282 hoc
975 1259 1088 1282 unum
1110 1260 1198 1296 pro-

81 1310 223 1360 digium
253 1311 441 1360 aruspices
473 1311 511 1347 in
543 1317 716 1347 senatum
747 1311 885 1354 vocati,
913 1317 1026 1360 atque
1059 1324 1105 1347 ex
1139 1324 1198 1347 re—

80 1388 220 1425 sponso
240 1388 370 1412 eorum
386 1375 613 1426 supplicatio
626 1374 769 1425 populo
787 1376 825 1411 in
842 1375 940 1411 diem
959 1389 1075 1412 unum
1097 1376 1196 1412 edic-

78 1446 131 1482 ta,
153 1445 191 1475 et
210 1439 257 1475 ad
276 1439 405 1475 omnia
424 1439 636 1489 pulvinaria
655 1452 712 1475 res
734 1439 870 1475 divinae
889 1439 1013 1476 factae.

129 1502 182 1539 II.
212 1502 556 1551 Karthaginienses
577 1515 622 1538 eo
643 1515 744 1538 anno
764 1509 966 1551 argentum
986 1503 1024 1539 in
1051 1504 1194 1553 stipen-
1211 1512 1378 1554 Karthagi-

76 1567 178 1603 dium
214 1567 423 1618 inpositum
460 1567 625 1617 primum
661 1566 826 1602 Romam
860 1567 1093 1603 advexerunt
1113 1580 1120 1601 τ
1158 1569 1192 1604 id
1208 1557 1412 1630 ἓξὲἓξθῗήξῑῑ·

73 1631 162 1680 quia
198 1631 360 1680 probum
393 1644 472 1667 non
505 1643 586 1667 esse
622 1638 827 1680 quaestores
863 1632 1191 1675 renunciaverant‚
1207 1642 1274 1671 buti
1291 1652 1370 1681 pen—

74 1695 430 1745 experientibusque
459 1707 545 1745 pars
572 1702 707 1743 quarta
733 1696 888 1731 decocta
917 1702 1010 1737 erat,
1031 1685 1335 1758 pecunia{Zfl’zffifft

72 1758 208 1795 Romae
227 1765 359 1796 mutua
375 1766 512 1801 sumta,
533 1759 853 1795 intertrimentum
872 1760 1020 1808 argenti
1040 1759 1190 1810 supple·
1336 1751 1345 1760 ⁹

71 1830 217 1861 verunt.
274 1823 497 1860 Petentibus
518 1823 667 1866 deinde,
689 1831 744 1866 ut,
765 1823 796 1858 si
818 1822 902 1873 jam
927 1824 1114 1860 videretur
1131 1836 1190 1860 se-

71 1889 192 1932 natui,
214 1888 363 1924 obsides
384 1887 456 1923 sibi
477 1887 736 1930 redderentur,
757 1895 910 1923 centum
930 1888 1064 1924 redditi
1084 1888 1187 1924 obsi·
1202 1898 1362 1930 obsidum

70 1954 156 1990 des:
190 1954 236 1990 de
258 1954 406 1995 ceteris,
427 1954 458 1988 si
488 1954 526 1989 in
557 1952 629 1989 fide
658 1959 938 2002 permanerent,
960 1964 1043 2001 spes
1073 1943 1324 2017 facta.{³e⁵¹d¹(⁵fiit2⁸

68 2017 291 2055 Petentibus
312 2018 457 2060 iisdem,
479 2018 542 2067 qui
565 2030 641 2053 non
673 2016 928 2053 reddebantur
957 2016 1123 2059 obsides,
1146 2026 1188 2053 nt
1322 2008 1330 2016 ’

67 2082 116 2118 ab
134 2082 284 2125 Norba,
304 2082 367 2118 ubi
386 2095 517 2132 parum
539 2081 738 2118 commode
758 2088 897 2125 essent,
916 2080 991 2116 alio
1011 2080 1186 2116 traduce-

67 2154 211 2192 rentur,
229 2161 464 2192 concessum,
485 2156 527 2184 ut
548 2149 716 2195 Signiam
738 2156 776 2183 et
794 2146 1040 2182 Ferentinum
1061 2154 1183 2183 trans-

65 2212 176 2249 irent.
224 2212 423 2250 Gaditanis
444 2214 534 2248 item
554 2211 770 2262 petentibus
792 2211 1002 2254 remissum,
1020 2223 1068 2246 ne
1088 2223 1184 2261 prae-

65 2276 186 2313 fectus
206 2276 330 2313 Gades
351 2278 578 2320 mitteretur,
599 2277 774 2313 adversus
801 2276 902 2324 quod
922 2276 982 2318 iis,
1003 2275 1042 2310 in
1071 2275 1182 2311 fidem

64 2343 194 2395 populi
213 2343 380 2381 Romani
399 2344 652 2387 venientibus,
670 2355 755 2379 cum
775 2342 822 2380 L.
838 2341 988 2377 Marcio
1008 2341 1180 2391 Septimo
