1523 2666
288 198 367 239 142
744 200 790 228 r.
815 200 951 228 mvn

86 286 131 318 U.
141 287 180 319 C.
197 287 413 325 547.bellum
432 287 573 324 nullum
591 287 629 323 in
648 287 775 330 Italia,
796 292 861 324 aut
879 289 907 323 is
927 287 1033 323 hostis
1052 293 1151 331 esset,
1168 300 1210 324 ex
1224 301 1292 337 quo
1310 292 1404 327 victo

86 332 129 364 Α’
144 332 181 366 C·
198 340 376 389 2‘'⁵'‘nihil
391 354 519 400 gloriae
545 357 773 401 quaereretur,
802 354 862 401 qui
888 358 921 388 te
944 355 980 389 in
1001 353 1114 389 Italia
1134 356 1314 397 retineret,
1339 357 1405 391 etsi

279 420 321 455 id
348 419 436 454 bono
468 417 611 466 publico
636 416 797 466 faceret,
826 418 935 452 simul
969 430 1050 454 cum
1087 417 1178 454 bello
1214 421 1404 456 materiam

276 485 404 532 gloria?
441 488 510 519 tuce
546 484 611 518 isse
642 486 804 529 ereptum
831 483 945 518 videri
976 487 1106 530 posset.
1167 484 1287 525 Quum
1321 497 1404 521 vero

278 547 468 584 Hannibal
486 547 594 583 hostis
612 546 782 582 incolumi
800 547 954 582 exercitu
970 548 1319 594 quartumdecimum
1338 561 1404 585 an-

278 624 366 648 num
386 612 536 647 Italiam
563 610 732 653 obsideat,
758 610 940 657 paenitebit
966 615 1012 653 te,
1035 611 1079 647 P.
1096 611 1253 655 Corneli,
1279 613 1406 660 glorice

281 683 364 718 tuce,
385 678 414 712 si
434 676 568 711 hostem
586 687 680 718 euni,
701 676 762 723 qui
782 679 835 710 tot
843 674 1034 723 funerum,
1058 680 1109 711 tot
1132 677 1291 713 cladium
1309 678 1407 714 nobis

279 753 406 777 caussa
423 740 520 789 fuit,
544 745 582 776 tu
612 741 733 776 consul
752 740 868 776 Italia
896 741 1088 788 expuleris,
1110 746 1158 783 et,
1179 743 1271 777 sicut
1298 755 1406 790 penes

281 805 319 842 C.
335 806 526 841 Lutatium
545 807 676 853 prioris
696 806 826 841 Punici
842 807 1045 853 perpetrati
1065 805 1149 841 belli
1169 807 1297 842 titulus
1304 806 1402 856 fuit,

275 871 331 907 ‘ita
345 883 455 918 penes
483 875 516 906 te
545 869 648 916 hujus
665 868 822 918 fuerit?
852 870 932 906 Nisi
958 875 1023 906 aut
1043 871 1236 907 Hamilcar
1254 872 1402 908 Hanni-

276 935 351 970 bali
381 935 453 971 dux
482 939 533 970 est
561 933 821 982 praeferendus,
849 938 915 970 aut
942 935 1036 970 illud
1065 935 1195 971 bellum
1219 936 1315 980 huic,
1337 943 1403 974 aut

273 1000 426 1035 victoria
458 999 525 1034 illa
550 996 668 1045 majo-r
687 999 900 1046 clariorque,
922 1011 1029 1046 quam
1055 999 1141 1042 hoec,
1166 1000 1288 1047 (niodo
1316 1013 1400 1037 con-

274 1064 406 1109 tingat,
427 1067 468 1098 ut
488 1067 521 1098 te
540 1063 680 1098 consule
699 1062 897 1108 vincamus)
910 1061 1048 1110 futura
1067 1068 1128 1099 est.
1172 1063 1229 1099 Ab
1247 1065 1400 1113 Drepa-

271 1128 327 1163 nis
358 1132 467 1176 atque
496 1127 613 1174 Eryce
640 1127 833 1162 (letraoeisse
860 1127 1118 1170 Hamilcarem,
1147 1141 1255 1176 quam
1286 1130 1401 1167 Italia

272 1193 447 1240 expulisse
466 1193 594 1228 Poenos
614 1196 720 1239 atque
738 1192 993 1234 Hannibalem,
1014 1193 1119 1228 'malis
1133 1194 1153 1229 ‚9
1181 1193 1238 1230 Ne
1259 1199 1296 1230 tu
1317 1196 1397 1243 qui-

273 1256 368 1299 dem,
389 1258 453 1292 etsi
479 1257 593 1303 magis
613 1261 775 1304 partam,
797 1268 905 1304 quam>
923 1261 1119 1304 speratam,
1137 1257 1293 1304 gloriam
1320 1271 1398 1295 am-

269 1322 452 1369 plecteris,
480 1322 662 1369 Hispania
689 1322 821 1368 potius,
844 1333 947 1368 quain
972 1322 1096 1363 Italia,
1125 1322 1216 1358 bello
1246 1323 1398 1360 liberata

270 1385 450 1432 gloriatus
456 1384 590 1434 fueris,
648 1385 821 1420 Nondum
848 1387 877 1420 is
903 1390 954 1421 est
972 1385 1175 1428 Hannibal,
1197 1398 1299 1434 quem
1324 1400 1398 1424 non

271 1452 390 1496 magis
419 1452 577 1486 timuisse
604 1451 782 1492 videatur,
814 1462 921 1497 quam¹
950 1452 1184 1493 contemsisse,
1206 1453 1267 1498 qui
1295 1451 1398 1489 aliud

273 1513 403 1549 bellum
428 1515 609 1550 maluerit.
670 1514 765 1554 Quin
791 1515 904 1559 igitur
930 1515 978 1548 acl
1005 1513 1069 1549 hoc
1098 1515 1311 1562 ciclciizgeri8‚
1331 1528 1395 1553 nec

267 1590 334 1626 per
356 1580 442 1614 istos
466 1580 648 1619 circuitus,
668 1583 722 1620 ut,
745 1590 852 1625 quum
878 1579 914 1613 in
934 1577 1100 1626 Africam
1128 1578 1320 1625 trajeceris‚
1340 1593 1395 1617 se·-

271 1646 437 1677 cuturum
458 1647 491 1678 te
512 1643 599 1678 illuc
619 1642 860 1677 Hannibalem
878 1653 994 1689 speres
1010 1644 1144 1690 potius,
1166 1656 1274 1691 quam
1298 1650 1395 1681 recto

270 1705 352 1742 hinc
381 1708 520 1749 itinere,
554 1707 613 1743 ubi
645 1706 832 1742 Hannibal
868 1711 932 1748 est,
967 1719 1006 1742 eo
1040 1707 1171 1743 bellum
1209 1710 1396 1746 intendis?

269 1770 467 1818 Egregiam
500 1773 605 1807 istum
634 1772 798 1818 palmam
830 1771 912 1806 belli
938 1771 1068 1807 Punici
1098 1774 1239 1819 patrati
1270 1775 1396 1821 petis?

268 1834 351 1870 Hoc
375 1841 409 1871 et
437 1822 572 1872 naiura
596 1837 698 1883 prius
726 1840 789 1877 est,
822 1840 885 1871 tua
904 1848 1009 1883 quum
1031 1835 1243 1884 defenderis,
1274 1839 1394 1876 aliena

268 1900 322 1933 ire
341 1899 594 1946 obpugnatum,
642 1899 725 1934 Pam
750 1904 833 1934 ctnte
860 1901 897 1935 in
917 1900 1042 1941 Italia,
1071 1913 1179 1948 quam
1199 1902 1330 1938 bellum
1355 1905 1391 1940 in

266 1962 398 2010 Africa
422 1965 493 1999 sil:
533 1968 567 1999 et
588 1963 686 1999 uobis
700 1964 803 2010 prius
832 1964 981 1999 decedat
1010 1965 1129 2006 timor,
1154 1977 1261 2012 quam
1293 1967 1391 2004 ultro

266 2026 349 2061 aliis
387 2026 578 2075 inferatur.
629 2028 671 2063 Si
702 2033 893 2074 utrumque
931 2032 990 2062 tuo
1019 2028 1128 2063 (luctu
1164 2030 1391 2077 auspicioque

256 2092 340 2137 fieri
357 2095 488 2138 potest,
510 2092 715 2128 Hannibale
741 2093 797 2128 hic
818 2094 921 2133 victo,
945 2093 1020 2127 illic
1040 2092 1302 2140 Karthaginem
1328 2107 1389 2131 ex-

263 2167 385 2201 pugna
397 2172 408 2191 .·
427 2158 457 2191 si
469 2158 587 2191 altera
603 2163 687 2192 utra
703 2158 852 2193 victoria
867 2159 964 2192 noris
974 2158 1171 2193 consulibus
1184 2159 1387 2206 relinquen-

266 2221 314 2254 ‹Ia
334 2224 409 2263 est;
436 2222 537 2268 prior
553 2234 661 2268 quum
683 2221 796 2268 major
815 2223 1027 2269 clariorque,
1046 2227 1121 2258 tum
1138 2235 1261 2259 caussa
1279 2225 1388 2261 etiam

263 2284 476 2330 insequentis
484 2283 616 2332 fuerit.
663 2287 761 2321 Nam
777 2298 870 2321 nunc
886 2286 1024 2334 quidem
1036 2291 1277 2335 praeterquam
1292 2289 1388 2336 quod

261 2355 296 2383 et
323 2350 356 2383 in
382 2348 493 2385 ltalia
519 2355 553 2386 et
582 2352 619 2386 in
638 2350 768 2400 Africa
788 2352 876 2388 duos
905 2352 1059 2388 diversos
1087 2354 1259 2389 eoeercz'tus
1290 2353 1385 2389 alere
