1523 2666
291 217 375 272 588
753 231 799 262 τ.
824 232 957 263 mvn

99 319 144 396 ῙᾸ.
158 319 194 394 g.
211 320 387 397 {gss‘pidi’
409 324 465 355 est
484 317 697 363 exauditus,
714 321 880 370 undique
900 322 1041 366 AEtoli,
1056 322 1213 360 desertis
1234 324 1411 361 stationi-

137 388 143 395 “
185 385 194 394 “
276 385 380 427 'bus,

402 385 441 420 in
461 397 584 420 arcem
604 384 768 433 fugiunt.
827 386 1021 437 Oppidum
1042 388 1204 425 victores
1228 390 1414 439 permissu

298 447 463 485 consulis
497 448 706 498 diripiunt3
739 462 817 485 non
848 456 926 486 tam
957 451 1003 488 ab
1034 452 1103 495 ira,
1134 464 1204 488 nec
1234 452 1281 488 ab
1311 452 1415 496 odio,

299 526 413 563 quam
429 518 472 548 ut
490 511 612 555 miles,
634 514 822 549 coercitus
843 514 880 550 in
901 520 962 551 tot
981 517 1140 566 receptis
1162 529 1208 553 ex
1227 523 1420 566 potestate

298 580 467 615 hostium
488 578 660 621 urbibus,
682 578 810 628 aliquo
830 580 985 616 tandem
1004 580 1091 617 loco
1110 581 1276 619 fructum
1296 583 1418 618 victo-

299 645 364 680 riae
386 644 554 680 sentiret.
598 643 817 680 Revocatos
839 645 925 682 inde
945 659 966 682 a
987 647 1111 682 medio
1131 646 1248 683 ferme
1268 648 1327 683 die
1347 647 1418 683 mi-

300 707 385 744 lites
406 721 521 757 quum
542 708 580 743 in
600 707 690 743 duas
712 708 899 745 divisisset
919 717 1058 759 partes,
1083 723 1197 746 unam
1226 710 1416 747 radicibus

301 773 491 808 montium
521 772 750 807 circumduci
771 773 815 809 ad
837 786 967 823 rupem
991 773 1122 824 jussit,
1145 788 1242 823 quae,
1263 774 1418 823 fastigio

302 836 513 873 altitudinis
541 849 622 886 par,
654 836 778 873 media
811 837 905 874 valle
934 838 1038 874 velut
1068 838 1230 889 abrupta
1254 838 1301 874 ab
1334 851 1420 875 arce

300 907 408 946 erat3
452 901 517 936 sed
547 901 641 937 adeo
674 913 793 952 prope
827 903 1020 951 geminata
1056 904 1253 940 cacumina
1287 915 1419 940 eorum
1445 900 1454 910 ⁸

300 967 490 1004 montium
510 973 611 1010 sunt,
636 973 678 1002 ut
707 979 753 1004 ex
783 969 925 1004 vertice
955 968 1075 1005 altero
1106 967 1245 1018 conjici
1273 968 1350 1004 tela
1378 969 1418 1005 in

301 1046 426 1070 arcem
446 1034 619 1084 possint:
653 1043 738 1069 cum
759 1032 914 1068 dimidia
939 1040 1046 1083 parte
1075 1033 1239 1070 militum
1269 1033 1418 1076 consul,

300 1099 348 1135 ab
370 1099 462 1135 urbe
481 1110 701 1134 escensurus
721 1098 758 1133 in
787 1110 925 1140 arcem,
947 1099 1097 1146 signum
1127 1098 1174 1134 ab
1204 1098 1263 1140 iis,
1285 1098 1348 1147 qui
1370 1097 1417 1134 ab

298 1170 409 1213 tergo
428 1164 469 1200 in
488 1175 619 1213 rupem
639 1163 786 1199 evasuri
805 1169 925 1205 erant,
947 1162 1204 1213 exspectabat.
1244 1162 1336 1198 Non
1357 1168 1417 1198 tu-

299 1227 390 1270 lere,
412 1228 476 1277 qui
505 1228 544 1263 in
572 1240 657 1262 arce
687 1233 807 1269 erant,
839 1225 962 1261 AEtoli
992 1227 1155 1275 primum
1185 1238 1329 1270 eorum,
1353 1227 1418 1276 qui

300 1305 431 1342 rupem
453 1298 644 1341 ceperant,
667 1290 884 1333 clamorem,
907 1290 1041 1326 deinde
1064 1290 1234 1340 inpetum
1258 1290 1305 1326 ab
1326 1290 1419 1327 urbe

302 1357 582 1400 Romanorum,
604 1363 641 1392 et
660 1355 788 1392 fractis
803 1354 886 1405 jam
906 1356 1056 1399 animis,
1071 1361 1108 1391 et
1127 1354 1231 1391 nulla
1250 1355 1302 1391 ibi
1322 1368 1418 1405 prae-

302 1428 437 1472 parata
455 1434 494 1457 re
514 1421 560 1457 ad
580 1420 817 1456 obsidionem
838 1420 978 1455 diutius
998 1419 1258 1456 tolerandam:
1285 1426 1418 1470 utpote

302 1486 544 1535 congregatis
564 1485 729 1527 feminis,
750 1484 964 1534 puerisque,
987 1491 1024 1520 et
1052 1483 1182 1520 inbelli
1212 1483 1285 1520 alia
1307 1484 1419 1520 turba

303 1552 341 1587 iu
377 1564 515 1594 arcem,
544 1563 627 1599 quae
656 1550 718 1586 vix
749 1561 896 1599 capere,
930 1549 1069 1585 nedum
1100 1549 1212 1592 tueri,
1244 1549 1416 1586 multitu-

303 1617 431 1652 dinem
459 1621 607 1651 tantam
635 1621 789 1664 posset:
822 1614 963 1662 itaque,
986 1613 1031 1649 ad
1061 1614 1222 1663 primum
1248 1614 1419 1663 inpetum

303 1679 461 1730 abjectis
483 1679 610 1722 armis,
631 1678 853 1715 dediderunt
874 1690 967 1714 sese.
1022 1677 1200 1714 Traditus
1230 1678 1329 1714 inter
1357 1691 1419 1716 ce-

301 1752 404 1781 teros
425 1745 599 1794 princeps
620 1742 839 1779 AEtolorum
861 1741 1105 1778 Damocritus
1125 1748 1182 1778 est
1201 1756 1207 1777 ε
1231 1742 1294 1791 qui
1314 1743 1419 1792 prin-

302 1810 404 1859 cipio
431 1808 521 1845 belli
556 1808 747 1844 decretum
782 1806 1017 1851 AEtolorum,
1048 1820 1123 1856 quo
1155 1808 1418 1845 arcessendum

302 1874 538 1910 Antiochum
556 1878 794 1916 censuerant,
813 1872 857 1908 T.
875 1873 1058 1912 Quinctio
1071 1873 1243 1922 poscenti
1259 1885 1416 1922 respon-

301 1939 408 1975 derat
428 1954 434 1974 :
469 1939 513 1974 In
535 1939 649 1974 Italia
668 1939 852 1981 datarum,
874 1951 980 1986 quum
1002 1942 1121 1973 castra
1147 1938 1195 1973 ibi
1212 1939 1333 1973 AEtolz·
1349 1951 1417 1986 po-

297 2006 449 2041 suissent
465 2021 476 2040 .·
495 2003 544 2039 ob
566 2016 646 2038 eam
668 2002 850 2039 ferociam
870 2002 990 2053 majus
1011 2002 1216 2039 victoribus
1238 2003 1416 2052 gaudium

299 2069 459 2105 traditus
480 2068 565 2104 fuit.

352 2133 484 2170 XXV.
514 2132 660 2169 Eodem
680 2139 866 2184 tempore,
888 2146 963 2182 quo
982 2133 1149 2170 Romani
1171 2133 1411 2178 Heracleam,

298 2199 496 2248 Philippus
517 2198 690 2234 Lamiam
722 2211 767 2235 ex
797 2200 1010 2249 composito
1031 2198 1292 2249 obpugnabat,
1315 2200 1413 2236 circa

294 2262 571 2312 Thermopylas
602 2276 686 2299 cum
708 2264 876 2307 consule,
897 2264 1078 2300 redeunte
1109 2277 1155 2300 ex
1182 2264 1348 2308 Boeotia,
1371 2271 1413 2300 ut

288 2329 494 2364 ·victoi·ia1n
516 2328 584 2378 ipsi
606 2328 822 2378 populoque
850 2328 1030 2365 Romano
1059 2329 1324 2378 gratularetur,
1346 2341 1411 2365 ex-

297 2399 533 2445 cusaretque,
556 2394 659 2445 quod
687 2394 823 2433 morbo
852 2395 1045 2449 inpeditus
1076 2394 1177 2433 bello
1196 2406 1275 2431 non
1294 2394 1412 2446 interf
