1523 2666
110 323 151 353 U.

109 368 146 395 A.

166 322 202 353 C.
221 330 257 354 55

164 365 200 398 C.
218 373 258 398 -20

309 231 390 275 250
746 235 791 263 T.
817 235 953 264 L1V11

263 326 491 360 &victoriam
517 325 587 361 Dii
609 325 797 369 dedissent,
821 327 884 363 tibi
908 328 1045 364 cessisse
1053 344 1065 372 ;
1096 332 1196 377 teque
1215 328 1296 366 huic
1315 330 1418 374 bello,

261 375 427 426 ‘Li-esuis
451 392 565 438 prius,
587 403 695 438 quam
721 393 864 434 nostris,
892 393 1051 429 cladibus
1071 394 1214 441 insigni,
1229 395 1344 443 finem
1366 397 1422 432 in-

303 457 469 504 posuisse.
525 456 608 491 Hoc
634 468 770 504 quoque
794 457 987 494 ludibrium
1013 471 1114 495 casus
1133 460 1286 495 ediderit
1293 459 1422 508 fortu-

304 533 366 563 na,
388 525 440 563 ut,
463 533 570 568 quum
586 525 694 568 patre
713 525 775 556 tuo
795 523 935 559 consule
954 525 1108 572 ceperim
1127 536 1245 567 arma,
1266 536 1346 560 cum
1364 536 1425 560 eo-

307 585 386 620 dem
401 586 560 632 primum
582 584 746 620 Romano
763 586 983 633 imperatore
1000 590 1103 636 signa
1122 589 1332 625 contulerim
1345 605 1357 632 ,·
1377 589 1428 625 ad

295 649 421 697 fllium
442 647 516 694 ejus
536 650 678 686 inermis
697 650 746 685 ad
762 662 892 698 pacem
907 653 1102 699 petendam
1119 654 1272 689 veniam.
1322 654 1426 701 Opti-

308 726 404 749 mum
425 715 565 762 quidem
577 713 723 762 fuerat,
745 727 823 750 eam
846 716 1008 763 patribus
1031 719 1162 753 nostris
1186 721 1340 753 mentem
1359 718 1426 753 da-

308 783 383 814 tam
402 778 446 814 ab
466 779 552 814 Diis
571 791 654 821 esse,
677 784 716 815 ut
735 785 770 815 et
789 792 850 816 cos
870 781 1003 824 Italiae,
1025 787 1060 817 et
1078 794 1140 818 nos
1158 781 1295 830 Africae
1313 783 1426 830 impe-

305 845 362 879 rio
382 845 536 880 contenti
556 857 725 880 essemus:
754 857 864 893 neque
879 848 971 882 enim
998 859 1041 882 ne
1058 847 1151 883 vobis
1170 848 1312 895 quidem
1332 847 1426 884 Sici-

309 908 357 943 lia
379 920 421 943 ac
441 908 615 944 Sardinia
634 910 722 944 satis
742 910 852 957 digna
867 912 987 958 pretia
1002 916 1085 947 sunt
1097 923 1165 960 pro
1181 916 1232 947 tot
1245 911 1425 954 classibus,

310 977 363 1008 tot
382 974 603 1016 exercitibus,
626 979 678 1009 tot
702 979 776 1010 tam
809 977 958 1023 egregiis
983 977 1121 1012 amissis
1139 976 1295 1012 ducibus.
1352 976 1427 1011 Sed

306 1039 491 1084 prceterita
512 1039 626 1085 magis
644 1039 854 1087 reprehendi
865 1045 1026 1087 possunt,
1049 1052 1155 1088 quam.
1175 1041 1317 1087 corrigi.
1366 1040 1427 1075 Ita

309 1103 428 1138 aliena
455 1103 704 1150 adpetivimus,
732 1108 772 1138 ut
800 1104 842 1139 de
866 1105 996 1139 nostris
1022 1105 1286 1146 dimicaremus,
1306 1105 1425 1139 necin

316 1167 423 1202 ltalia
442 1168 557 1203 solum
576 1168 668 1203 vobis
687 1168 829 1211 bellum,
851 1169 948 1204 nobis
970 1171 1006 1205 in
1026 1167 1155 1217 Africa
1174 1161 1285 1204 esset:
1312 1169 1374 1204 sed
1392 1173 1427 1204 et

309 1244 368 1267 ros
399 1234 432 1267 in
460 1234 574 1280 portis
592 1235 717 1269 vestris
741 1245 857 1282 prope
876 1246 919 1268 ac
942 1234 1108 1269 mcenibus
1131 1235 1234 1280 signa
1253 1245 1428 1281 armaque

312 1297 463 1333 hostium
487 1298 635 1339 vidistis,
653 1302 688 1333 et
706 1310 768 1333 nos
784 1298 827 1333 ab
844 1297 1071 1345 Karthagine
1080 1297 1276 1346 fremitum
1292 1302 1427 1333 castro-

311 1374 392 1397 rum
413 1361 657 1398 Romanorum
679 1363 900 1399 exaudimus.
944 1362 1048 1403 Quod
1067 1364 1178 1410 igitur
1196 1374 1258 1398 nos
1276 1364 1430 1398 maxime

313 1427 608 1469 abominaremur,
641 1439 700 1463 ros
732 1432 815 1463 ante
845 1429 965 1463 onmia
1001 1429 1185 1476 optaretis,
1216 1429 1253 1463 in
1285 1428 1429 1463 meliore

311 1497 427 1527 restra
446 1491 604 1540 fortuna
635 1494 677 1528 de
704 1505 793 1540 pace
821 1494 969 1540 agitur:
998 1495 1135 1540 agimus
1162 1494 1202 1534 ii,
1224 1505 1374 1540 quorum
1393 1497 1429 1528 et

311 1559 465 1593 masi-ime
485 1559 627 1593 interest
648 1570 776 1606 pacem
795 1570 878 1600 esse,
901 1563 936 1593 et
958 1559 1018 1606 qui
1047 1558 1290 1606 quodcumque
1312 1558 1425 1604 egeri-

312 1635 401 1665 mus,
421 1628 542 1658 ratum
563 1624 723 1659 civitates
739 1628 867 1659 nostrae
887 1623 1060 1659 habiturce
1077 1624 1172 1659 sint:
1201 1624 1321 1658 animo
1342 1626 1425 1657 tan-

314 1694 389 1724 tum
416 1689 512 1725 nobis
542 1702 628 1737 opus
657 1694 708 1725 est
735 1701 804 1724 non
834 1689 1046 1725 abhorrente
1072 1701 1095 1724 a
1113 1690 1241 1736 quietis
1260 1688 1426 1724 consiliis.

315 1754 419 1794 Quod
438 1755 486 1789 ad
505 1767 560 1790 me
580 1756 731 1796 adtinet,
743 1752 822 1800 jam
844 1759 930 1790 oetas
944 1765 1061 1789 senem
1077 1754 1114 1788 in
1127 1754 1289 1801 patriam
1307 1764 1427 1788 rever-

315 1822 457 1861 tentem,
480 1819 571 1854 unde
600 1830 692 1866 puer
720 1817 906 1866 profectus
932 1830 1024 1860 sum,
1047 1816 1128 1863 jam
1153 1817 1327 1859 secundae,
1346 1814 1429 1862 jam

311 1883 468 1918 adi-ersa>
495 1895 561 1925 res,
594 1885 645 1918 ita
678 1884 902 1925 erudierunt,
924 1887 964 1918 ut
991 1883 1164 1918 rationem
1194 1883 1303 1930 sequi,
1321 1893 1428 1929 quam

301 1946 511 1994 fortunam,
533 1948 668 1982 malim.
731 1947 842 1982 Tuam
875 1951 908 1981 et
938 1947 1209 1982 adolescentiam
1239 1950 1273 1981 et
1299 1956 1427 1993 perpe-

314 2017 412 2047 tuam
422 2011 656 2060 felicitatem,
673 2010 860 2060 ferociora
884 2016 1046 2059 utraque,
1068 2023 1175 2058 quam
1195 2011 1322 2058 quietis
1341 2022 1427 2057 opus

312 2081 362 2112 est
381 2077 547 2118 consiliis,
565 2081 695 2111 metuo.
756 2076 839 2111 Non
859 2081 988 2111 temere
1006 2077 1142 2112 incerta
1157 2087 1299 2110 casuum
1320 2086 1426 2122 repu-

313 2147 379 2184 tat,
402 2153 501 2189 quem
513 2140 673 2189 fortuna
691 2153 887 2188 numquam
907 2142 1056 2189 decepit.
1100 2141 1204 2181 Quod
1220 2151 1282 2187 ego
1291 2138 1358 2187 fui
1377 2139 1428 2174 ad

318 2207 576 2247 Trasimenum,
599 2207 646 2241 ad
668 2206 823 2248 Cannas,
845 2207 882 2241 id
912 2210 949 2241 tu
975 2205 1077 2240 hodie
1097 2217 1141 2240 cs.
1188 2204 1339 2240 Vixdum
1358 2204 1426 2239 mi-

311 2271 411 2306 litari
430 2275 536 2306 aetace
566 2271 715 2318 imperio
735 2275 893 2318 accepto,
924 2271 1044 2305 omnia
1073 2269 1307 2305 audacissime
1335 2268 1424 2304 inci-

307 2338 462 2383 pientem
491 2349 664 2384 nusquam
685 2335 829 2384 fifellit
847 2334 1018 2383 fortuna.
1076 2335 1201 2370 Patris
1228 2337 1263 2369 et
1296 2333 1425 2381 patrui

304 2407 508 2449 persecutus
536 2407 700 2443 mortem,
722 2401 764 2436 ab
787 2402 997 2437 calamitate
1025 2405 1148 2437 vesti·ae
1177 2399 1300 2435 domus
1323 2398 1425 2432 decus
