1523 2666
111 253 153 282 1.

115 298 127 316 ³

167 254 191 279 Ἴ

141 298 200 326 C.
219 304 258 328 20

107 1351 201 1381 Curae
218 1350 255 1380 de

107 1404 187 1424 COSS-
205 1403 270 1424 Cre-

108 1438 210 1468 andis.

304 166 361 206 54
757 167 802 196 T.
827 167 960 198 mvn

196 261 289 284 544.
304 252 455 290 Attalus
493 267 559 291 rex
596 261 633 290 et
671 254 713 292 P.
739 254 925 305 Sulpicius
964 255 1117 305 AEginoe
1155 257 1415 294 hibernarum.

263 303 422 355 ¹3'Exitu
459 317 571 368 hujus
609 319 697 354 anni
728 318 774 356 Τ
802 319 1006 358 Quinctius
1042 320 1238 369 Crispinus
1268 320 1425 366 consul,

301 383 486 419 dictatore
503 381 743 418 comitiorum
766 382 1018 432 ludorumque
1033 383 1290 420 faciendorum
1308 397 1418 421 caus-

302 461 341 483 sa
368 448 471 484 (licto
497 448 544 483 T.
557 447 706 483 Manlio
735 448 949 497 Torquato,
971 462 1018 485 ex
1045 449 1199 486 vulnere
1226 450 1414 487 moritur:

302 512 365 549 alii
385 512 557 556 Tarenti,
578 511 642 548 alii
662 513 702 548 in
723 513 937 562 Campania
957 521 1151 550 mortuum
1170 515 1338 552 tradunt.
1372 515 1418 551 Id

301 576 402 624 quod
427 576 534 613 nullo
561 583 648 613 ante
672 576 773 613 bello
801 578 1004 621 acciderat,
1025 578 1101 614 duo
1129 578 1317 623 consules,
1337 580 1419 615 sine

302 640 548 676 memorando
564 640 702 691 proelio
719 641 925 684 interfecti,
943 641 1045 678 velut
1061 642 1194 678 orbam
1213 642 1420 693 rempubli-

304 717 385 740 cam
406 704 649 753 reliquerant.
680 704 861 742 Dictator
880 705 1049 742 Manlius
1070 707 1294 754 magistrum
1315 707 1420 755 equi-

302 777 383 805 tum
405 769 448 805 C.
466 769 665 805 Servilium
684 771 783 818 (tum
804 769 920 806 aedilis
937 770 1076 806 curulis
1097 771 1195 817 erat)
1214 770 1322 808 dixit.
1353 770 1420 807 Se-

301 840 428 876 natus,
447 846 522 883 quo
542 834 602 870 die
621 835 784 884 primum
801 840 858 870 est
872 834 1041 877 habitus,
1059 834 1167 871 ludos
1187 847 1346 884 magnos
1361 835 1420 872 fa-

301 910 386 934 cere
406 897 630 934 dictatorem
643 896 776 947 jussit,
799 910 894 947 quos
914 897 970 935 M.
987 898 1168 934 AEmilius
1189 907 1330 949 praetor
1356 912 1420 935 ur-

299 960 374 1004 bis,
397 961 440 997 C.
456 961 660 1005 Flaminio,
679 961 751 998 Cn.
772 962 933 998 Servilio
954 961 1190 1005 consulibus,
1206 962 1364 1006 fecerat,
1382 969 1422 999 et

301 1025 341 1060 in
361 1026 661 1074 quinquennium
676 1031 844 1062 voverat.
874 1025 974 1062 Tum
995 1026 1162 1063 dictator
1181 1031 1219 1062 et
1238 1025 1346 1062 ludos
1362 1025 1419 1062 fe-

301 1089 367 1131 cit,
389 1095 427 1124 et
445 1089 484 1124 in
505 1090 705 1138 insequens
733 1089 894 1125 lustrum
912 1090 1028 1126 vovit.
1087 1090 1280 1134 Ceterum,
1301 1103 1419 1140 quum

301 1153 377 1188 duo
397 1153 612 1190 consulares
634 1155 819 1191 exercitus
840 1160 918 1190 tam
938 1167 1057 1205 prope
1077 1155 1228 1191 hostem
1248 1156 1328 1191 sine
1349 1155 1420 1191 du-

301 1219 407 1256 cibus
438 1226 577 1263 essent,
609 1221 784 1256 omnibus
816 1221 897 1256 aliis
928 1221 1091 1264 omissis,
1122 1234 1199 1257 una
1226 1221 1420 1272 praecipua

301 1295 392 1318 cura
422 1284 554 1320 Patres
592 1284 850 1334 populumque
886 1285 1054 1328 incessit,
1089 1284 1262 1321 consules
1293 1285 1418 1334 primo

301 1359 451 1395 quoque
465 1353 636 1397 tempore
653 1348 828 1393 creandi,
862 1354 900 1384 et
916 1355 956 1383 ut
972 1361 1035 1385 eos
1056 1349 1297 1398 potissimum
1313 1360 1418 1384 crea-

301 1417 400 1454 rent,
418 1424 578 1460 quorum
597 1411 714 1447 virtus
736 1412 825 1447 satis
841 1418 925 1447 tuta
945 1425 965 1447 a
980 1412 1112 1448 fraude
1128 1412 1274 1448 Punica
1293 1418 1415 1458 esset,

302 1487 410 1524 quum
431 1480 505 1511 toto
523 1488 562 1511 eo
582 1475 671 1511 bello
692 1477 865 1511 damnosa
883 1488 1115 1524 prapropera
1134 1489 1178 1511 ac
1192 1475 1344 1525 fervida
1365 1477 1420 1511 in-

301 1541 409 1588 genia
424 1542 680 1588 imperatorum
689 1540 862 1589 fuissent,
881 1545 956 1576 tum
976 1553 1016 1576 eo
1038 1543 1112 1588 ipso
1133 1553 1227 1576 anno
1247 1541 1419 1583 consules,

305 1607 419 1641 mimia
439 1606 637 1653 cupiditate
663 1606 866 1641 conserendi
893 1618 971 1641 cum
998 1605 1095 1641 hoste
1121 1618 1281 1647 manum,
1304 1607 1338 1640 z'n
1359 1617 1419 1641 ne-

305 1672 511 1718 copinatam
520 1670 698 1718 fraudem
719 1671 835 1718 lapsos
854 1683 935 1707 esse.
985 1671 1149 1706 Ceterum
1165 1671 1266 1706 Deos
1284 1671 1420 1706 inmor-

305 1725 408 1775 tales,
430 1735 606 1770 miseritos
624 1736 777 1770 nominis
792 1735 963 1777 Romani,
976 1736 1171 1783 pepercisse
1190 1735 1341 1770 z'mzooeiis
1360 1746 1420 1770 ex-

305 1799 491 1835 ercitibus:
514 1801 747 1835 temeritatem
763 1800 944 1836 consulum
961 1800 1115 1848 ipsorum
1132 1799 1305 1848 capitibus
1318 1799 1420 1834 ‹la-111-

303 1875 413 1900 nasse.

357 1928 552 1964 XXXIV.
573 1929 700 1967 Quum
722 1928 1054 1978 circumspicerent
1074 1927 1220 1970 Patres,
1235 1939 1420 1976 quosnam

304 1992 476 2030 consules
493 1993 675 2035 facerent,
693 1993 806 2041 longe
823 1999 910 2028 ante
926 1992 1019 2028 alios
1037 1991 1229 2027 eminebat
1246 1992 1289 2027 C.
1305 1991 1420 2027 Clau-

302 2056 385 2092 dius
408 2056 525 2093 Nero.
572 2057 620 2092 Ei
642 2057 785 2105 collega
807 2056 1057 2104 quaerebatur,
1080 2061 1117 2091 et
1132 2056 1252 2090 virum
1271 2055 1420 2103 quidem

304 2134 388 2157 curn
411 2122 604 2170 egregium
626 2121 826 2163 (lucebant,
850 2121 914 2156 sed
942 2121 1187 2170 promtiorem
1216 2119 1420 2155 acriorem-

304 2199 390 2233 que,
420 2199 531 2235 quam
570 2192 743 2236 tempora
780 2184 869 2220 belli
908 2183 1159 2234 postularent,
1198 2190 1263 2218 aut
1298 2183 1419 2218 hostis

303 2249 522 2287 Hannibal:
556 2250 844 2300 temperandum
864 2262 949 2285 acre
970 2247 1048 2297 ojus
1070 2247 1265 2295 ingenium
1287 2247 1419 2282 mode-

301 2322 386 2350 rato
417 2322 453 2350 ct
489 2316 665 2366 prudenti
696 2316 775 2351 viro
811 2313 992 2365 adjuncto
1023 2313 1169 2361 collega
1198 2311 1420 2348 censebant.
