<?xml version="1.0" encoding="UTF-8"?>
<!DOCTYPE html PUBLIC "-//W3C//DTD XHTML 1.0 Transitional//EN"
    "http://www.w3.org/TR/xhtml1/DTD/xhtml1-transitional.dtd">
<html xmlns="http://www.w3.org/1999/xhtml" xml:lang="en" lang="en">
 <head>
  <title>
</title>
<meta http-equiv="Content-Type" content="text/html;charset=utf-8" />
  <meta name='ocr-system' content='tesseract 3.04.00' />
  <meta name='ocr-capabilities' content='ocr_page ocr_carea ocr_par ocr_line ocrx_word'/>
</head>
<body>
  <div class='ocr_page' id='page_1' title='image "./historiarumquaes03livyuoft_0075.png"; bbox 0 0 1507 2656; ppageno 0'>
   <div class='ocr_carea' id='block_1_1' title="bbox 0 0 12 364">
    <p class='ocr_par' dir='ltr' id='par_1_1' title="bbox 0 0 12 364">
     <span class='ocr_line' id='line_1_1' title="bbox 0 0 12 364; baseline 0 2292"><span class='ocrx_word' id='word_1_1' title='bbox 0 0 12 364; x_wconf 95' lang='lat' dir='ltr'> </span> 
     </span>
    </p>
   </div>
   <div class='ocr_carea' id='block_1_2' title="bbox 296 158 1175 212">
    <p class='ocr_par' dir='ltr' id='par_1_2' title="bbox 296 158 1175 212">
     <span class='ocr_line' id='line_1_2' title="bbox 296 158 1175 212; baseline -0.007 -8"><span class='ocrx_word' id='word_1_2' title='bbox 296 175 450 204; x_wconf 71' lang='lat' dir='ltr'>le-:n</span> <span class='ocrx_word' id='word_1_3' title='bbox 475 172 643 201; x_wconf 54' lang='lat' dir='ltr'>xxv&#39;11.</span> <span class='ocrx_word' id='word_1_4' title='bbox 678 171 786 200; x_wconf 77' lang='lat' dir='ltr'>cAP.</span> <span class='ocrx_word' id='word_1_5' title='bbox 809 171 938 199; x_wconf 78' lang='lat' dir='ltr'>an.</span> <span class='ocrx_word' id='word_1_6' title='bbox 1121 158 1175 212; x_wconf 80' lang='lat'>65</span> 
     </span>
    </p>
   </div>
   <div class='ocr_carea' id='block_1_3' title="bbox 66 259 1393 1398">
    <p class='ocr_par' dir='ltr' id='par_1_3' title="bbox 68 259 1371 315">
     <span class='ocr_line' id='line_1_3' title="bbox 68 259 1371 315; baseline -0.004 -13"><span class='ocrx_word' id='word_1_7' title='bbox 68 272 330 315; x_wconf 76' lang='lat' dir='ltr'>procursantes</span> <span class='ocrx_word' id='word_1_8' title='bbox 352 264 573 306; x_wconf 86' lang='lat' dir='ltr'>certamina,</span> <span class='ocrx_word' id='word_1_9' title='bbox 603 261 703 298; x_wconf 79' lang='lat' dir='ltr'>haud</span> <span class='ocrx_word' id='word_1_10' title='bbox 734 262 824 297; x_wconf 81' lang='lat' dir='ltr'>satis</span> <span class='ocrx_word' id='word_1_11' title='bbox 845 261 961 309; x_wconf 84' lang='lat' dir='ltr'>digna</span> <span class='ocrx_word' id='word_1_12' title='bbox 979 259 1096 303; x_wconf 83' lang='lat' dir='ltr'>dictu,</span> <span class='ocrx_word' id='word_1_13' title='bbox 1118 272 1175 296; x_wconf 83' lang='lat' dir='ltr'>sc·</span> <span class='ocrx_word' id='word_1_14' title='bbox 1190 265 1281 297; x_wconf 79' lang='lat' dir='ltr'><strong>U.C.</strong></span> <span class='ocrx_word' id='word_1_15' title='bbox 1297 272 1371 312; x_wconf 60' lang='grc' dir='ltr'>545ἲ</span> 
     </span>
    </p>

    <p class='ocr_par' dir='ltr' id='par_1_4' title="bbox 67 309 1373 374">
     <span class='ocr_line' id='line_1_4' title="bbox 67 309 1373 374; baseline -0.005 -10"><span class='ocrx_word' id='word_1_16' title='bbox 67 329 212 366; x_wconf 67' lang='lat' dir='ltr'>rebant.</span> <span class='ocrx_word' id='word_1_17' title='bbox 269 329 312 365; x_wconf 83' lang='lat' dir='ltr'>Id</span> <span class='ocrx_word' id='word_1_18' title='bbox 333 329 446 365; x_wconf 87' lang='lat' dir='ltr'>modo</span> <span class='ocrx_word' id='word_1_19' title='bbox 467 327 685 364; x_wconf 83' lang='lat' dir='ltr'>Romanum</span> <span class='ocrx_word' id='word_1_20' title='bbox 702 337 869 374; x_wconf 82' lang='lat' dir='ltr'>quaerere</span> <span class='ocrx_word' id='word_1_21' title='bbox 890 322 1109 373; x_wconf 84' lang='lat' dir='ltr'>adparebat,</span> <span class='ocrx_word' id='word_1_22' title='bbox 1128 335 1174 359; x_wconf 89' lang='lat' dir='ltr'>ne</span> <span class='ocrx_word' id='word_1_23' title='bbox 1188 311 1228 340; x_wconf 67' lang='lat' dir='ltr'>A·</span> <span class='ocrx_word' id='word_1_24' title='bbox 1241 309 1278 340; x_wconf 78' lang='lat' dir='ltr'>C·</span> <span class='ocrx_word' id='word_1_25' title='bbox 1296 315 1373 344; x_wconf 75' lang='lat'><strong>²⁰⁷·</strong></span> 
     </span>
    </p>

    <p class='ocr_par' dir='ltr' id='par_1_5' title="bbox 68 385 1368 440">
     <span class='ocr_line' id='line_1_5' title="bbox 68 385 1368 440; baseline -0.005 -13"><span class='ocrx_word' id='word_1_26' title='bbox 68 393 170 429; x_wconf 71' lang='lat' dir='ltr'>abire</span> <span class='ocrx_word' id='word_1_27' title='bbox 207 393 354 428; x_wconf 80' lang='lat' dir='ltr'>hostem</span> <span class='ocrx_word' id='word_1_28' title='bbox 391 397 595 440; x_wconf 79' lang='lat' dir='ltr'>pateretur.</span> <span class='ocrx_word' id='word_1_29' title='bbox 651 387 863 431; x_wconf 84' lang='lat' dir='ltr'>Hannibal,</span> <span class='ocrx_word' id='word_1_30' title='bbox 895 385 981 423; x_wconf 88' lang='lat' dir='ltr'>inde</span> <span class='ocrx_word' id='word_1_31' title='bbox 1018 387 1175 423; x_wconf 81' lang='lat' dir='ltr'>evadere</span> <span class='ocrx_word' id='word_1_32' title='bbox 1366 429 1368 431; x_wconf 72' lang='lat'>.</span> 
     </span>
    </p>

    <p class='ocr_par' dir='ltr' id='par_1_6' title="bbox 66 448 1393 1398">
     <span class='ocr_line' id='line_1_6' title="bbox 67 448 1393 505; baseline -0.004 -13"><span class='ocrx_word' id='word_1_33' title='bbox 67 457 233 505; x_wconf 78' lang='lat' dir='ltr'>cupienS,</span> <span class='ocrx_word' id='word_1_34' title='bbox 258 457 348 491; x_wconf 86' lang='lat' dir='ltr'>totis</span> <span class='ocrx_word' id='word_1_35' title='bbox 380 455 518 491; x_wconf 84' lang='lat' dir='ltr'>viribus</span> <span class='ocrx_word' id='word_1_36' title='bbox 549 454 587 489; x_wconf 90' lang='lat' dir='ltr'>in</span> <span class='ocrx_word' id='word_1_37' title='bbox 616 453 734 489; x_wconf 81' lang='lat' dir='ltr'>aciem</span> <span class='ocrx_word' id='word_1_38' title='bbox 755 450 1019 489; x_wconf 83' lang='lat' dir='ltr'>descendebat.</span> <span class='ocrx_word' id='word_1_39' title='bbox 1075 451 1174 488; x_wconf 87' lang='lat' dir='ltr'>Tum</span> <span class='ocrx_word' id='word_1_40' title='bbox 1187 449 1314 481; x_wconf 81' lang='lat' dir='ltr'>Insidiae</span> <span class='ocrx_word' id='word_1_41' title='bbox 1329 448 1393 480; x_wconf 56' lang='grc' dir='ltr'>ΒΨ</span> 
     </span>
     <span class='ocr_line' id='line_1_7' title="bbox 69 503 1374 567; baseline -0.002 -13"><span class='ocrx_word' id='word_1_42' title='bbox 69 519 214 562; x_wconf 87' lang='lat' dir='ltr'>consul,</span> <span class='ocrx_word' id='word_1_43' title='bbox 236 519 389 567; x_wconf 82' lang='lat' dir='ltr'>iugenio</span> <span class='ocrx_word' id='word_1_44' title='bbox 408 518 528 553; x_wconf 89' lang='lat' dir='ltr'>hostis</span> <span class='ocrx_word' id='word_1_45' title='bbox 550 529 653 560; x_wconf 87' lang='lat' dir='ltr'>usus,</span> <span class='ocrx_word' id='word_1_46' title='bbox 671 529 746 564; x_wconf 86' lang='lat' dir='ltr'>quo</span> <span class='ocrx_word' id='word_1_47' title='bbox 766 516 889 552; x_wconf 90' lang='lat' dir='ltr'>minus</span> <span class='ocrx_word' id='word_1_48' title='bbox 910 516 949 553; x_wconf 89' lang='lat' dir='ltr'>in</span> <span class='ocrx_word' id='word_1_49' title='bbox 969 523 1049 553; x_wconf 91' lang='lat' dir='ltr'>tam</span> <span class='ocrx_word' id='word_1_50' title='bbox 1068 528 1177 567; x_wconf 85' lang='lat' dir='ltr'>aper·</span> <span class='ocrx_word' id='word_1_51' title='bbox 1190 503 1374 526; x_wconf 55' lang='lat' dir='ltr'><strong>manorum</strong></span> 
     </span>
     <span class='ocr_line' id='line_1_8' title="bbox 68 579 1179 630; baseline -0.002 -12"><span class='ocrx_word' id='word_1_52' title='bbox 68 583 116 618; x_wconf 75' lang='lat' dir='ltr'>tis</span> <span class='ocrx_word' id='word_1_53' title='bbox 137 582 294 618; x_wconf 89' lang='lat' dir='ltr'>collibus</span> <span class='ocrx_word' id='word_1_54' title='bbox 321 582 444 617; x_wconf 83' lang='lat' dir='ltr'>timeri</span> <span class='ocrx_word' id='word_1_55' title='bbox 470 580 615 616; x_wconf 64' lang='lat' dir='ltr'>insidiae</span> <span class='ocrx_word' id='word_1_56' title='bbox 642 585 834 630; x_wconf 84' lang='lat' dir='ltr'>poterant,</span> <span class='ocrx_word' id='word_1_57' title='bbox 855 579 1021 630; x_wconf 88' lang='lat' dir='ltr'>quinque</span> <span class='ocrx_word' id='word_1_58' title='bbox 1040 580 1179 617; x_wconf 91' lang='lat' dir='ltr'>cohor-</span> 
     </span>
     <span class='ocr_line' id='line_1_9' title="bbox 70 643 1180 695; baseline -0.002 -13"><span class='ocrx_word' id='word_1_59' title='bbox 70 647 141 690; x_wconf 64' lang='lat' dir='ltr'>tes,</span> <span class='ocrx_word' id='word_1_60' title='bbox 163 646 298 682; x_wconf 85' lang='lat' dir='ltr'>additis</span> <span class='ocrx_word' id='word_1_61' title='bbox 326 647 491 695; x_wconf 89' lang='lat' dir='ltr'>quinque</span> <span class='ocrx_word' id='word_1_62' title='bbox 517 644 733 695; x_wconf 83' lang='lat' dir='ltr'>manipuliS,</span> <span class='ocrx_word' id='word_1_63' title='bbox 762 650 877 681; x_wconf 86' lang='lat' dir='ltr'>nocte</span> <span class='ocrx_word' id='word_1_64' title='bbox 898 643 1037 694; x_wconf 86' lang='lat' dir='ltr'>jugum</span> <span class='ocrx_word' id='word_1_65' title='bbox 1067 656 1180 695; x_wconf 88' lang='lat' dir='ltr'>supe-</span> 
     </span>
     <span class='ocr_line' id='line_1_10' title="bbox 68 708 1178 759; baseline -0.001 -13"><span class='ocrx_word' id='word_1_66' title='bbox 68 723 164 753; x_wconf 79' lang='lat' dir='ltr'>rare,</span> <span class='ocrx_word' id='word_1_67' title='bbox 186 717 222 747; x_wconf 85' lang='lat' dir='ltr'>et</span> <span class='ocrx_word' id='word_1_68' title='bbox 243 711 279 746; x_wconf 90' lang='lat' dir='ltr'>in</span> <span class='ocrx_word' id='word_1_69' title='bbox 304 710 442 746; x_wconf 78' lang='lat' dir='ltr'>aversis</span> <span class='ocrx_word' id='word_1_70' title='bbox 462 708 620 744; x_wconf 82' lang='lat' dir='ltr'>vallibus</span> <span class='ocrx_word' id='word_1_71' title='bbox 647 709 843 745; x_wconf 86' lang='lat' dir='ltr'>considere</span> <span class='ocrx_word' id='word_1_72' title='bbox 863 708 997 758; x_wconf 86' lang='lat' dir='ltr'>jubet:</span> <span class='ocrx_word' id='word_1_73' title='bbox 1030 716 1178 759; x_wconf 82' lang='lat' dir='ltr'>tempus</span> 
     </span>
     <span class='ocr_line' id='line_1_11' title="bbox 69 773 1179 822; baseline 0 -12"><span class='ocrx_word' id='word_1_74' title='bbox 69 775 295 822; x_wconf 82' lang='lat' dir='ltr'>exsurgendi</span> <span class='ocrx_word' id='word_1_75' title='bbox 324 787 369 810; x_wconf 88' lang='lat' dir='ltr'>ex</span> <span class='ocrx_word' id='word_1_76' title='bbox 402 773 562 816; x_wconf 79' lang='lat' dir='ltr'>insidiis,</span> <span class='ocrx_word' id='word_1_77' title='bbox 592 778 631 809; x_wconf 88' lang='lat' dir='ltr'>et</span> <span class='ocrx_word' id='word_1_78' title='bbox 663 773 904 821; x_wconf 85' lang='lat' dir='ltr'>adgrediendi</span> <span class='ocrx_word' id='word_1_79' title='bbox 933 773 1097 816; x_wconf 92' lang='lat' dir='ltr'>hostem,</span> <span class='ocrx_word' id='word_1_80' title='bbox 1117 773 1179 810; x_wconf 90' lang='lat' dir='ltr'>Ti.</span> 
     </span>
     <span class='ocr_line' id='line_1_12' title="bbox 69 835 1180 874; baseline -0.001 0"><span class='ocrx_word' id='word_1_81' title='bbox 69 838 268 874; x_wconf 86' lang='lat' dir='ltr'>Claudium</span> <span class='ocrx_word' id='word_1_82' title='bbox 288 837 457 874; x_wconf 89' lang='lat' dir='ltr'>Asellum</span> <span class='ocrx_word' id='word_1_83' title='bbox 476 836 670 873; x_wconf 88' lang='lat' dir='ltr'>tribunum</span> <span class='ocrx_word' id='word_1_84' title='bbox 685 837 848 873; x_wconf 86' lang='lat' dir='ltr'>militum</span> <span class='ocrx_word' id='word_1_85' title='bbox 869 843 906 873; x_wconf 90' lang='lat' dir='ltr'>et</span> <span class='ocrx_word' id='word_1_86' title='bbox 922 836 964 873; x_wconf 89' lang='lat' dir='ltr'>P.</span> <span class='ocrx_word' id='word_1_87' title='bbox 979 835 1180 873; x_wconf 82' lang='lat' dir='ltr'>Claudium</span> 
     </span>
     <span class='ocr_line' id='line_1_13' title="bbox 67 895 1178 953; baseline 0 -16"><span class='ocrx_word' id='word_1_88' title='bbox 67 901 288 953; x_wconf 75' lang='lat' dir='ltr'>praefectum</span> <span class='ocrx_word' id='word_1_89' title='bbox 322 900 468 937; x_wconf 73' lang='lat' dir='ltr'>socifim</span> <span class='ocrx_word' id='word_1_90' title='bbox 501 900 649 943; x_wconf 84' lang='lat' dir='ltr'>edocet,</span> <span class='ocrx_word' id='word_1_91' title='bbox 674 913 767 949; x_wconf 87' lang='lat' dir='ltr'>quos</span> <span class='ocrx_word' id='word_1_92' title='bbox 795 913 879 936; x_wconf 89' lang='lat' dir='ltr'>cum</span> <span class='ocrx_word' id='word_1_93' title='bbox 910 900 954 935; x_wconf 89' lang='lat' dir='ltr'>iis</span> <span class='ocrx_word' id='word_1_94' title='bbox 987 895 1178 937; x_wconf 60' lang='lat' dir='ltr'>mittebatss</span> 
     </span>
     <span class='ocr_line' id='line_1_14' title="bbox 68 964 1178 1016; baseline -0.001 -15"><span class='ocrx_word' id='word_1_95' title='bbox 68 964 155 1016; x_wconf 82' lang='lat' dir='ltr'>Ipse</span> <span class='ocrx_word' id='word_1_96' title='bbox 173 964 256 1001; x_wconf 93' lang='lat' dir='ltr'>luce</span> <span class='ocrx_word' id='word_1_97' title='bbox 281 965 404 1015; x_wconf 86' lang='lat' dir='ltr'>prima</span> <span class='ocrx_word' id='word_1_98' title='bbox 422 965 550 1014; x_wconf 85' lang='lat' dir='ltr'>copias</span> <span class='ocrx_word' id='word_1_99' title='bbox 572 977 704 1000; x_wconf 89' lang='lat' dir='ltr'>omnes</span> <span class='ocrx_word' id='word_1_100' title='bbox 735 964 904 1014; x_wconf 86' lang='lat' dir='ltr'>peditum</span> <span class='ocrx_word' id='word_1_101' title='bbox 935 964 1178 1012; x_wconf 85' lang='lat' dir='ltr'>equitumque</span> 
     </span>
     <span class='ocr_line' id='line_1_15' title="bbox 68 1026 1179 1078; baseline -0.003 -12"><span class='ocrx_word' id='word_1_102' title='bbox 68 1026 107 1066; x_wconf 87' lang='lat' dir='ltr'>in</span> <span class='ocrx_word' id='word_1_103' title='bbox 128 1030 245 1066; x_wconf 84' lang='lat' dir='ltr'>aciem</span> <span class='ocrx_word' id='word_1_104' title='bbox 265 1029 405 1065; x_wconf 85' lang='lat' dir='ltr'>eduxit.</span> <span class='ocrx_word' id='word_1_105' title='bbox 462 1027 597 1065; x_wconf 82' lang='lat' dir='ltr'>Paullo</span> <span class='ocrx_word' id='word_1_106' title='bbox 621 1034 709 1078; x_wconf 86' lang='lat' dir='ltr'>post</span> <span class='ocrx_word' id='word_1_107' title='bbox 729 1034 766 1064; x_wconf 87' lang='lat' dir='ltr'>et</span> <span class='ocrx_word' id='word_1_108' title='bbox 785 1028 832 1064; x_wconf 86' lang='lat' dir='ltr'>ab</span> <span class='ocrx_word' id='word_1_109' title='bbox 854 1027 1073 1064; x_wconf 81' lang='lat' dir='ltr'>Hannibale</span> <span class='ocrx_word' id='word_1_110' title='bbox 1101 1029 1179 1077; x_wconf 80' lang='lat' dir='ltr'>sig-</span> 
     </span>
     <span class='ocr_line' id='line_1_16' title="bbox 66 1092 1179 1146; baseline -0.002 -16"><span class='ocrx_word' id='word_1_111' title='bbox 66 1097 159 1146; x_wconf 72' lang='lat' dir='ltr'>&#39;num</span> <span class='ocrx_word' id='word_1_112' title='bbox 179 1105 314 1144; x_wconf 83' lang='lat' dir='ltr'>pugnae</span> <span class='ocrx_word' id='word_1_113' title='bbox 334 1094 574 1145; x_wconf 82' lang='lat' dir='ltr'>propositum</span> <span class='ocrx_word' id='word_1_114' title='bbox 594 1099 664 1136; x_wconf 87' lang='lat' dir='ltr'>est,</span> <span class='ocrx_word' id='word_1_115' title='bbox 686 1092 902 1142; x_wconf 86' lang='lat' dir='ltr'>clamorque</span> <span class='ocrx_word' id='word_1_116' title='bbox 922 1093 959 1128; x_wconf 92' lang='lat' dir='ltr'>in</span> <span class='ocrx_word' id='word_1_117' title='bbox 980 1092 1111 1129; x_wconf 83' lang='lat' dir='ltr'>castris</span> <span class='ocrx_word' id='word_1_118' title='bbox 1132 1092 1179 1128; x_wconf 84' lang='lat' dir='ltr'>ad</span> 
     </span>
     <span class='ocr_line' id='line_1_17' title="bbox 68 1156 1180 1209; baseline -0.003 -15"><span class='ocrx_word' id='word_1_119' title='bbox 68 1170 174 1209; x_wconf 54' lang='lat' dir='ltr'>aima</span> <span class='ocrx_word' id='word_1_120' title='bbox 193 1158 480 1194; x_wconf 84' lang='lat' dir='ltr'>discurrentium</span> <span class='ocrx_word' id='word_1_121' title='bbox 500 1164 557 1193; x_wconf 89' lang='lat' dir='ltr'>est</span> <span class='ocrx_word' id='word_1_122' title='bbox 576 1156 745 1193; x_wconf 90' lang='lat' dir='ltr'>sublatus</span> <span class='ocrx_word' id='word_1_123' title='bbox 762 1171 769 1192; x_wconf 74' lang='grc' dir='ltr'>ε</span> <span class='ocrx_word' id='word_1_124' title='bbox 800 1157 888 1192; x_wconf 87' lang='lat' dir='ltr'>inde</span> <span class='ocrx_word' id='word_1_125' title='bbox 909 1168 1020 1205; x_wconf 83' lang='lat' dir='ltr'>eques</span> <span class='ocrx_word' id='word_1_126' title='bbox 1047 1156 1180 1206; x_wconf 86' lang='lat' dir='ltr'>pedes-</span> 
     </span>
     <span class='ocr_line' id='line_1_18' title="bbox 68 1218 1181 1272; baseline -0.003 -14"><span class='ocrx_word' id='word_1_127' title='bbox 68 1218 141 1271; x_wconf 81' lang='lat' dir='ltr'>‘q11e</span> <span class='ocrx_word' id='word_1_128' title='bbox 170 1222 342 1258; x_wconf 81' lang='lat' dir='ltr'>certatim</span> <span class='ocrx_word' id='word_1_129' title='bbox 377 1222 495 1272; x_wconf 88' lang='lat' dir='ltr'>portis</span> <span class='ocrx_word' id='word_1_130' title='bbox 526 1234 648 1264; x_wconf 85' lang='lat' dir='ltr'>ruere,</span> <span class='ocrx_word' id='word_1_131' title='bbox 679 1234 722 1257; x_wconf 89' lang='lat' dir='ltr'>ac</span> <span class='ocrx_word' id='word_1_132' title='bbox 752 1220 868 1270; x_wconf 85' lang='lat' dir='ltr'>palati</span> <span class='ocrx_word' id='word_1_133' title='bbox 902 1232 969 1270; x_wconf 82' lang='lat' dir='ltr'>per</span> <span class='ocrx_word' id='word_1_134' title='bbox 1005 1230 1181 1270; x_wconf 89' lang='lat' dir='ltr'>campum</span> 
     </span>
     <span class='ocr_line' id='line_1_19' title="bbox 68 1284 1179 1337; baseline -0.002 -15"><span class='ocrx_word' id='word_1_135' title='bbox 68 1298 270 1337; x_wconf 79' lang='lat' dir='ltr'>properare</span> <span class='ocrx_word' id='word_1_136' title='bbox 290 1286 336 1322; x_wconf 85' lang='lat' dir='ltr'>ad</span> <span class='ocrx_word' id='word_1_137' title='bbox 353 1287 496 1323; x_wconf 86' lang='lat' dir='ltr'>hostes.</span> <span class='ocrx_word' id='word_1_138' title='bbox 543 1287 650 1326; x_wconf 88' lang='lat' dir='ltr'>Quos</span> <span class='ocrx_word' id='word_1_139' title='bbox 670 1285 735 1321; x_wconf 90' lang='lat' dir='ltr'>ubi</span> <span class='ocrx_word' id='word_1_140' title='bbox 755 1285 891 1321; x_wconf 85' lang='lat' dir='ltr'>effusos</span> <span class='ocrx_word' id='word_1_141' title='bbox 913 1284 1044 1321; x_wconf 90' lang='lat' dir='ltr'>consul</span> <span class='ocrx_word' id='word_1_142' title='bbox 1062 1284 1179 1327; x_wconf 88' lang='lat' dir='ltr'>videt,</span> 
     </span>
     <span class='ocr_line' id='line_1_20' title="bbox 66 1346 1179 1398; baseline -0.002 -13"><span class='ocrx_word' id='word_1_143' title='bbox 66 1346 224 1385; x_wconf 57' lang='lat' dir='ltr'>&#39;tribuno</span> <span class='ocrx_word' id='word_1_144' title='bbox 249 1349 412 1385; x_wconf 87' lang='lat' dir='ltr'>militum</span> <span class='ocrx_word' id='word_1_145' title='bbox 439 1349 560 1386; x_wconf 84' lang='lat' dir='ltr'>tertiae</span> <span class='ocrx_word' id='word_1_146' title='bbox 585 1349 746 1398; x_wconf 87' lang='lat' dir='ltr'>legionis</span> <span class='ocrx_word' id='word_1_147' title='bbox 768 1349 811 1385; x_wconf 90' lang='lat' dir='ltr'>C.</span> <span class='ocrx_word' id='word_1_148' title='bbox 828 1348 1088 1385; x_wconf 82' lang='lat' dir='ltr'>Aurunculeio</span> <span class='ocrx_word' id='word_1_149' title='bbox 1107 1348 1179 1384; x_wconf 85' lang='lat' dir='ltr'>im·</span> 
     </span>
    </p>
   </div>
   <div class='ocr_carea' id='block_1_4' title="bbox 67 1413 1180 1464">
    <p class='ocr_par' dir='ltr' id='par_1_7' title="bbox 67 1413 1180 1464">
     <span class='ocr_line' id='line_1_21' title="bbox 67 1413 1180 1464; baseline -0.002 -15"><span class='ocrx_word' id='word_1_150' title='bbox 67 1417 190 1464; x_wconf 76' lang='lat' dir='ltr'>&#39;pel-at,</span> <span class='ocrx_word' id='word_1_151' title='bbox 222 1421 263 1450; x_wconf 92' lang='lat' dir='ltr'>ut</span> <span class='ocrx_word' id='word_1_152' title='bbox 293 1415 435 1463; x_wconf 78' lang='lat' dir='ltr'>equites</span> <span class='ocrx_word' id='word_1_153' title='bbox 469 1413 644 1463; x_wconf 87' lang='lat' dir='ltr'>legionis,</span> <span class='ocrx_word' id='word_1_154' title='bbox 676 1420 818 1463; x_wconf 86' lang='lat' dir='ltr'>quanto</span> <span class='ocrx_word' id='word_1_155' title='bbox 847 1413 1014 1449; x_wconf 82' lang='lat' dir='ltr'>maximo</span> <span class='ocrx_word' id='word_1_156' title='bbox 1046 1413 1180 1461; x_wconf 85' lang='lat' dir='ltr'>inpetu</span> 
     </span>
    </p>
   </div>
   <div class='ocr_carea' id='block_1_5' title="bbox 7 1477 1179 1528">
    <p class='ocr_par' dir='ltr' id='par_1_8' title="bbox 7 1477 1179 1528">
     <span class='ocr_line' id='line_1_22' title="bbox 7 1477 1179 1528; baseline -0.002 -15"><span class='ocrx_word' id='word_1_157' title='bbox 7 1481 12 1485; x_wconf 80' lang='grc'><strong>”</strong></span> <span class='ocrx_word' id='word_1_158' title='bbox 67 1479 201 1528; x_wconf 75' lang='lat' dir='ltr'>possit,</span> <span class='ocrx_word' id='word_1_159' title='bbox 228 1479 265 1513; x_wconf 91' lang='lat' dir='ltr'>in</span> <span class='ocrx_word' id='word_1_160' title='bbox 295 1479 445 1514; x_wconf 79' lang='lat' dir='ltr'>hostem</span> <span class='ocrx_word' id='word_1_161' title='bbox 474 1480 646 1514; x_wconf 81' lang='lat' dir='ltr'>emittat:</span> <span class='ocrx_word' id='word_1_162' title='bbox 679 1480 734 1514; x_wconf 87' lang='lat' dir='ltr'>ita</span> <span class='ocrx_word' id='word_1_163' title='bbox 762 1490 942 1528; x_wconf 88' lang='lat' dir='ltr'>pecorum</span> <span class='ocrx_word' id='word_1_164' title='bbox 975 1477 1090 1512; x_wconf 90' lang='lat' dir='ltr'>modo</span> <span class='ocrx_word' id='word_1_165' title='bbox 1120 1477 1179 1512; x_wconf 91' lang='lat' dir='ltr'>in-</span> 
     </span>
    </p>
   </div>
   <div class='ocr_carea' id='block_1_6' title="bbox 70 1539 1179 1654">
    <p class='ocr_par' dir='ltr' id='par_1_9' title="bbox 70 1539 1179 1654">
     <span class='ocr_line' id='line_1_23' title="bbox 70 1539 1179 1592; baseline -0.001 -17"><span class='ocrx_word' id='word_1_166' title='bbox 70 1542 301 1591; x_wconf 86' lang='lat' dir='ltr'>compositos</span> <span class='ocrx_word' id='word_1_167' title='bbox 324 1549 406 1577; x_wconf 83' lang='lat' dir='ltr'>toto</span> <span class='ocrx_word' id='word_1_168' title='bbox 432 1543 570 1592; x_wconf 81' lang='lat' dir='ltr'>passim</span> <span class='ocrx_word' id='word_1_169' title='bbox 598 1554 733 1590; x_wconf 84' lang='lat' dir='ltr'>campo</span> <span class='ocrx_word' id='word_1_170' title='bbox 757 1554 795 1576; x_wconf 88' lang='lat' dir='ltr'>se</span> <span class='ocrx_word' id='word_1_171' title='bbox 814 1540 969 1583; x_wconf 81' lang='lat' dir='ltr'>fudisse,</span> <span class='ocrx_word' id='word_1_172' title='bbox 991 1546 1033 1576; x_wconf 90' lang='lat' dir='ltr'>ut</span> <span class='ocrx_word' id='word_1_173' title='bbox 1062 1539 1179 1575; x_wconf 79' lang='lat' dir='ltr'>sterni</span> 
     </span>
     <span class='ocr_line' id='line_1_24' title="bbox 70 1604 969 1654; baseline 0.001 -14"><span class='ocrx_word' id='word_1_174' title='bbox 70 1604 280 1653; x_wconf 81' lang='lat' dir='ltr'>obterique,</span> <span class='ocrx_word' id='word_1_175' title='bbox 301 1606 518 1654; x_wconf 84' lang='lat' dir='ltr'>priusquam</span> <span class='ocrx_word' id='word_1_176' title='bbox 540 1606 788 1648; x_wconf 82' lang='lat' dir='ltr'>instruantur,</span> <span class='ocrx_word' id='word_1_177' title='bbox 810 1605 969 1654; x_wconf 83' lang='lat' dir='ltr'>possint.</span> 
     </span>
    </p>
   </div>
   <div class='ocr_carea' id='block_1_7' title="bbox 72 1668 1345 1744">
    <p class='ocr_par' dir='ltr' id='par_1_10' title="bbox 72 1668 1345 1744">
     <span class='ocr_line' id='line_1_25' title="bbox 72 1668 1312 1719; baseline -0.002 -15"><span class='ocrx_word' id='word_1_178' title='bbox 72 1676 75 1678; x_wconf 86' lang='lat'>&#39;</span> <span class='ocrx_word' id='word_1_179' title='bbox 124 1668 255 1705; x_wconf 76' lang='lat' dir='ltr'>XLII.</span> <span class='ocrx_word' id='word_1_180' title='bbox 280 1669 462 1705; x_wconf 87' lang='lat' dir='ltr'>Nondum</span> <span class='ocrx_word' id='word_1_181' title='bbox 481 1668 677 1705; x_wconf 88' lang='lat' dir='ltr'>Hannibal</span> <span class='ocrx_word' id='word_1_182' title='bbox 697 1682 717 1704; x_wconf 90' lang='lat' dir='ltr'>e</span> <span class='ocrx_word' id='word_1_183' title='bbox 737 1670 868 1705; x_wconf 85' lang='lat' dir='ltr'>castris</span> <span class='ocrx_word' id='word_1_184' title='bbox 889 1669 1047 1711; x_wconf 82' lang='lat' dir='ltr'>exierat,</span> <span class='ocrx_word' id='word_1_185' title='bbox 1065 1681 1179 1717; x_wconf 90' lang='lat' dir='ltr'>quum</span> <span class='ocrx_word' id='word_1_186' title='bbox 1192 1670 1312 1719; x_wconf 33' lang='lat' dir='ltr'>Pugna·</span> 
     </span>
     <span class='ocr_line' id='line_1_26' title="bbox 1192 1719 1345 1744; baseline 0 0"><span class='ocrx_word' id='word_1_187' title='bbox 1192 1719 1345 1744; x_wconf 70' lang='lat' dir='ltr'>commit-</span> 
     </span>
    </p>
   </div>
   <div class='ocr_carea' id='block_1_8' title="bbox 71 1733 1281 1787">
    <p class='ocr_par' dir='ltr' id='par_1_11' title="bbox 71 1733 1281 1787">
     <span class='ocr_line' id='line_1_27' title="bbox 71 1733 1281 1787; baseline 0.002 -20"><span class='ocrx_word' id='word_1_188' title='bbox 71 1733 324 1782; x_wconf 82' lang='lat' dir='ltr'>puguantium</span> <span class='ocrx_word' id='word_1_189' title='bbox 348 1733 549 1769; x_wconf 82' lang='lat' dir='ltr'>clamorem</span> <span class='ocrx_word' id='word_1_190' title='bbox 582 1733 747 1769; x_wconf 85' lang='lat' dir='ltr'>audivit:</span> <span class='ocrx_word' id='word_1_191' title='bbox 780 1734 922 1782; x_wconf 79' lang='lat' dir='ltr'>itaque,</span> <span class='ocrx_word' id='word_1_192' title='bbox 943 1734 1088 1769; x_wconf 83' lang='lat' dir='ltr'>excitus</span> <span class='ocrx_word' id='word_1_193' title='bbox 1120 1740 1179 1769; x_wconf 86' lang='lat' dir='ltr'>tu-</span> <span class='ocrx_word' id='word_1_194' title='bbox 1194 1757 1281 1787; x_wconf 80' lang='lat' dir='ltr'>titur.</span> 
     </span>
    </p>
   </div>
   <div class='ocr_carea' id='block_1_9' title="bbox 70 1795 1186 2356">
    <p class='ocr_par' dir='ltr' id='par_1_12' title="bbox 70 1795 1186 2356">
     <span class='ocr_line' id='line_1_28' title="bbox 70 1795 1181 1847; baseline 0.003 -17"><span class='ocrx_word' id='word_1_195' title='bbox 70 1795 207 1838; x_wconf 80' lang='lat' dir='ltr'>multu,</span> <span class='ocrx_word' id='word_1_196' title='bbox 229 1797 365 1845; x_wconf 82' lang='lat' dir='ltr'>raptim</span> <span class='ocrx_word' id='word_1_197' title='bbox 387 1796 433 1832; x_wconf 83' lang='lat' dir='ltr'>ad</span> <span class='ocrx_word' id='word_1_198' title='bbox 458 1798 606 1832; x_wconf 78' lang='lat' dir='ltr'>hostem</span> <span class='ocrx_word' id='word_1_199' title='bbox 629 1797 755 1846; x_wconf 87' lang='lat' dir='ltr'>copias</span> <span class='ocrx_word' id='word_1_200' title='bbox 776 1797 867 1845; x_wconf 87' lang='lat' dir='ltr'>agit.</span> <span class='ocrx_word' id='word_1_201' title='bbox 924 1796 1011 1832; x_wconf 87' lang='lat' dir='ltr'>Jam</span> <span class='ocrx_word' id='word_1_202' title='bbox 1040 1797 1181 1847; x_wconf 83' lang='lat' dir='ltr'>primos</span> 
     </span>
     <span class='ocr_line' id='line_1_29' title="bbox 72 1861 1185 1910; baseline 0.001 -15"><span class='ocrx_word' id='word_1_203' title='bbox 72 1866 323 1909; x_wconf 82' lang='lat' dir='ltr'>occupaverat</span> <span class='ocrx_word' id='word_1_204' title='bbox 347 1866 519 1909; x_wconf 73' lang='lat' dir='ltr'>equester</span> <span class='ocrx_word' id='word_1_205' title='bbox 547 1867 692 1905; x_wconf 80' lang='lat' dir='ltr'>terr01·;</span> <span class='ocrx_word' id='word_1_206' title='bbox 725 1861 894 1909; x_wconf 83' lang='lat' dir='ltr'>peditum</span> <span class='ocrx_word' id='word_1_207' title='bbox 921 1861 1034 1896; x_wconf 79' lang='lat' dir='ltr'>etiam</span> <span class='ocrx_word' id='word_1_208' title='bbox 1063 1862 1185 1910; x_wconf 86' lang='lat' dir='ltr'>prima</span> 
     </span>
     <span class='ocr_line' id='line_1_30' title="bbox 71 1922 1185 1974; baseline 0.002 -16"><span class='ocrx_word' id='word_1_209' title='bbox 71 1922 172 1972; x_wconf 85' lang='lat' dir='ltr'>1egio</span> <span class='ocrx_word' id='word_1_210' title='bbox 203 1930 239 1958; x_wconf 90' lang='lat' dir='ltr'>et</span> <span class='ocrx_word' id='word_1_211' title='bbox 268 1924 401 1959; x_wconf 83' lang='lat' dir='ltr'>(lextra</span> <span class='ocrx_word' id='word_1_212' title='bbox 434 1924 493 1960; x_wconf 88' lang='lat' dir='ltr'>ala</span> <span class='ocrx_word' id='word_1_213' title='bbox 526 1924 701 1974; x_wconf 85' lang='lat' dir='ltr'>proelium</span> <span class='ocrx_word' id='word_1_214' title='bbox 735 1924 905 1960; x_wconf 88' lang='lat' dir='ltr'>inibant:</span> <span class='ocrx_word' id='word_1_215' title='bbox 940 1925 1185 1974; x_wconf 85' lang='lat' dir='ltr'>incompositi</span> 
     </span>
     <span class='ocr_line' id='line_1_31' title="bbox 71 1986 1184 2038; baseline 0.003 -17"><span class='ocrx_word' id='word_1_216' title='bbox 71 1986 215 2029; x_wconf 80' lang='lat' dir='ltr'>hostes,</span> <span class='ocrx_word' id='word_1_217' title='bbox 238 1994 279 2022; x_wconf 87' lang='lat' dir='ltr'>ut</span> <span class='ocrx_word' id='word_1_218' title='bbox 298 2001 483 2036; x_wconf 84' lang='lat' dir='ltr'>quemque</span> <span class='ocrx_word' id='word_1_219' title='bbox 514 1995 578 2024; x_wconf 88' lang='lat' dir='ltr'>aut</span> <span class='ocrx_word' id='word_1_220' title='bbox 598 1989 728 2038; x_wconf 81' lang='lat' dir='ltr'>pediti,</span> <span class='ocrx_word' id='word_1_221' title='bbox 750 1995 815 2024; x_wconf 83' lang='lat' dir='ltr'>aut</span> <span class='ocrx_word' id='word_1_222' title='bbox 843 1989 959 2037; x_wconf 89' lang='lat' dir='ltr'>equiti</span> <span class='ocrx_word' id='word_1_223' title='bbox 987 2001 1093 2024; x_wconf 88' lang='lat' dir='ltr'>casus</span> <span class='ocrx_word' id='word_1_224' title='bbox 1114 1989 1184 2025; x_wconf 90' lang='lat' dir='ltr'>ob-</span> 
     </span>
     <span class='ocr_line' id='line_1_32' title="bbox 73 2049 1184 2102; baseline 0.003 -17"><span class='ocrx_word' id='word_1_225' title='bbox 73 2049 174 2093; x_wconf 86' lang='lat' dir='ltr'>tulit,</span> <span class='ocrx_word' id='word_1_226' title='bbox 196 2051 248 2086; x_wconf 87' lang='lat' dir='ltr'>ita</span> <span class='ocrx_word' id='word_1_227' title='bbox 268 2059 472 2088; x_wconf 81' lang='lat' dir='ltr'>conserunt</span> <span class='ocrx_word' id='word_1_228' title='bbox 497 2065 628 2088; x_wconf 85' lang='lat' dir='ltr'>manus</span> <span class='ocrx_word' id='word_1_229' title='bbox 646 2067 652 2087; x_wconf 78' lang='lat'>2</span> <span class='ocrx_word' id='word_1_230' title='bbox 687 2053 820 2088; x_wconf 87' lang='lat' dir='ltr'>crescit</span> <span class='ocrx_word' id='word_1_231' title='bbox 840 2064 968 2102; x_wconf 75' lang='lat' dir='ltr'>pugna</span> <span class='ocrx_word' id='word_1_232' title='bbox 993 2052 1184 2095; x_wconf 84' lang='lat' dir='ltr'>subsidiis,</span> 
     </span>
     <span class='ocr_line' id='line_1_33' title="bbox 74 2116 1182 2163; baseline 0.002 -15"><span class='ocrx_word' id='word_1_233' title='bbox 74 2119 113 2149; x_wconf 84' lang='lat' dir='ltr'>ct</span> <span class='ocrx_word' id='word_1_234' title='bbox 148 2116 449 2162; x_wconf 78' lang='lat' dir='ltr'>procurrentium</span> <span class='ocrx_word' id='word_1_235' title='bbox 487 2116 533 2151; x_wconf 90' lang='lat' dir='ltr'>ad</span> <span class='ocrx_word' id='word_1_236' title='bbox 568 2122 756 2151; x_wconf 84' lang='lat' dir='ltr'>certarnen</span> <span class='ocrx_word' id='word_1_237' title='bbox 804 2128 962 2151; x_wconf 87' lang='lat' dir='ltr'>numero</span> <span class='ocrx_word' id='word_1_238' title='bbox 999 2122 1182 2163; x_wconf 74' lang='lat' dir='ltr'>augetur3</span> 
     </span>
     <span class='ocr_line' id='line_1_34' title="bbox 75 2179 1186 2228; baseline 0.003 -17"><span class='ocrx_word' id='word_1_239' title='bbox 75 2184 363 2226; x_wconf 85' lang='lat' dir='ltr'>pugnantesque</span> <span class='ocrx_word' id='word_1_240' title='bbox 386 2179 505 2228; x_wconf 89' lang='lat' dir='ltr'>(quod</span> <span class='ocrx_word' id='word_1_241' title='bbox 531 2180 604 2214; x_wconf 53' lang='lat' dir='ltr'>nisi</span> <span class='ocrx_word' id='word_1_242' title='bbox 632 2180 669 2214; x_wconf 90' lang='lat' dir='ltr'>in</span> <span class='ocrx_word' id='word_1_243' title='bbox 692 2186 814 2214; x_wconf 84' lang='lat' dir='ltr'>vetere</span> <span class='ocrx_word' id='word_1_244' title='bbox 841 2179 1022 2221; x_wconf 80' lang='lat' dir='ltr'>exercitu,</span> <span class='ocrx_word' id='word_1_245' title='bbox 1044 2186 1081 2214; x_wconf 86' lang='lat' dir='ltr'>et</span> <span class='ocrx_word' id='word_1_246' title='bbox 1100 2179 1186 2215; x_wconf 89' lang='lat' dir='ltr'>duci</span> 
     </span>
     <span class='ocr_line' id='line_1_35' title="bbox 76 2241 1183 2287; baseline 0.004 -13"><span class='ocrx_word' id='word_1_247' title='bbox 76 2241 192 2276; x_wconf 83' lang='lat' dir='ltr'>veteri</span> <span class='ocrx_word' id='word_1_248' title='bbox 223 2241 322 2277; x_wconf 84' lang='lat' dir='ltr'>haud</span> <span class='ocrx_word' id='word_1_249' title='bbox 344 2242 454 2278; x_wconf 84' lang='lat' dir='ltr'>facile</span> <span class='ocrx_word' id='word_1_250' title='bbox 478 2244 550 2287; x_wconf 88' lang='lat' dir='ltr'>est)</span> <span class='ocrx_word' id='word_1_251' title='bbox 576 2243 673 2278; x_wconf 86' lang='lat' dir='ltr'>inter</span> <span class='ocrx_word' id='word_1_252' title='bbox 702 2242 907 2278; x_wconf 83' lang='lat' dir='ltr'>tumultum</span> <span class='ocrx_word' id='word_1_253' title='bbox 934 2256 977 2279; x_wconf 83' lang='lat' dir='ltr'>ac</span> <span class='ocrx_word' id='word_1_254' title='bbox 1002 2248 1183 2278; x_wconf 84' lang='lat' dir='ltr'>terrorem</span> 
     </span>
     <span class='ocr_line' id='line_1_36' title="bbox 77 2302 1184 2356; baseline 0.003 -19"><span class='ocrx_word' id='word_1_255' title='bbox 77 2302 317 2340; x_wconf 48' lang='lat' dir='ltr'>instruxisset</span> <span class='ocrx_word' id='word_1_256' title='bbox 344 2305 553 2349; x_wconf 81' lang='lat' dir='ltr'>Hannibal,</span> <span class='ocrx_word' id='word_1_257' title='bbox 585 2306 624 2342; x_wconf 86' lang='lat' dir='ltr'>ni</span> <span class='ocrx_word' id='word_1_258' title='bbox 655 2306 870 2343; x_wconf 85' lang='lat' dir='ltr'>cohortium</span> <span class='ocrx_word' id='word_1_259' title='bbox 901 2319 944 2342; x_wconf 81' lang='lat' dir='ltr'>ac</span> <span class='ocrx_word' id='word_1_260' title='bbox 973 2305 1184 2356; x_wconf 78' lang='lat' dir='ltr'>manipulo-</span> 
     </span>
    </p>
   </div>
  </div>
 </body>
</html>
