1523 2666
158 281 249 312 U.C.
265 289 336 314 556.

154 326 194 355 Α.
209 325 246 355 C.
268 333 337 359 196.

153 597 329 630 Occiditur.

350 190 435 229 410
817 188 865 216 T.
902 189 1032 219 mvn

350 278 459 321 baut,
480 276 613 314 tollere
630 276 886 328 Brachyllam‚
909 281 1118 332 principem
1138 281 1329 320 fautorum
1348 285 1462 335 regis,

351 349 588 379 statuerunt:
621 349 659 379 et
677 349 847 394 tempore
868 345 914 381 ad
934 358 1016 381 eam
1038 359 1116 382 rem
1137 353 1264 396 capt0,
1288 361 1403 397 quum
1421 350 1462 386 in

349 406 504 456 publico
537 406 709 456 epulatus
743 414 994 445 reverteretur
1031 410 1185 446 domum
1217 411 1461 456 temulentus,

350 470 665 520 prosequentibus
694 470 871 507 mollibus
903 473 1004 516 viris,
1025 473 1090 522 qui
1114 472 1196 523 joci
1219 487 1352 512 caussa
1370 488 1463 512 con-

349 535 450 571 vivio
471 534 609 570 celebri
634 534 905 580 interfuerant3
938 536 985 572 ab
1017 550 1083 574 sex
1110 539 1279 581 armatis,
1303 552 1464 588 quorum

350 605 425 635 tres
446 598 586 640 Italici,
606 604 683 634 tres
704 597 866 634 AEtolici
886 606 1008 643 erant,
1029 601 1306 638 circumventus
1323 604 1465 640 occidi-

348 670 422 700 tur.
480 662 588 711 Fuga
608 663 790 699 comitum
812 671 848 699 et
869 665 1066 713 quiritatio
1086 665 1202 708 facta,
1224 672 1262 702 et
1277 667 1462 704 tumultus

347 735 432 765 tota
459 728 550 764 urbe
582 729 873 765 discurrentium
898 742 982 765 cum
1002 729 1232 766 luminibus:
1265 743 1464 781 percusso-

347 806 406 830 res
436 794 610 844 proxima
640 799 752 843 porta
778 800 989 830 evaserunt.
1046 794 1152 831 Luce
1179 795 1302 845 prima
1328 797 1465 834 concio

345 858 539 906 frequens,
559 856 663 894 velut
682 863 856 893 exstante
883 858 1038 901 indicio,
1060 858 1107 894 ad
1128 871 1258 895 vocem
1278 861 1463 909 praeconis

347 930 559 960 convocata
578 924 618 959 in
638 924 789 959 theatro
809 930 901 960 erat.
958 923 1087 960 Palam
1116 925 1163 961 ab
1184 937 1253 961 suo
1277 927 1464 963 comitatu

348 995 387 1024 et
406 988 596 1025 obscoenis
626 987 699 1023 illis
725 989 812 1023 viris
839 988 1053 1025 fremebant
1082 989 1347 1026 interfectum:
1380 991 1463 1026 ani-

347 1053 418 1088 mis
439 1058 565 1088 autem
585 1052 825 1101 Zeuxippum
852 1058 1047 1088 auctorem
1076 1052 1319 1089 destinabant
1339 1055 1465 1092 caedis.

349 1116 396 1152 In
426 1117 628 1166 praesentia
660 1115 803 1166 placuit
836 1117 1106 1166 comprehendi
1143 1129 1221 1160 eos,
1257 1117 1320 1166 qui
1354 1117 1467 1154 simul

347 1184 524 1225 fuissent,
558 1183 882 1231 quaestionemque
916 1195 962 1218 ex
995 1182 1052 1217 his
1087 1181 1242 1218 haberi:
1280 1183 1343 1231 qui
1377 1183 1467 1220 dum

350 1254 583 1297 quaeruntur,
617 1247 851 1296 Zeuxippus,
887 1246 1077 1282 consimili
1109 1248 1238 1283 animo
1272 1247 1467 1283 avertendi

350 1313 397 1349 ab
412 1325 451 1349 se
466 1312 632 1348 criminis
651 1324 783 1346 caussa
798 1311 835 1346 in
853 1311 1075 1346 concionem
1089 1323 1326 1360 progressus,
1341 1324 1466 1348 errare

349 1379 402 1414 ait
422 1377 610 1418 homines,
636 1376 699 1424 qui
727 1382 805 1410 tam
835 1381 1002 1410 atrocem
1032 1375 1172 1410 caedem
1200 1376 1389 1425 pertinere
1418 1375 1467 1412 ad

351 1442 434 1478 illos
456 1442 650 1477 semiviros
672 1441 886 1485 crederent3
919 1439 1113 1489 multaque
1141 1440 1181 1475 in
1208 1452 1291 1476 eam
1320 1446 1467 1490 partem

348 1505 599 1556 probabiliter
620 1511 920 1554 argumentatus,
943 1504 1078 1553 quibus
1100 1505 1211 1540 fidem
1231 1506 1331 1555 apud
1351 1517 1466 1554 quos-

349 1572 436 1607 dam
454 1570 557 1613 fecit,
578 1582 798 1618 numquam,
817 1570 847 1604 si
868 1569 1041 1604 conscius
1059 1574 1170 1611 esset,
1192 1568 1411 1605 oblaturum
1427 1581 1466 1606 se

348 1634 600 1676 multitudini,
630 1634 909 1670 mentionemve
939 1633 1065 1675 caedis,
1100 1633 1206 1669 nullo
1238 1633 1463 1677 lacessente,

349 1701 539 1736 facturum
566 1699 693 1735 fuisse.
750 1698 827 1734 Alii
854 1711 932 1733 non
959 1697 1146 1739 dubitare,
1168 1697 1319 1734 obviam
1339 1698 1464 1734 eundo

351 1764 577 1814 inpudenter
597 1764 763 1799 criminis
785 1763 1038 1812 suspicionem
1059 1763 1190 1799 averti.
1247 1763 1358 1798 Torti
1377 1768 1466 1812 post

350 1829 479 1880 paullo
506 1830 690 1871 insontes,
721 1841 837 1876 quum
867 1828 1007 1863 scirent
1036 1827 1108 1877 ipsi
1136 1827 1357 1877 opinionem
1383 1840 1467 1863 om-

350 1895 470 1935 nium,
492 1906 536 1929 ea
560 1906 628 1942 pro
648 1892 790 1928 indicio
810 1893 881 1934 usi,
904 1891 1144 1941 Zeuxippum
1165 1898 1202 1927 et
1224 1892 1464 1928 Pisistratum

349 1958 662 1994 nominaverunt:
695 1955 801 1991 nullo
835 1954 999 2004 adjecto,
1035 1968 1101 1990 cur
1134 1955 1229 1990 scire
1261 1955 1465 2003 quidquam

350 2023 579 2064 viderentur,
601 2026 838 2069 argumento.
869 2020 1088 2068 Zeuxippus
1106 2026 1232 2055 tamen
1253 2032 1338 2055 cum
1359 2020 1464 2056 Stra-

352 2087 483 2123 tonida
503 2086 666 2134 quodam
685 2092 798 2120 nocte
819 2084 986 2134 perfugit
1005 2083 1237 2131 Tanagram,
1256 2096 1361 2119 suam
1381 2096 1463 2119 ma-

351 2152 407 2200 gis
435 2149 721 2191 conscientiam,
743 2160 855 2197 quam
883 2148 1062 2184 iudicium
1092 2148 1291 2183 hominum
1322 2146 1462 2183 nullius

348 2217 402 2253 rei
423 2216 675 2258 consciorum,
696 2220 880 2251 metuens.
937 2214 1172 2256 Pisistratus,
1204 2214 1340 2263 spretis
1364 2213 1464 2249 indi-
1514 2258 1518 2259 ⁷

346 2281 468 2323 cibus,
488 2269 631 2315 Thebis
651 2279 802 2315 mansit.
846 2279 982 2314 Servus
1004 2283 1085 2314 erat
1105 2277 1322 2328 Zeuxippo,
1344 2277 1461 2313 totius
1518 2267 1520 2275 '

347 2343 605 2381 ‘internuncius
627 2348 664 2380 et
684 2342 856 2380 minister
875 2343 951 2388 rei3
976 2353 1088 2392 quem
1103 2341 1266 2378 indicem
1282 2340 1460 2378 Pisistra=
1516 2359 1517 2374 2
