1523 2666
96 277 184 307 U.C.
201 286 273 310 554.

93 322 132 351 A.
146 320 182 352 C.
201 329 272 356 198.

84 1387 174 1418 Irrito

83 1439 213 1462 eventu.

285 184 368 229 342
744 188 788 216 T.
814 189 948 218 mvn

286 274 565 325 postulatorum
596 277 760 313 consulis
792 284 885 321 erat,
908 277 1081 329 praesidia
1110 291 1156 316 ex
1186 279 1401 318 civitatibus

285 353 352 377 rex
381 340 605 377 deduceret:
638 342 698 385 iis,
721 355 881 391 quorum
901 356 1013 392 agros
1038 343 1224 394 urbesque
1242 344 1403 395 popula-

284 411 345 441 tus
366 412 478 448 esset,
498 407 669 443 redderet
689 420 761 451 res,
783 421 865 456 quae
886 416 1167 458 comparerent:
1191 416 1403 446 ceterorum

286 483 393 519 aequo
414 471 573 506 arbitrio
594 472 795 508 aestimatio
817 472 933 511 fieret.
981 473 1180 525 Philippus
1201 475 1314 510 aliam
1332 475 1404 511 ali-

284 548 389 571 arum
423 538 624 572 civitatium
661 538 897 574 conditionem
933 550 1003 575 esse
1038 539 1247 589 respondit.
1306 540 1406 581 Quas

284 602 358 648 ipse
377 603 535 648 cepisset,
557 614 616 637 eas
637 602 880 638 liberaturum.
931 604 1018 645 Quae
1034 605 1100 640 sibi
1119 605 1265 641 tradita>
1282 617 1306 640 α
1323 617 1404 641 ma-

273 663 414 710 joribus
438 671 565 708 essent,
587 679 711 703 earum
738 667 970 704 haereditaria
999 681 1041 705 ac
1060 667 1165 715 justa
1191 672 1405 717 possessione

279 742 350 766 non
367 743 587 767 excessurum
603 748 615 767 .·
642 733 671 767 si
691 744 778 780 quas
797 738 1027 780 quererentur
1046 733 1128 769 belli
1147 734 1267 769 clades
1285 745 1334 770 ece
1353 735 1404 770 ci-

280 796 421 837 vitates,
444 808 523 831 cum
550 795 673 843 quibus
698 796 869 832 bellatum
888 796 1018 846 soret5
1047 797 1210 840 arbitrio,
1232 809 1302 845 quo
1329 800 1404 835 vel-

281 860 367 903 lent,
393 862 625 908 populorum,
654 873 732 897 cum
763 862 885 909 quibus
912 875 986 910 pax
1014 865 1171 912 utrisque
1187 863 1338 913 fuisset,
1367 877 1405 901 se

279 937 438 962 usurum.
496 925 654 968 Consul,
677 926 783 962 Nihil
801 929 850 963 ad
871 929 909 964 id
934 929 1075 976 quidem
1094 929 1228 964 arbitro
1253 935 1317 966 aut
1335 927 1402 976 ju·-

280 991 355 1026 dice
375 1002 462 1038 opus
481 1003 564 1033 esse,
586 990 722 1027 dicere.
782 991 848 1027 Cui
869 994 959 1028 enim
980 1005 1050 1028 non
1070 993 1261 1041 adparere,
1283 994 1326 1029 ab
1345 1006 1400 1037 eo,

279 1056 338 1103 qui
355 1057 459 1103 prior
477 1069 580 1092 arma
600 1057 789 1098 intulisset,
811 1055 981 1103 injuriam
1003 1063 1120 1094 ortam
1134 1059 1155 1093 ,9
1172 1070 1235 1094 nec
1254 1059 1400 1107 Philip-

276 1132 361 1167 pum
384 1120 426 1155 ab
448 1121 530 1156 ullis
547 1120 637 1156 bello
657 1122 870 1163 lacessitum,
888 1123 1002 1170 ipsum
1018 1123 1177 1169 priorem
1195 1123 1266 1158 vim
1286 1124 1401 1158 omni-

279 1183 490 1231 busfecisse.
549 1183 642 1220 Inde
663 1198 778 1233 quum
798 1192 987 1233 ageretur,
1009 1198 1091 1234 quae
1113 1186 1284 1222 civitates
1304 1185 1400 1222 libe-

278 1248 404 1283 randae
425 1254 565 1290 essent,
586 1247 791 1284 Thessalos
815 1249 957 1298 primos
987 1250 1157 1284 omnium
1186 1250 1400 1286 nominavit

277 1311 434 1348 consul:
467 1313 513 1348 ad
544 1313 582 1349 id
601 1326 690 1349 vero
717 1313 812 1349 adeo
841 1325 1020 1349 accensus
1050 1313 1314 1361 indignatione
1343 1320 1400 1350 est

277 1389 358 1420 rex,
381 1385 421 1414 ut
452 1377 694 1421 exclamaret,
717 1380 804 1428 quid
832 1381 926 1414 victo
951 1379 1099 1426 gravius
1126 1380 1331 1427 imperares,
1358 1381 1398 1416 T.

280 1442 426 1484 Quincti
440 1446 460 1480 ‚9
496 1450 609 1493 atque
643 1444 697 1479 ita
729 1456 768 1479 se
799 1456 845 1479 ex
879 1443 1084 1492 conloquio
1117 1444 1328 1494 proripuit:
1361 1450 1400 1480 et

277 1514 529 1557 temperatum
551 1521 650 1557 aegre
677 1514 748 1551 est,
769 1508 860 1556 quin
889 1507 1108 1550 missilibus,
1130 1507 1218 1556 quia
1247 1507 1398 1544 diremti

276 1573 401 1609 medio
429 1574 531 1610 amni
560 1573 725 1615 fuerant,
747 1585 914 1622 pugnam
944 1573 1043 1608 inter
1071 1584 1111 1607 se
1141 1579 1396 1609 consererent.

275 1636 436 1673 Postero
457 1638 516 1674 die
536 1650 603 1687 per
623 1637 863 1673 excursiones
885 1636 932 1672 ab
956 1634 1185 1671 stationibus
1206 1636 1328 1685 primo
1357 1637 1397 1672 in

274 1700 447 1751 planitie,
476 1702 566 1737 satis
598 1701 645 1737 ad
674 1700 710 1736 id
740 1700 900 1752 patenti,
923 1699 1043 1735 multa
1070 1699 1169 1735 levia
1197 1700 1399 1736 commissa

274 1767 409 1817 proelia
429 1775 540 1804 sunt:
575 1767 709 1803 deinde
730 1765 999 1816 recipientibus
1035 1778 1074 1801 se
1104 1765 1216 1814 regiis
1246 1766 1285 1801 in
1315 1772 1396 1802 arta

275 1837 312 1867 et
332 1832 561 1880 confragosa
592 1832 691 1874 loca,
713 1831 893 1867 aviditate
923 1831 1071 1866 accensi
1102 1830 1318 1866 certaminis
1349 1843 1395 1866 eo

273 1909 424 1946 quoque
449 1896 618 1933 Romani
648 1902 905 1947 penetravere.
963 1894 1038 1930 Pro
1058 1895 1115 1930 his
1137 1895 1245 1937 ordo,
1267 1901 1305 1930 et
1324 1895 1394 1930 mi-

271 1960 391 1997 litaris
420 1961 632 2011 disciplina,
655 1968 693 1997 et
712 1972 830 2009 genus
852 1972 1044 1996 armorum
1064 1966 1158 2002 erat,
1181 1965 1312 2008 aptum
1334 1972 1395 1994 ur-

273 2026 403 2075 gendis
426 2027 538 2075 regiis
555 2041 562 2062 :
595 2039 665 2077 pro
684 2025 795 2061 hoste
815 2024 914 2066 loca,
936 2030 973 2060 et
993 2023 1194 2074 catapultae
1214 2022 1394 2059 ballistae-

272 2102 358 2140 que,
381 2091 418 2125 in
440 2090 616 2126 omnibus
637 2102 755 2141 prope
775 2088 945 2138 rupibus,
967 2088 1072 2136 quasi
1102 2088 1139 2123 in
1167 2087 1298 2130 muris,
1319 2087 1396 2123 dis-

270 2154 418 2204 positae.
456 2153 591 2190 Multis
613 2154 701 2190 hinc
723 2161 835 2202 atque
856 2151 958 2188 illinc
977 2151 1194 2187 vulneribus
1215 2151 1394 2201 acceptis,

270 2230 387 2267 quum
413 2219 543 2262 etiam,
566 2224 605 2254 ut
626 2219 664 2254 in
686 2217 822 2267 proelio
845 2216 968 2268 justo,
990 2216 1136 2266 aliquot
1156 2215 1393 2255 cecidissent,

269 2294 348 2319 nox
367 2296 505 2333 pugnae
526 2283 640 2320 finem
660 2283 764 2320 fecit.

323 2347 397 2385 XI.
427 2349 555 2388 Quum
573 2348 612 2386 in
630 2349 705 2385 hoc
725 2354 827 2384 statu
848 2359 905 2383 res
927 2352 1039 2390 esset,
1061 2351 1193 2396 pastor
1221 2344 1389 2393 quidam,
