1523 2666
91 274 132 302 U-

92 318 127 345 A.

147 273 183 303 C.

144 317 179 346 C.

198 280 215 346 ²:20⁷

284 174 367 213 224
739 172 783 199 T.
811 171 942 198 mvn

226 264 421 313 (raptim
448 275 515 312 pro
543 269 714 311 tem-pore
741 262 946 303 instructis,
982 259 1084 296 mille
1112 259 1230 297 ferme
1263 261 1400 299 delecti

264 334 584 377 ‘propugnatores
605 326 786 361 onerariis
809 327 1066 374 inponuntur:
1098 324 1261 361 telorum
1277 326 1396 364 max-i-

283 405 343 428 nre
374 391 585 432 missilium,
617 397 672 431 ut,
704 389 871 437 quamvis
899 388 1016 437 longo
1037 389 1255 432 certamine,
1282 389 1399 425 subfi-

285 462 427 497 cereut,
449 456 503 489 vis
524 456 656 502 ingens
678 454 908 500 congeritur.
964 453 1026 488 Ita
1049 453 1170 502 parati
1199 458 1312 501 atque
1340 453 1400 488 in-

284 521 382 556 tenti
402 519 570 554 hostium
601 517 804 552 adventum
824 516 1132 565 obperiebantur.
1189 517 1400 565 Karthagi-

283 584 448 624 nienses,
478 582 555 629 qui,
583 581 611 615 si
642 587 908 622 maturassent,
931 581 1059 616 omnia
1086 581 1274 630 permixta
1291 580 1404 616 turba

283 647 554 697 trepidantium
592 645 714 694 primo
748 645 879 693 inpetu
910 643 1200 694 obpressissent,
1238 644 1401 694 perculsi

283 709 523 746 terrestribus
546 707 728 749 cladibus,
749 713 860 755 atquc
894 707 980 742 inde
1000 720 1047 743 ne
1067 709 1107 743 in
1126 708 1219 744 mari
1239 708 1403 756 quidem,

283 774 349 809 ubi
369 774 440 823 ipsi
461 772 543 822 pius
563 778 756 820 poterant,
779 771 869 806 satis
890 770 1062 812 fidentes,
1083 771 1141 806 die
1172 771 1277 819 segni
1296 771 1405 807 navi·

261 834 268 836 '⁷
283 839 440 887 gatione
461 837 650 878 absumto,
669 835 736 871 sub
754 847 930 871 occasum
947 835 1035 871 solis
1053 836 1092 871 in
1111 842 1264 885 portum
1282 834 1402 883 (Rus-

286 903 424 938 cinona
454 900 539 936 Afri
571 900 728 946 vocant)
765 899 883 935 classe
918 898 1118 950 adpulere:
1151 905 1304 949 postero
1341 899 1401 935 die

286 967 354 1002 sub
377 973 503 1002 ortum
533 965 622 1001 solis
654 965 865 1000 instruxere
895 964 940 1000 ab
969 963 1046 999 alto
1076 976 1205 1006 naves,
1225 962 1327 999 velut
1356 963 1404 1000 ad

279 1030 429 1080 justum
449 1030 624 1080 proelium
644 1028 791 1071 navale,
813 1035 851 1064 et
870 1035 1063 1076 tamquam
1090 1028 1244 1063 exituris
1266 1034 1401 1063 contra

284 1095 485 1131 Romanis.
543 1094 669 1132 Quum
708 1093 770 1127 <1¹11
818 1093 1025 1134 stetissent,
1064 1098 1265 1141 postquam
1304 1090 1402 1126 nihil

285 1159 430 1195 moveri
458 1158 503 1194 ab
530 1157 705 1193 hostibus
735 1157 922 1198 viderunt,
944 1167 1023 1192 tum
1045 1157 1193 1191 deinum
1213 1155 1402 1191 onerarias

287 1223 567 1271 adgrediuntur.
624 1221 719 1257 Erat
739 1233 795 1256 res
816 1222 969 1256 minime
991 1221 1186 1256 certamini
1206 1219 1329 1256 navali
1353 1219 1404 1254 si-

286 1287 399 1330 milis,
433 1287 605 1337 proxime
639 1287 803 1335 speciem
836 1298 962 1321 muros
997 1285 1300 1334 obpugnantium
1333 1296 1402 1319 na·-

287 1352 412 1388 vium:
446 1350 645 1386 altitudine
675 1349 910 1398 aliquantum
938 1349 1118 1385 onerariae
1149 1348 1403 1398 superabant:

287 1429 335 1452 ex
371 1415 543 1451 rostratis
581 1414 693 1450 Poeni
728 1427 824 1449 vana
863 1413 1040 1463 pleraque
1080 1414 1230 1462 (utpote
1267 1412 1405 1462 supino

279 1479 409 1530 jactu)
432 1478 508 1515 tela
527 1479 565 1514 in
586 1479 818 1528 superiorem
837 1477 964 1513 locum
993 1476 1220 1512 mittebant:
1252 1475 1403 1524 gravior

287 1556 331 1579 ac
350 1542 518 1592 pondere
544 1543 627 1591 ipso
648 1540 821 1576 libratior
850 1552 1010 1590 superne
1031 1552 1077 1576 ex
1096 1539 1276 1576 onerariis
1306 1539 1403 1574 ictus

288 1613 381 1643 erat.
429 1605 698 1655 Speculatoriae
719 1617 832 1640 naves
854 1617 897 1640 ac
917 1603 1013 1639 levia
1032 1604 1114 1653 ipsa
1133 1603 1298 1651 navigia,
1320 1615 1402 1651 quae

287 1670 357 1707 sub
388 1669 589 1705 constratis
620 1668 792 1717 pontium
825 1680 891 1717 per
920 1666 1119 1702 intervalla
1138 1665 1402 1707 excurrebant,

287 1735 411 1784 primo
432 1734 514 1782 ipso
533 1738 683 1767 tantum
713 1732 844 1780 inpetu
866 1743 909 1766 ac
929 1730 1191 1778 magnitudine
1219 1734 1402 1765 rostrata-

289 1811 371 1834 rum
398 1796 679 1833 obruebantur:
713 1795 845 1831 deinde
873 1802 911 1830 et
939 1793 1286 1844 propugnatoribus
1310 1805 1404 1842 quo-

286 1875 359 1911 que
388 1861 637 1897 incommodae
672 1867 802 1904 erant,
837 1859 936 1907 quod
970 1860 1167 1908 permixtae
1197 1871 1282 1894 cum
1315 1857 1404 1892 hos-

286 1928 383 1962 tium
404 1925 564 1961 navibus
592 1924 764 1960 inhibere
783 1936 881 1973 saepe
901 1923 978 1958 tela
994 1922 1206 1971 cogebant3
1237 1928 1341 1957 metu
1360 1933 1408 1956 ne

289 1990 468 2038 ambiguo
490 1990 567 2025 ictu
586 1990 661 2024 suis
683 1988 894 2023 inciderent
913 2002 920 2023 ι
953 1993 1147 2038 postremo
1167 1998 1309 2023 asseres
1329 1985 1403 2021 fer-

288 2067 353 2090 reo
389 2067 487 2090 unco
521 2053 665 2104 praefixi
702 2053 957 2101 (harpagones
989 2052 1146 2098 vocant)
1176 2063 1224 2087 ex
1251 2049 1405 2085 Punicis

289 2119 448 2157 navibus
479 2118 584 2170 injici
605 2119 643 2154 in
666 2117 861 2154 Romanas
882 2116 1012 2165 coepti.
1069 2115 1176 2154 Quos
1197 2126 1312 2163 quum
1341 2124 1408 2148 ne-

289 2197 361 2233 que
391 2184 509 2233 ipsos,
541 2195 664 2231 neque
695 2188 863 2223 catenas,
892 2179 1027 2229 quibus
1061 2178 1232 2228 suspensi
1263 2176 1410 2226 injicie-

287 2248 441 2289 bantur,
464 2246 629 2282 incidere
658 2251 839 2295 possent,
873 2250 915 2278 ut
937 2255 1094 2291 quaeque
1122 2248 1225 2277 retro
1245 2239 1411 2276 inhibita

289 2320 453 2351 rostrata
482 2313 693 2349 onerariam
722 2313 930 2348 haerentcm
960 2322 1058 2346 unco
1086 2309 1266 2352 traheret,
1288 2306 1412 2344 scindi
