1507 2656
341 168 493 197 LIBER
522 165 700 194 XXXIV.
732 164 838 193 CAl’.
861 164 945 192 XX·
1111 164 1194 209 455

81 259 214 296 deinde
234 259 378 301 audito,
401 257 592 306 Seguntiae
613 254 847 291 Celtiberum
869 266 1001 290 omnes
1028 255 1193 291 sarcinas
1209 259 1251 288 U.
1264 257 1300 288 C.
1316 264 1390 294 557.

82 325 413 374 inpedimcntaque
449 321 595 364 relicta,
631 333 675 357 eo
714 320 839 370 pergit
872 319 1007 355 ducere
1040 320 1087 356 ad
1125 319 1193 356 ob-
1207 302 1389 334 A'C‘¹⁹⁵’

83 389 339 439 pugnandum.
395 386 605 435 Postquam
633 383 738 421 nulla
766 389 967 419 moventur
989 396 1042 427 re,
1063 397 1193 434 perso-

83 451 164 488 luto
194 451 397 502 stipendio,
418 463 496 485 non
526 450 602 485 suis
632 448 762 491 modo,
785 447 849 483 sed
877 448 992 483 etiam
1021 450 1193 497 praetoris

81 516 279 558 militibus,
300 515 508 564 relictoque
535 514 640 550 omni
669 513 838 550 exercitu
866 512 906 547 in
935 513 1067 548 castris
1098 526 1195 562 prae-

1 576 2 612 l
83 581 204 623 toriiS,
227 581 308 630 ipse
336 592 422 615 cum
451 585 596 630 septem
625 575 846 614 cohortibus
877 576 924 613 ad
953 576 1108 613 Iberum
1137 584 1198 614 est

1 649 2 697 i
81 654 286 694 regressus.

133 708 228 746 XX.
257 709 314 746 Ea
335 715 412 745 tam
433 709 570 758 exigua
593 719 708 744 manu
727 706 868 756 oppida
890 705 1037 755 aliquot
1066 707 1190 757 cepit:

80 773 250 811 defecere
286 774 333 810 ad
368 786 454 810 eum
496 773 688 815 Sedetani,
723 771 923 814 Ausetani,
962 771 1193 810 Suessetani.

78 838 309 882 Lacetanos,
330 839 476 875 deviam
500 844 538 875 et
560 838 770 874 silvestrem
799 842 966 886 gentem,
988 849 1104 886 quum
1133 838 1193 874 in-

2 905 3 950 }
80 904 154 940 sita
185 904 314 940 feritas
346 904 568 940 continebat
600 904 639 939 in
669 903 797 945 armis,
827 908 908 938 tum
942 902 1191 945 conscientia,

80 968 169 1003 dum
188 967 321 1004 consul
341 969 603 1018 exercitusque
622 967 793 1004 Turdulo
813 966 913 1003 bello
941 973 997 1003 est
1026 980 1193 1018 occupa-

79 1037 154 1074 tus,
176 1030 491 1081 depopulatorum
512 1031 645 1067 subitis
676 1031 956 1067 incursionibus
987 1032 1192 1070 sociorum.

78 1095 202 1144 Igitur
221 1095 267 1132 ad
287 1096 468 1145 oppidum
488 1108 618 1131 eorum
647 1095 944 1145 obpugnandum
966 1095 1099 1131 consul
1119 1096 1188 1132 du-

80 1160 146 1204 cit,
168 1173 246 1196 non
274 1159 469 1197 Romanas
500 1160 613 1197 modo
643 1161 834 1203 cohortes,
860 1160 925 1196 sed
946 1158 1192 1210 juventutem

81 1225 195 1261 etiam
223 1226 359 1261 merito
391 1225 624 1261 infensorum
654 1226 699 1261 iis
738 1225 940 1262 sociorum.
1000 1224 1195 1275 Oppidum

83 1288 255 1337 longum,
287 1290 327 1325 in
362 1289 603 1325 latitudinem
633 1290 923 1338 haudquaquam
956 1290 1194 1326 tantumdem

80 1359 229 1403 patens,
250 1353 443 1390 habebant
461 1369 468 1390 :
498 1354 796 1403 quadringentos
817 1353 904 1389 inde
923 1352 1041 1389 ferme
1061 1366 1192 1403 passus

81 1418 281 1453 constituit
300 1417 419 1466 signa.
478 1417 538 1453 Ibi
558 1417 786 1454 delectarum
812 1417 1028 1453 cohortium
1058 1418 1194 1453 statio-

82 1494 168 1517 nem
187 1480 417 1531 relinquens,
438 1483 620 1532 praecepit
639 1483 706 1525 eis,
728 1495 775 1517 ne
795 1494 834 1517 se
854 1495 900 1517 ex
920 1494 964 1517 eo
990 1481 1077 1517 loco
1105 1489 1194 1518 ante

79 1553 289 1590 moverent,
310 1559 423 1596 quam
452 1547 532 1597 ipse
561 1547 608 1583 ad
637 1559 701 1583 eos
731 1547 920 1582 venisset:
953 1554 1096 1582 ceteras
1127 1560 1193 1583 co-

80 1612 160 1663 pias
180 1611 227 1648 ad
246 1610 463 1648 ulteriorem
482 1618 630 1661 partem
648 1611 751 1648 urbis
773 1611 1033 1648 circumducit.
1063 1611 1193 1648 Maxi-

81 1690 184 1713 mum
204 1689 250 1712 ex
269 1676 444 1712 omnibus
466 1676 615 1712 auxiliis
640 1689 840 1712 numerum
869 1677 1104 1712 Suessetanae
1127 1676 1195 1726 ju-

81 1745 246 1780 ventutis
285 1743 477 1780 habebat:
522 1756 586 1780 eos
623 1744 670 1780 ad
707 1756 855 1779 murum
894 1743 1194 1793 obpugnandum

82 1808 346 1859 subirejubet.
402 1810 576 1848 Quorum
597 1808 661 1845 ubi
682 1822 786 1844 arma
805 1809 988 1857 signaque
1008 1808 1194 1844 Lacetani

82 1886 319 1923 cognovere3
360 1886 560 1916 memores,
590 1885 702 1922 quam
741 1885 840 1922 saepe
873 1873 912 1909 in
942 1885 1033 1921 agro
1063 1884 1195 1909 eorum

81 1937 223 1987 inpune
252 1937 538 1987 persultassent,
569 1937 718 1986 quoties
749 1937 850 1987 ipsos
881 1937 998 1984 signis
1032 1935 1194 1972 conlatis

81 2000 267 2037 fudissent
303 2001 601 2051 fugassentque3
648 2000 841 2052 patefacta
877 2007 1032 2049 repente
1068 2007 1195 2049 porta,

0 2062 6 2128 l
81 2065 247 2101 universi
276 2067 314 2101 in
344 2079 408 2102 eos
437 2072 653 2116 erumpunt.
710 2065 786 2102 Vix
814 2064 1019 2100 clamorem
1048 2077 1194 2107 eorum,

81 2131 219 2167 nedum
237 2131 422 2181 inpetum,
445 2132 663 2169 Suessetani
682 2131 825 2168 tulere:
855 2131 956 2179 quod
977 2137 1193 2180 postquam,

83 2196 182 2232 sicut
209 2195 379 2233 futurum
409 2203 511 2233 ratus
542 2204 636 2239 erat,
668 2196 801 2233 consul
830 2195 908 2232 fieri
939 2196 1053 2231 etiam
1074 2196 1192 2241 vidit3

84 2273 182 2310 equo
202 2262 321 2298 citato
341 2262 472 2299 subter
490 2276 637 2299 murum
659 2263 827 2298 hostium
848 2261 895 2297 ad
924 2261 1100 2297 cohortes
1131 2262 1196 2297 ad-

81 2326 232 2363 vehitur
250 2342 257 2364 :
290 2334 404 2378 atque
423 2340 485 2365 eas
506 2328 693 2380 adreptas,
716 2327 840 2364 effusis
861 2326 1037 2363 omuibus
1061 2326 1109 2362 ad
1138 2339 1197 2362 se-
