1507 2656
366 216 520 244 LIBER
544 214 713 243 XXVII.
747 214 853 242 CAP.
875 214 946 241 xl.
1148 214 1200 256 19

84 303 182 342 libus
199 319 206 341 :
240 317 283 340 ea
311 304 430 340 tacita
448 303 650 351 castigatio
668 303 830 339 maxime
854 315 899 338 ex
920 301 1104 350 dignitate
1132 314 1200 351 po·
1214 306 1304 337 U.C.
1322 313 1394 337 54:3-

84 367 164 418 puli
192 367 358 404 Romani
387 368 468 402 visa
496 372 564 403 est.
623 366 759 401 Cetera
789 364 1089 415 expedientibus,
1120 378 1202 414 quae
1214 349 1305 381 A·C'
1322 356 1398 382 ²⁰9²

85 432 132 468 ad
152 431 293 468 bellum
317 443 411 481 opus
438 436 559 473 erant,
589 429 821 472 consulibus,
849 442 981 464 aurum
1009 429 1203 464 vicesima-

84 495 195 538 rium,
217 495 318 544 quod
336 495 376 530 in
396 494 586 530 sanctiore
607 493 739 529 aerario
761 492 807 528 ad
825 491 975 527 ultimos
997 505 1104 528 casus
1126 505 1203 528 ser-

86 558 259 601 vabatur,
279 560 403 608 promi
431 557 586 608 placuit.
643 557 801 593 Promta
830 557 877 592 ad
897 562 1059 606 quatuor
1087 555 1207 592 millia

86 622 214 673 pondo
241 623 344 658 auri:
377 622 464 658 inde
484 622 676 671 quingena
702 622 830 671 pondo
857 621 944 657 data
971 619 1204 662 consulibus,

86 692 124 722 et
151 686 208 723 M.
220 686 421 729 Marcello,
443 692 481 722 et
508 686 551 722 P.
566 686 735 735 Sulpicio
766 685 1070 736 proconsulibus,
1102 690 1139 720 et
1157 684 1206 722 L.

87 750 248 787 Veturio
283 751 453 801 praetori,
484 751 548 799 qui
578 750 740 786 Galliam
779 750 1013 799 provinciam
1050 749 1206 784 sortitus

89 820 171 850 erat
183 830 194 860 ;
227 814 471 863 additumque
489 813 610 850 Fabio
631 813 779 849 consuli
799 819 950 848 centum
977 812 1105 862 pondo
1127 813 1209 848 auri

85 879 332 928 praecipuum,
354 879 456 928 quod
482 878 521 914 in
549 891 673 914 arcem
691 878 940 913 Tarentinam
966 882 1206 926 portaretur:

87 947 213 978 cetero
234 943 290 978 usi
320 949 409 978 sunt
438 943 484 979 ad
504 943 731 978 vestimenta
760 941 937 990 praesenti
961 941 1122 990 pecunia
1150 940 1208 976 lo-

88 1006 206 1041 canda
226 1007 421 1050 exercitui,
438 1007 502 1056 qui
523 1007 561 1042 in
584 1006 771 1056 Hispania
790 1004 935 1041 bellum
955 1005 1119 1040 secunda
1139 1016 1208 1040 sua

89 1069 191 1106 fama
210 1070 391 1119 ducisque
408 1070 577 1119 gerebat.

142 1135 217 1172 XI.
246 1136 426 1185 Prodigia
455 1149 618 1185 quoque,
650 1136 868 1185 priusquam
905 1135 952 1172 ab
985 1135 1079 1171 urbe
1117 1148 1210 1172 con-

89 1199 186 1237 sules
207 1201 548 1252 proficiscerentur,
569 1202 762 1251 procurari
783 1200 936 1251 placuit.
990 1199 1036 1235 In
1055 1199 1209 1236 Albano

90 1272 220 1315 monte
247 1271 351 1302 tacta
370 1266 415 1302 de
443 1265 540 1302 coelo
568 1273 674 1301 erant
703 1265 852 1313 signum
873 1264 995 1306 Jovis,
1022 1263 1209 1312 arborque

90 1329 233 1379 templo
252 1330 479 1380 propinqua,
501 1337 538 1366 et
558 1330 677 1366 Ostiae
703 1329 820 1371 laem,
841 1335 879 1365 et
899 1329 1039 1378 Capua:
1066 1339 1209 1369 murus,

93 1393 348 1443 Fortunaeque
364 1394 475 1437 aedes,
490 1401 527 1430 et
543 1395 728 1430 Sinuessae
744 1406 871 1429 murus
885 1399 1084 1443 portaque.
1115 1392 1211 1428 Haec

90 1457 137 1493 de
157 1456 254 1493 coelo
274 1464 387 1494 tacta.
447 1458 653 1493 Cruentam
674 1459 787 1493 etiarn
807 1457 959 1492 fluxisse
986 1469 1120 1505 aquam
1141 1456 1211 1492 Al-

89 1520 242 1565 banam,
281 1522 430 1570 quidam
464 1527 636 1572 auctores
675 1529 793 1557 erant.
851 1521 902 1556 Et
938 1520 1074 1556 Romae
1108 1521 1210 1556 intus

92 1584 225 1622 cellam
255 1586 340 1623 aedis
360 1586 486 1623 Fortis
508 1586 685 1622 Fortunae
707 1585 751 1621 de
772 1586 896 1635 capite
923 1585 1088 1633 signum,
1110 1584 1211 1633 quod

91 1642 130 1685 in
152 1663 293 1686 corona
312 1657 406 1694 erat,
429 1652 467 1686 in
488 1663 620 1686 manus
638 1658 775 1700 sponte
796 1663 862 1685 sua
882 1649 1112 1699 prolapsum.
1159 1649 1212 1685 Et

93 1716 264 1752 Priverni
285 1717 374 1751 satis
396 1717 598 1751 constabat
617 1717 752 1751 bovem
782 1715 965 1756 locutum,
986 1715 1211 1750 volturium-

95 1792 168 1828 que
186 1779 374 1828 frequenti
394 1780 478 1815 foro
499 1780 538 1815 in
558 1779 756 1815 tabernam
772 1777 979 1819 devolasse,
1001 1784 1037 1813 et
1059 1777 1213 1813 Sinues-

96 1856 146 1879 sae
175 1850 304 1879 natum
335 1844 514 1892 ambiguo
545 1845 643 1879 inter
672 1855 812 1879 marem
843 1855 886 1878 ac
912 1842 1089 1878 feminam
1121 1854 1214 1878 sexu

96 1906 304 1952 infantem3
337 1920 431 1956 quos
470 1907 711 1956 androgynos
749 1906 883 1954 vulgus
925 1907 984 1953 (ut
1020 1905 1213 1955 pleraque,

96 1970 266 2007 faciliore
286 1972 331 2006 ad
350 1971 575 2020 duplicanda
595 1971 707 2006 verba
724 1970 859 2006 Graeco
877 1970 1066 2014 sermone)
1086 1968 1215 2018 adpel-

98 2032 174 2070 lat:
198 2040 234 2070 et
253 2034 351 2070 lacte
371 2035 524 2085 pluisse,
546 2041 583 2070 et
603 2047 687 2069 cum
708 2034 898 2083 elephanti
920 2033 1042 2082 capite
1060 2044 1217 2081 puerum

100 2103 242 2134 natum.
299 2098 357 2134 Ea
386 2099 559 2148 prodigia
586 2099 722 2133 hostiis
761 2097 966 2147 majoribus
1001 2102 1216 2145 procurata,

99 2167 137 2197 et
166 2161 391 2211 supplicatio
412 2163 511 2198 circa
541 2162 668 2197 omnia
697 2161 921 2210 pulvinaria,
943 2166 980 2195 et
1003 2159 1217 2195 obsecratio

102 2224 140 2259 in
161 2237 278 2260 unum
298 2225 395 2260 diem
422 2225 586 2261 indicta:
619 2233 657 2260 et
678 2225 883 2267 decretum,
905 2230 946 2258 ut
967 2223 1009 2259 C.
1028 2223 1218 2259 Hostilius

103 2295 242 2337 praetor
270 2288 378 2325 ludos
399 2289 583 2339 Apollini,
612 2290 709 2325 sicut
737 2289 794 2324 his
822 2289 930 2324 annis
954 2288 1032 2323 voti
1052 2287 1219 2335 factique

0 2342 3 2388 ᾗ
104 2358 225 2393 crant,
245 2359 398 2389 voveret
424 2353 649 2403 faceretque.
708 2352 780 2388 Per
807 2364 870 2387 cos
892 2351 967 2387 dies
997 2357 1034 2387 et
1054 2350 1223 2388 censori-
