1523 2666
251 135 337 178 5¹0
709 138 753 164 τ.
778 137 910 168 mvn

61 229 100 258 U.
115 229 239 264 C.559.
253 224 426 272 ingentes
460 237 505 261 eo
542 237 643 262 anno
679 225 846 270 fuerunt,
881 233 918 263 et
952 226 1100 264 Tiberis
1130 227 1215 267 loca
1247 231 1360 282 plana

61 272 148 303 A.C.
167 280 240 307 193.

53 1841 150 1872 Multi
168 1846 198 1870 et

52 1890 195 1924 potentes

48 1927 208 1958 candidati

49 1970 201 2001 consula-

51 2021 113 2045 tus.

253 288 355 325 urbis
375 290 584 328 inundavit.
637 291 748 328 Circa
767 298 916 342 portam
935 293 1225 332 Flumentanam
1245 297 1360 334 etiam

250 353 431 404 conlapsa
450 353 619 404 quaedam
648 356 765 391 ruinis
795 365 908 393 sunt:
941 364 978 394 et
1008 364 1119 408 porta
1147 359 1358 398 Coelimon-

251 424 343 454 tana
366 418 524 455 fulmine
554 420 629 455 icta
657 425 728 461 est,
749 433 952 470 murusque
981 423 1080 459 circa
1108 423 1236 460 multis
1265 425 1359 462 locis

252 482 297 518 de
316 482 414 519 coelo
434 488 569 519 tactus,
615 482 668 518 Et
686 483 839 526 Ariciae,
860 490 898 519 et
916 484 1094 530 Lanuvii,
1116 493 1153 523 et
1172 488 1210 523 in
1231 488 1359 525 Aven-

253 547 348 590 tino,
383 546 570 596 lapidibus
604 546 724 596 pluit3
757 554 795 582 et
824 561 846 584 a
876 548 1008 599 Capua
1035 552 1257 588 nunciatum
1287 559 1358 596 est,

249 623 409 647 examen
429 623 627 662 vesparum
646 612 779 660 ingens
799 612 839 648 in
868 611 993 649 forum
1023 613 1232 659 advolasse,
1253 622 1292 652 et
1319 617 1359 653 in

246 675 386 712 Martis
409 676 486 712 aede
506 676 741 712 consedisse:
774 688 836 712 eas
863 675 1054 714 conlectas
1084 691 1170 716 cum
1199 692 1301 723 cura,
1322 686 1360 716 et

248 741 330 790 igni
350 747 533 777 crematas
554 752 646 777 esse.
694 740 846 777 Horum
865 741 1125 792 prodigiorum
1144 755 1276 780 caussa
1293 744 1359 781 de-

249 808 401 844 cemviri
435 807 551 843 libros
589 806 692 843 adire
721 805 834 856 jussi,
870 813 908 843 et
938 808 1175 845 novemdiale
1211 822 1360 848 sacrum

245 873 405 917 factum,
437 878 473 908 et
503 871 728 922 supplicatio
758 871 901 909 indicta
929 878 1000 916 est,
1020 878 1134 922 atque
1163 872 1250 910 urbs
1280 874 1358 912 lus-

246 943 359 974 trata.
416 936 555 972 Iisdem
585 935 715 972 diebus
747 935 941 973 aediculam
966 936 1146 974 Victoriae
1172 937 1356 987 Virginis,

247 1014 366 1053 prope
396 1002 512 1038 aedem
540 1000 735 1043 Victoriae,
764 999 821 1039 M.
841 1000 999 1038 Porcius
1030 1001 1128 1038 Cato
1157 1001 1356 1048 dedicavit,

246 1066 404 1102 biennio
433 1070 533 1115 post,
555 1078 667 1114 quam
688 1064 803 1102 vovit.
858 1065 1007 1102 Eodem
1036 1078 1138 1102 anno
1167 1066 1357 1104 coloniam

246 1129 427 1167 Latinam
454 1130 493 1165 in
513 1142 646 1178 agrum
663 1129 878 1166 Thurinum
906 1130 1092 1167 triumviri
1121 1130 1358 1169 deduxerunt

249 1195 321 1232 Cn.
349 1193 518 1231 Manlius
547 1193 681 1237 Vulso,
711 1193 758 1231 L.
784 1194 967 1243 Apustius
999 1193 1124 1237 Fullo,
1155 1194 1205 1235 Q.
1230 1195 1356 1233 AElius

247 1259 417 1302 Tubero,
445 1257 551 1308 cnjus
580 1256 662 1306 lege
691 1257 971 1294 deducebatur:
1002 1259 1078 1295 tria
1104 1258 1223 1296 millia
1250 1260 1357 1311 pedi-

246 1331 329 1360 tum
365 1324 456 1365 iere,
489 1321 650 1357 trecenti
685 1322 856 1370 equites:
888 1335 1066 1362 numerus
1097 1323 1253 1376 exiguus
1286 1337 1357 1375 pro

247 1389 359 1438 copia
378 1386 471 1435 agri.
528 1385 623 1422 Dari
646 1392 804 1436 potuere
823 1387 969 1424 tricena
980 1386 1119 1437 jugera
1136 1388 1175 1424 in
1194 1388 1355 1439 pedites,

247 1464 436 1500 sexagena
464 1451 503 1487 in
532 1452 690 1500 equites,
745 1451 909 1502 Apustio
938 1459 1108 1495 auctore,
1128 1453 1241 1489 tertia
1268 1465 1354 1503 pars

247 1517 327 1565 agri
348 1516 474 1552 demta
494 1521 550 1552 est
568 1530 575 1551 ε
609 1528 683 1564 quo
712 1522 859 1565 postea,
880 1515 911 1551 si
930 1514 1083 1559 vellent,
1103 1528 1224 1552 novos
1248 1516 1353 1553 colo-

245 1594 316 1618 nos
337 1581 548 1618 adscribere
567 1586 734 1631 possent.
768 1580 913 1617 Vicena
923 1580 1063 1631 jugera
1080 1581 1240 1633 pedites,
1261 1595 1353 1632 qua-

246 1646 411 1694 dragena
432 1646 575 1695 equites
596 1651 835 1696 acceperunt.

299 1710 352 1747 X.
382 1709 429 1746 In
458 1709 561 1745 exitu
584 1708 667 1759 jam
697 1722 817 1745 annus
847 1715 941 1753 erat,
963 1717 1001 1746 et
1029 1708 1189 1746 ambitio
1216 1711 1352 1760 magis,

245 1785 358 1823 quam
387 1786 565 1822 umquam
595 1772 700 1816 alias,
725 1779 915 1809 exarserat
944 1773 1204 1810 consularibus
1234 1775 1352 1811 comi-

245 1838 307 1874 tiis
325 1853 331 1874 :
365 1838 473 1873 multi
493 1844 530 1873 et
549 1843 723 1886 potentes
744 1837 925 1887 petebant
943 1837 1093 1886 patricii
1113 1837 1348 1888 plebeiique;

244 1903 287 1939 P.
309 1901 507 1938 Cornelius
529 1901 599 1937 Cn.
619 1901 716 1937 filius
738 1901 880 1951 Scipio,
901 1903 965 1951 qui
984 1914 1030 1937 ex
1049 1901 1238 1952 Hispania
1263 1916 1352 1952 pro-

244 1966 369 2003 vincia
386 1977 505 2015 nuper
533 1964 743 2001 decesserat
772 1965 918 2013 magnis
948 1964 1058 2001 rebus
1088 1965 1218 2013 gestis,
1239 1972 1277 2001 et
1304 1965 1351 2003 L.

245 2032 448 2071 Quinctius
468 2030 717 2072 Flamininus,
739 2030 802 2079 qui
831 2029 940 2066 classi
969 2031 1007 2065 in
1038 2030 1187 2066 Graecia
1213 2031 1352 2081 praefu-

246 2103 341 2140 erat,
363 2102 401 2132 et
422 2094 673 2132 Cn.Manlius
693 2093 832 2130 Vulso:
864 2095 904 2130 hi
924 2095 1084 2145 patricii.
1123 2094 1266 2132 Plebeii
1285 2109 1351 2132 au-

244 2167 322 2196 tem
353 2161 396 2196 C.
417 2159 572 2201 Laelius,
599 2159 669 2195 Cn.
690 2158 898 2202 Domitius,
921 2158 963 2195 C.
983 2157 1114 2196 Livius
1145 2157 1350 2201 Salinator,

242 2226 313 2263 ΒΓ.
334 2224 477 2261 Acilius
497 2239 504 2259 :
537 2224 600 2261 sed
620 2225 789 2261 omnium
809 2223 909 2260 oculi
939 2225 975 2259 in
1002 2224 1224 2263 Quinctium
1255 2224 1350 2261 Cor-

244 2288 461 2339 neliumque
490 2287 679 2339 conjecti:
712 2294 858 2326 namet
880 2287 918 2325 in
950 2300 1064 2327 unum
1093 2287 1216 2328 locum
1246 2293 1352 2343 petes
