1523 2666
110 241 200 272 U.C.
219 250 292 279 ⁵⁵7·

109 285 291 321 A.C.195.

103 953 229 984 iterum
239 953 289 983 fu-

101 1003 230 1035 gantur.

302 139 388 192 464
762 155 806 182 T.
832 155 963 184 L1v11

305 241 422 277 ictum
448 241 513 277 teli
544 249 682 286 essent,
703 244 782 279 acie
813 245 956 282 directa
985 244 1188 296 paullisper
1216 251 1413 283 steterunt.

303 305 512 355 Postquam
545 320 656 343 nenio
687 309 852 345 hostium
883 318 1020 346 contra
1051 309 1192 353 exibat,
1222 310 1414 346 redierunt

303 370 341 405 in
386 376 521 407 castra.
584 371 744 407 Postero
782 373 841 408 die
879 374 1081 412 Quinctius
1120 386 1239 424 prope
1275 374 1414 410 fiumen

302 442 439 485 praeter
459 435 588 472 urbem
607 437 676 472 sub
696 438 794 486 ipsas
814 438 996 474 Menelaii
1016 439 1156 474 montis
1180 438 1323 475 radices
1343 438 1412 473 du-

302 514 386 540 cere
424 503 551 552 copias
592 503 795 539 instructas
834 505 982 554 pergit:
1029 505 1158 555 primae
1194 504 1413 553 legionariae

302 567 479 603 cohortes
517 566 650 603 ibant:
683 567 774 603 levis
809 576 1000 605 armatura
1030 576 1068 605 et
1100 570 1243 618 equites
1277 581 1413 618 agmen

302 631 506 680 cogebant.
562 631 685 668 Nabis
716 633 816 668 intra
845 646 992 670 murum
1016 634 1221 669 instructos
1241 640 1413 682 paratos-

300 708 374 745 que
411 694 480 731 sub
518 696 634 744 signis
672 696 839 732 habebat
874 698 1126 733 mercenarios
1163 695 1315 739 milites,
1356 697 1413 743 (in

300 759 436 809 quibus
457 761 579 796 omnis
607 760 741 797 fiducia
761 762 857 807 erat)
880 768 923 798 ut
951 761 998 798 ab
1027 768 1138 810 tergo
1166 761 1317 797 hostem
1345 761 1410 796 ad-

299 824 543 872 grederetur:
575 831 776 874 postquam
810 831 1018 862 extremum
1049 837 1183 874 agmen
1213 824 1410 874 praeteriit‚

300 893 382 924 tum
402 888 448 924 ab
469 889 624 939 oppido,
647 889 780 925 eodem
799 902 874 939 quo
895 890 1014 940 pridie
1041 895 1241 940 eruperant
1270 887 1411 925 tumul-

301 958 358 996 tu,
388 952 558 1003 pluribus
592 953 703 989 simul
734 953 827 990 locis
859 961 1073 1005 erumpunt.
1130 955 1202 1004 Ap.
1231 953 1410 989 Claudius

301 1030 438 1066 agmen
461 1018 649 1067 cogebat:
683 1019 746 1068 qui
776 1019 823 1056 ad
851 1020 902 1063 id,
924 1020 1024 1069 quod
1051 1019 1220 1055 futurum
1248 1024 1343 1061 erat,
1364 1030 1412 1054 ne

298 1083 537 1133 inopinatum
576 1083 776 1127 accideret,
810 1084 1029 1134 praeparatis
1068 1095 1219 1120 suorum
1257 1082 1408 1125 animis,

298 1146 407 1195 signa
435 1146 626 1197 extemplo
656 1149 858 1191 convertit,
878 1155 1079 1197 totumque
1104 1147 1142 1183 in
1170 1147 1320 1182 hostem
1340 1159 1408 1195 ag-

296 1221 384 1246 men
414 1211 648 1260 circumegit.
706 1211 855 1261 ltaque,
876 1211 978 1247 velut
997 1216 1110 1247 rectae
1130 1210 1228 1247 acies
1248 1223 1410 1246 concur-

296 1275 610 1326 rissent‚justum
631 1276 861 1326 aliquamdiu
890 1276 1067 1327 proelium
1095 1275 1182 1313 fuit.
1236 1275 1408 1312 Tandem

296 1338 458 1376 Nabidis
488 1340 625 1377 milites
656 1341 695 1376 in
724 1341 854 1391 fugam
883 1340 1140 1377 inclinarunt:
1171 1353 1254 1390 quae
1283 1340 1408 1377 minus

296 1404 412 1441 infida
434 1418 476 1441 ac
496 1406 642 1456 trepida
661 1405 809 1450 fuisset,
829 1408 869 1443 ni
888 1407 1019 1443 Achaei
1046 1405 1217 1443 locorum
1245 1406 1408 1456 pruden-

298 1474 355 1505 tes
377 1469 621 1506 institissent:
645 1470 685 1506 hi
705 1477 742 1507 et
762 1471 901 1507 caedem
921 1471 1115 1519 ingentem
1135 1470 1345 1513 ediderunt,
1367 1478 1406 1505 et

298 1533 486 1585 dispersos
523 1536 662 1585 passim
700 1535 791 1584 fuga
826 1536 1025 1586 plerosque
1063 1536 1174 1572 armis
1210 1540 1407 1571 exuerunt.

298 1598 501 1637 Quinctius
521 1613 638 1650 prope
657 1601 834 1651 Amyclas
855 1601 983 1651 posuit
1002 1606 1146 1636 castra:
1177 1599 1276 1642 inde,
1293 1611 1409 1648 quum

296 1663 567 1713 perpopulatus
595 1667 721 1702 omnia
751 1664 994 1715 circumjecta
1021 1665 1105 1701 urbi
1133 1664 1340 1713 frequentis
1370 1669 1409 1699 et

297 1729 439 1764 amoeni
472 1730 553 1778 agri
583 1730 667 1766 loca
702 1738 814 1774 esset,
849 1730 955 1766 nullo
981 1729 1064 1779 jam
1096 1730 1264 1765 hostium
1296 1736 1408 1778 porta

296 1793 517 1836 excedente,
539 1795 657 1830 movit
683 1802 805 1831 castra
834 1795 880 1830 ad
909 1793 1048 1830 flumen
1077 1793 1289 1830 Eurotam:
1323 1792 1410 1828 inde

293 1859 431 1894 vallem
450 1859 624 1908 Taygeto
645 1859 853 1909 subjectam
876 1871 1061 1908 agrosque
1088 1860 1134 1895 ad
1160 1871 1262 1895 mare
1291 1857 1407 1907 perti-

296 1928 429 1958 nentes
450 1929 606 1958 evastat.

350 1986 509 2023 XXIX.
539 1987 684 2023 Eodem
705 1987 783 2023 fere
802 1994 973 2037 tempore
1001 1986 1047 2023 L.
1068 1986 1269 2025 Quinctius
1294 1985 1406 2021 mari-

297 2052 399 2088 timae
433 2064 507 2087 01·ae
543 2051 695 2101 oppida,
726 2053 862 2101 partim
894 2052 1102 2094 voluntate,
1133 2050 1269 2100 partim
1301 2056 1404 2084 metu

297 2122 363 2151 aut
382 2117 432 2159 vi,
453 2117 594 2166 recepit
614 2132 620 2152 :
654 2118 792 2152 certior
821 2116 954 2152 dein-dc
975 2116 1110 2159 factus,
1133 2115 1316 2164 Gythium
1337 2126 1406 2163 op-

295 2180 423 2230 pidum
452 2181 621 2216 omnium
649 2181 922 2217 maritimarum
952 2193 1073 2216 rerum
1104 2178 1404 2216 Lacedaemoniis

295 2244 574 2294 receptaculum
605 2258 698 2288 esse,
730 2258 799 2281 nec
829 2245 961 2295 procul
990 2259 1011 2281 a
1040 2245 1133 2281 mari
1167 2251 1289 2279 castra
1322 2241 1403 2277 Ro-

295 2320 407 2346 mana
427 2309 571 2353 abesse,
593 2310 767 2347 omnibus
797 2311 835 2347 id
863 2311 980 2362 copiis
1012 2309 1164 2359 adgredi
1193 2306 1405 2344 coustituit.
