1507 2656
315 201 469 230 LIBER
493 199 672 228 XXXIV·
707 198 814 227 CAP.
834 199 937 227 LVI.
1099 199 1179 242 491

75 294 320 337 transgressos,
344 301 480 325 onmem
509 299 609 324 oram
635 289 745 324 maris
768 299 989 336 peragrasse.
1045 286 1179 336 Itaque
1193 294 1235 325 U.
1246 294 1282 325 C.
1301 301 1375 327 559.

75 352 266 390 Minucius
288 353 433 396 consul,
454 352 513 388 cui
533 352 692 400 Ligures
713 351 905 401 provincia
926 357 1114 394 evenerat,
1132 363 1177 388 ex
1190 339 1229 369 A·
1244 337 1280 370 C·
1299 343 1370 371 193.

75 419 302 454 auctoritate
330 417 485 454 Patrum
517 417 557 453 in
583 416 726 452 Rostra
754 415 961 466 adscendit,
982 422 1019 451 et
1045 416 1176 459 edixit,

79 483 127 519 Ut
147 484 296 530 legiones
313 484 391 519 duce
406 483 559 524 urbanae,
579 494 655 530 quae
672 482 852 529 superiore
867 492 959 515 anno
974 482 1179 528 conseriptae

72 552 193 590 essent,
212 553 293 596 post
312 549 405 584 diem
425 549 598 583 decimum
618 547 758 583 Arretii
784 547 944 581 adessent
960 561 971 582 :
1000 546 1037 580 in
1056 557 1179 580 earum

72 611 186 646 locum
204 623 239 647 se
258 613 346 648 (luas
365 612 517 659 legiones
530 611 681 647 urbanus
698 611 915 658 scripturum
928 625 940 645 .·
959 609 1048 644 item
1066 608 1176 644 sociis

72 680 110 710 et
127 674 271 711 Latino
292 677 452 718 nomini,
483 674 766 724 magistratibus
796 673 1004 721 legatisque
1031 685 1175 717 eorum,

71 740 134 788 qui
153 740 289 777 milites
318 742 405 778 dare
431 741 630 782 debebant,
653 739 783 781 edixit,
806 745 846 774 ut
865 738 901 773 in
924 736 1116 787 Capitolio
1136 749 1176 773 se
1230 748 1233 749 ⁷

71 805 228 843 adirent.
285 805 337 842 Iis
358 806 569 855 quindecim
590 804 707 841 millia
735 804 900 854 peditum
927 808 963 838 et
990 802 1174 851 quingen-

69 876 129 903 tos
150 870 308 917 equites,
329 883 397 919 pro
414 882 571 905 numero
587 867 768 918 cujusque
781 866 991 916 juniorum,
1009 865 1174 916 descrip-

70 933 141 968 sit:
175 940 211 969 et
231 934 317 970 inde
344 947 364 970 e
387 934 578 984 Capitolio
598 934 770 984 protinus
791 933 844 967 ire
865 931 911 966 ad
936 938 1099 980 portam,
1121 936 1182 974 et‚.

70 1002 111 1031 ut
142 1002 393 1033 maturaretur
425 1010 496 1040 res,
531 997 718 1047 proficisci
755 996 802 1032 ad
832 994 1015 1030 delectum
1043 993 1182 1044 jussit..

67 1058 202 1095 Fulvio
220 1060 483 1109 Flaminioque
503 1067 611 1096 terna
636 1060 753 1095 millia
779 1059 1042 1095 Romanorum
1067 1060 1173 1109 pedi-

66 1134 146 1160 tum
177 1131 215 1161 et
236 1127 386 1161 centeni
415 1126 558 1174 equites
590 1126 626 1160 in
655 1124 970 1175 supplementum,
999 1130 1035 1159 et
1058 1125 1174 1172 quina

69 1189 185 1225 millia
204 1190 349 1226 socifim
375 1190 505 1226 Latini
530 1190 694 1225 nominis
721 1196 757 1225 et
786 1189 920 1224 duceni
941 1189 1083 1236 equites
1111 1188 1174 1224 de-

68 1254 159 1289 creti
174 1270 183 1298 3
215 1255 509 1303 mandatumque
527 1254 765 1305 praetoribus,
783 1260 824 1289 ut
843 1260 985 1289 veteres
1007 1253 1184 1292 dimitte-.

68 1324 152 1358 rent
171 1318 323 1362 milites,
344 1332 456 1367 quum
478 1319 516 1354 in
533 1319 765 1368 provinciam
786 1319 988 1354 venisseut.
1041 1318 1173 1355 Quum

65 1381 217 1424 milites,
239 1383 302 1431 qui
331 1383 369 1418 in
399 1382 611 1430 legionibus
634 1382 787 1418 urbanis
816 1388 936 1424 eraut,
956 1381 1171 1431 frequentes

67 1446 239 1482 tribunos
271 1446 389 1496 plebis
425 1447 602 1490 adissent,
629 1448 683 1482 uti
717 1459 865 1482 caussas
900 1452 1175 1494 cognoscerent

66 1523 208 1552 eorum,
241 1510 376 1558 quibus
409 1517 475 1547 aut
503 1512 659 1546 emerita
689 1510 889 1560 stipendia,
924 1516 989 1546 aut
1018 1511 1170 1547 morbus

66 1586 206 1610 caussae
222 1580 359 1617 essent,
377 1588 451 1623 quo
468 1575 590 1610 minus
612 1574 815 1611 militarent
830 1591 839 1619 3
864 1587 942 1610 eam
960 1587 1038 1610 rem
1054 1574 1172 1611 literae

65 1639 125 1674 Ti.
146 1639 356 1688 Sempronii
378 1639 647 1681 discusserunt,
666 1640 703 1675 in
724 1638 857 1687 quibus
875 1639 1055 1688 scriptum
1075 1646 1169 1684 erat,

66 1703 240 1749 Ligurum
262 1703 378 1738 decem
397 1704 515 1738 millia
534 1705 571 1738 in.
591 1715 717 1749 agrum
742 1703 993 1738 Placentinum
1018 1705 1148 1739 venisse
1159 1720 1173 1741 .-

65 1771 98 1802 et
115 1779 194 1802 eum
212 1779 321 1814 usque
339 1768 387 1802 acl
406 1769 482 1815 ipsa
503 1768 648 1802 eolonice
666 1769 793 1803 moenia
812 1772 846 1803 et
864 1768 960 1803 Padi
978 1769 1077 1815 ripas
1091 1781 1172 1804 eum

64 1830 214 1866 caedibus
231 1835 266 1866 et
288 1832 456 1867 incendiis
478 1832 733 1878 perpopulatos
753 1843 834 1867 esse.
893 1832 1064 1867 Boiorum
1084 1844 1170 1880 quo-

65 1906 130 1942 que
152 1899 292 1941 gentem
313 1896 362 1931 ud
390 1896 611 1931 rebellionem
640 1900 810 1943 spectare.
868 1895 929 1931 Ob
950 1908 1010 1931 eas
1031 1908 1087 1932 res
1113 1902 1169 1933 tu·
1183 1899 1380 1936 Tumultum

64 1959 217 1994 multum
249 1971 319 1995 esse
351 1959 514 1995 decrevit
546 1965 720 2004 senatus3
766 1960 921 1996 tribunos
950 1961 1064 2008 plebei
1100 1943 1382 2017 ⁷²⁰⁷²iiiiesgrigteii}.

59 2023 205 2069 placere
237 2035 375 2059 caussas
408 2025 581 2060 militares
612 2036 828 2071 cognoscere,
868 2037 935 2072 quo
971 2026 1088 2060 minus
1124 2027 1171 2062 acl
1193 2060 1194 2065 ,

64 2087 218 2122 edictum
236 2088 470 2124 convenirent.
527 2087 759 2137 Adjecerunt
779 2089 907 2130 etiam,
927 2094 965 2124 ut
986 2089 1078 2124 socii
1098 2102 1170 2125 no-

62 2151 173 2192 minis
195 2151 339 2195 Latini,
361 2153 424 2200 qui
447 2153 487 2188 in
513 2153 680 2188 exercitu
706 2153 749 2189 P.
771 2152 951 2195 Cornelii,
982 2152 1040 2189 Ti.
1063 2153 1168 2191 Sem-

62 2216 186 2264 pronii
207 2215 381 2259 fuissent,
402 2223 439 2252 et
466 2217 608 2252 dimissi
638 2216 684 2253 ab
714 2218 759 2252 iis
787 2217 1003 2253 consulibus
1032 2224 1170 2261 essent,
1193 2251 1197 2256 .

63 2283 118 2320 ut,
135 2279 180 2314 ad
199 2291 310 2327 quam
326 2280 421 2315 diem
443 2280 489 2316 L.
504 2280 701 2316 Cornelius
718 2280 850 2316 consul
866 2281 1056 2324 edixisset,
1078 2288 1115 2317 et
1134 2282 1174 2318 in

63 2352 173 2390 quem
198 2341 324 2380 locum
355 2343 532 2380 edixisset
556 2343 734 2388 Etruriae,
762 2344 1030 2381 convenirent:
1063 2352 1101 2381 et
1120 2346 1174 2382 uti

582 2406 660 2444 Y6
