1507 2656
351 166 505 194 LIBER
530 164 710 193 XXXIV.
743 162 851 191 CAP.
873 162 980 191 XVI·
1140 159 1221 204 451

111 269 224 306 sparo
250 258 428 308 percutit,
450 263 488 293 et
507 256 680 292 tribunos
702 255 1018 303 centurionesque
1038 255 1224 303 castigarc
1239 263 1279 294 U.
1295 262 1332 294 C.
1346 271 1419 298 557.

104 320 230 371 jubet.
286 322 372 358 Jam
394 328 517 358 castra
535 321 705 357 hostium
722 319 1045 370 obpugnabantur
1063 335 1070 354 2
1104 320 1222 355 saxis-
1237 308 1276 338 Λ·
1291 306 1327 337 C·
1348 314 1419 340 195.

109 399 195 435 que,
217 392 255 423 et
273 385 441 427 sudibus,
464 392 501 421 et
528 386 630 421 omni
662 397 801 434 genere
829 384 992 421 telorum
1022 383 1222 420 submove-

109 450 248 487 bantur
277 464 299 487 a
328 449 427 486 vallo
457 449 653 486 Romani:
687 448 750 486 ubi
777 462 908 485 recens
939 449 1093 485 admota
1121 448 1223 497 legio

108 522 178 558 est,
199 520 280 550 tum
307 520 344 550 et
370 513 681 564 obpugnantibus
710 515 856 550 animus
881 514 1012 555 crevit,
1034 518 1071 548 et
1098 512 1222 548 infen-

107 578 182 613 sius
220 579 348 614 hostes
382 591 451 628 pro
482 578 580 615 vallo
618 578 855 628 pugnabant.
914 576 1059 614 Consul
1093 577 1223 613 omnia

105 641 225 678 oculis
259 641 477 693 perlustrat,
512 649 565 686 ut,
597 655 672 692 qua
703 643 860 678 minima
889 642 926 678 vi
964 647 1141 684 restatur,
1177 653 1223 677 ea

104 711 212 757 parte
240 707 455 758 inrumpat:
490 707 535 743 ad
562 708 753 743 sinistram
782 713 934 758 portam
963 705 1221 754 infrequentes

105 771 232 807 videt:
271 784 316 808 eo
348 772 520 808 secundae
555 771 716 821 legionis
751 772 940 822 principes
973 772 1226 819 hastatosque.

104 835 263 873 inducit.
318 836 410 872 Non
441 836 620 872 sustinuit
643 837 813 886 inpetum
834 848 965 872 eorum
985 835 1115 876 statio,
1138 846 1221 883 quae

104 906 226 949 portae
253 901 428 950 adposita
453 907 548 945 erat,
569 908 608 938 et
637 902 766 945 ceteri,
787 907 991 952 postquam
1021 900 1122 935 intra
1143 898 1227 938 val-v

104 963 182 1000 lum
212 964 340 1001 hostes
367 966 509 1009 vident,
532 967 622 1016 ipsis
653 967 784 1003 castris
815 966 934 1009 exuti,
960 965 1068 1013 signa
1097 976 1221 1000 arma-

105 1041 178 1077 que
197 1028 382 1079 abjiciunt
401 1045 409 1066 ε
442 1031 638 1067 caeduntur
657 1032 696 1067 in
717 1032 852 1082 portis,
873 1036 1024 1066 suomet
1052 1030 1124 1079 ipsi
1154 1041 1221 1077 ag-

104 1093 206 1135 mine
239 1094 279 1130 in
311 1100 395 1131 arto
431 1095 643 1132 haerentes:
677 1095 882 1131 secundani
916 1100 1023 1142 terga
1053 1093 1222 1128 hostium

104 1158 268 1202 caedunt,
307 1160 423 1195 ceteri
459 1166 584 1196 castra
621 1160 815 1209 diripiunt.
872 1158 1044 1194 Valerius
1083 1157 1220 1193 Antias

105 1235 218 1273 supra
237 1224 486 1273 quadraginta
505 1223 624 1260 millia
643 1225 812 1260 hostium
839 1236 935 1260 caesa
964 1235 1009 1259 eo
1039 1223 1099 1258 dic
1129 1221 1221 1259 scri-

104 1285 174 1323 bit.
232 1288 330 1324 Cato
357 1289 451 1339 ipse,
478 1289 579 1325 haud
599 1302 689 1325 sane
709 1289 941 1325 detractator
959 1287 1113 1323 laudum
1133 1298 1221 1322 sua·

105 1363 203 1395 rum,
224 1352 363 1389 multos
385 1366 500 1390 caesos
519 1355 572 1390 ait
590 1370 599 1399 3
633 1367 832 1390 numerum
851 1366 928 1389 nou
950 1350 1142 1389 adscribit.

159 1416 271 1454 XVI.
313 1417 406 1454 Tria
443 1431 489 1455 eo
526 1419 586 1455 die
623 1419 829 1456 laudabilia
863 1418 998 1455 fecisse
1035 1422 1217 1466 putatur:

103 1493 236 1525 unum,
257 1483 371 1531 quod,
400 1483 656 1520 circumducto
687 1484 869 1527 exercitu,
901 1481 1032 1533 procul
1061 1481 1220 1517 navibus

103 1546 179 1581 suis
210 1547 430 1596 castrisque,
462 1548 525 1585 ubi
556 1561 661 1598 spem
690 1550 763 1584 nisi
794 1550 830 1584 in
852 1549 990 1584 virtute
1019 1546 1220 1589 haberent,

103 1610 202 1646 iuter
231 1612 373 1647 medios
411 1612 540 1648 hostes
580 1612 755 1662 proelium
795 1612 1008 1649 commisit:
1042 1610 1221 1652 alterum,

103 1675 205 1723 quod
234 1676 409 1712 cohortes
438 1677 484 1713 ab
506 1683 614 1726 tergo
643 1677 818 1713 hostibus
849 1676 1015 1726 objecit:
1048 1676 1219 1717 tertium,

103 1739 205 1787 quod
225 1740 428 1777 secundam
447 1740 653 1790 legionem,
675 1742 808 1778 ceteris
830 1740 1005 1776 omnibus
1027 1739 1152 1775 effusis
1173 1739 1220 1775 ad

103 1805 311 1853 sequendos
332 1806 475 1849 hostes,
497 1806 610 1856 pleno
631 1807 749 1856 gradu
780 1806 849 1842 sub
881 1806 998 1854 signis
1029 1804 1220 1855 composi-

102 1874 180 1904 tam
200 1870 500 1920 instructamque
521 1871 646 1908 subire
666 1872 713 1907 ad
734 1877 884 1921 portam
904 1877 1114 1906 castrorum
1135 1868 1221 1919 jus-

102 1933 163 1970 sit.
220 1933 329 1969 Nihil
358 1935 492 1971 deinde
522 1948 543 1971 a
573 1936 733 1971 victoria
763 1941 977 1971 cessatum:
1011 1947 1140 1983 quum,
1162 1945 1220 1969 re-

104 1998 231 2047 ceptui
257 1998 368 2047 signo
389 1999 493 2042 dato,
515 2012 603 2036 suos
624 1999 755 2049 spoliis
777 2006 936 2035 onustos
958 2000 996 2034 in
1018 2004 1142 2035 castra
1162 2010 1222 2033 re-

105 2061 288 2106 duxisset,
317 2065 446 2112 paucis
476 2065 579 2100 horis
609 2065 733 2100 noctis
765 2064 812 2100 ad
841 2065 1008 2112 quietem
1037 2063 1147 2104 datis,
1176 2061 1223 2098 ad

107 2125 352 2175 praedandum
373 2129 411 2163 in
432 2141 543 2177 agros
564 2129 684 2166 duxit.
713 2129 895 2171 Effusius,
914 2136 954 2163 ut
974 2129 1112 2178 sparsis
1132 2127 1220 2162 hos-

106 2192 207 2229 tibus
228 2192 333 2242 fuga,
355 2195 511 2245 praedati
533 2202 642 2232 suut:
671 2209 752 2245 quae
773 2208 830 2232 res
850 2207 927 2231 non
948 2196 1087 2237 minus,
1108 2205 1221 2243 quam

106 2270 234 2308 pugna
253 2259 372 2309 pridie
393 2259 561 2303 adversa,
583 2261 856 2311 Emporitanos
888 2260 1085 2310 Hispanos
1108 2259 1221 2295 adco-
1236 2257 1370 2307 HiSP'dfli
1387 2267 1420 2288 ⁵⁶

104 2323 234 2373 lasque
271 2336 402 2362 eorum
440 2326 478 2362 in
515 2326 748 2364 deditionem
786 2325 995 2377 compulit:
1038 2323 1148 2361 multi
1184 2302 1411 2360 etendcdunt.
