1523 2666
129 273 173 318 ὑ.
190 287 226 319 C.
240 295 311 321 556.

127 332 167 364 A.
185 332 221 363 C.
239 338 310 366 196.

126 741 269 771 ‘vincun-

126 791 176 813 tur
192 786 260 814 acie

126 827 206 857 Boii.

126 1063 297 1095 Marcellus

123 1113 237 1136 (flum—

124 1150 212 1185 phut.

127 1758 305 1789 Antiochus

128 1802 235 1830 Asiam
252 1810 305 1830 oc-

126 1853 239 1881 cupare
256 1844 303 1874 ni-

124 1887 210 1917 titiis.

315 197 402 240 420
755 204 810 232 Ὗ.
838 203 970 233 mvn

323 295 467 333 rentur,
488 290 681 342 inproviso
709 293 953 342 adgressuros
985 304 1024 328 se
1053 291 1140 334 rati,
1167 303 1234 341 per
1262 286 1432 326 occultos

322 353 438 389 saltus
459 356 577 391 secuti
603 363 716 393 sunt:
751 370 844 406 quos
875 370 952 394 non
984 357 1123 407 adepti,
1144 355 1249 392 Pado
1278 358 1434 403 repente

320 417 479 454 navibus
505 419 681 469 trajecto,
710 421 846 458 Laevos
880 422 1103 471 Libuosque
1133 434 1248 471 quum
1280 430 1434 470 pervas-

320 486 479 526 tassent‚
500 484 697 521 redeuntes
718 486 805 521 inde
824 485 1008 535 Ligurum
1036 493 1207 523 extremo
1232 485 1322 528 fine,
1344 495 1431 520 cum

320 548 460 595 agresti
479 549 618 597 praeda,
639 550 678 585 in
705 562 842 598 agmen
868 551 1040 588 incidunt
1070 551 1302 588 Romanum.
1360 548 1433 583 Ce-

318 609 431 646 lerius
452 611 629 660 proelium
648 614 845 663 acriusque
872 615 1129 658 commissum,
1150 626 1263 664 quam
1284 613 1313 649 si
1335 618 1432 648 tem-

320 688 412 726 pore
431 676 591 727 Iocoque
611 679 657 715 ad
673 685 864 716 certamen
885 679 1098 723 destinatis,
1115 678 1334 729 praeparatis
1351 676 1434 712 ani-

320 742 390 776 mis
413 742 704 780 concurrissent.
761 742 835 786 Ibi,
859 749 1040 792 quamtam
1060 743 1135 778 vim
1162 741 1209 779 ad
1234 738 1433 777 stimulan-

320 805 387 842 dos
418 806 563 842 animos
594 807 650 842 ira
679 805 851 849 haberet,
886 807 1083 857 adparuit:
1115 818 1204 842 nam
1234 805 1289 840 ita
1321 802 1433 840 caedis

318 871 453 919 magis,
476 883 588 920 quam
608 871 792 914 vietoriae,
814 871 912 907 avidi
942 875 1162 921 pugnarunt
1187 868 1370 911 Romani,
1391 871 1434 902 ut

317 934 380 971 vix
402 935 583 971 nuncium
609 934 724 970 cladis
753 935 856 971 hosti
883 934 1151 984 relinquerent.
1209 932 1271 970 Ob
1293 943 1353 968 eas
1374 942 1433 967 res

317 1005 457 1046 gestas,
479 997 677 1035 consulum
700 998 817 1034 literis
839 997 1003 1034 Romam
1036 997 1185 1041 adlatis,
1207 995 1436 1047 supplicatio

317 1063 354 1099 in
377 1064 541 1100 triduum
561 1064 711 1099 decreta
731 1069 798 1098 est.
855 1063 969 1099 Brevi
998 1069 1086 1113 post
1113 1062 1320 1098 Marcellus
1345 1060 1430 1097 Ro-

318 1140 417 1164 mam
442 1128 559 1170 venit‚
587 1126 875 1176 triumphusque
905 1127 938 1162 ei
968 1139 1108 1176 magno
1138 1138 1327 1162 consensu
1354 1124 1432 1160 Pa·

315 1198 416 1228 trum
446 1198 503 1227 est
526 1191 709 1227 decretus.
766 1190 1032 1240 Triuniphavit
1061 1190 1101 1225 in
1130 1190 1355 1238 magistratu
1384 1189 1432 1226 de

314 1254 538 1291 Insubribus
592 1253 932 1302 Comensibusque.
1005 1253 1193 1289 Boiorum
1248 1253 1432 1302 triumphi

316 1330 420 1368 spem
454 1318 610 1368 collegae
646 1318 828 1367 reliquit:
861 1319 949 1368 quia
980 1318 1053 1368 ipsi
1089 1317 1241 1368 proprie
1278 1317 1434 1354 adversa

316 1396 445 1433 pugna
460 1384 499 1420 in
519 1397 563 1420 ea
578 1390 691 1433 gente
712 1390 902 1427 evenerat,
920 1383 1077 1432 collegae
1098 1383 1275 1420 secunda.
1303 1383 1433 1422 Multa

317 1448 437 1498 spolia
469 1448 638 1484 hostium
669 1448 827 1498 captivis
861 1448 1050 1498 carpentis
1089 1448 1277 1492 traducta,
1312 1447 1433 1485 multa

315 1512 495 1548 militaria
514 1512 623 1560 signa
643 1511 733 1555 lata,
756 1513 838 1548 aeris
859 1518 1029 1548 trecenta
1050 1512 1186 1560 viginti
1215 1512 1348 1555 millia,
1370 1524 1431 1548 ar-

316 1576 420 1623 genti
441 1575 560 1624 bigati
580 1575 743 1611 ducenta
762 1575 922 1623 triginta
942 1581 1105 1624 quatuor
1124 1575 1265 1611 millia:
1298 1577 1336 1612 in
1364 1588 1430 1626 pe-

316 1640 409 1675 dites
443 1639 611 1689 singulos
642 1640 718 1676 dati
749 1640 961 1688 octingenti
1000 1640 1104 1676 aeris:
1138 1640 1277 1690 triplex
1310 1640 1431 1690 equiti

317 1705 617 1753 centurionique.

370 1767 610 1805 XXXVIII.
640 1767 787 1804 Eodem
820 1781 921 1804 anno
950 1769 1164 1805 Antiochus
1198 1782 1277 1813 rex,
1313 1782 1430 1820 quum

317 1832 553 1868 hibernasset
582 1832 741 1882 Ephesi,
771 1845 902 1868 omnes
929 1834 1030 1869 Asiae
1061 1834 1233 1870 civitates
1263 1834 1302 1870 in
1331 1835 1433 1870 anti-

319 1909 428 1945 quam
452 1896 597 1946 imperii
616 1896 817 1932 formulam
838 1897 1006 1945 redigere
1038 1903 1094 1933 est
1126 1904 1309 1933 conatus:
1341 1898 1429 1934 reli·

319 1973 409 2009 quas
429 1961 594 2010 quidem,
615 1968 680 1997 aut
699 1962 788 2010 quia
806 1961 899 1997 locis
919 1961 1040 2011 planis
1064 1963 1197 2010 positae
1219 1969 1339 2006 erant,
1361 1970 1427 1999 aut

321 2026 408 2073 quia
441 2038 572 2075 parum
603 2026 791 2062 moenibus
823 2026 1010 2074 armisque
1041 2039 1084 2062 ac
1112 2024 1307 2076 juventuti
1340 2026 1431 2064 fide-

319 2091 428 2133 bant,
458 2090 558 2126 haud
591 2090 789 2126 difficulter
812 2090 948 2141 jugum
982 2096 1213 2140 accepturas.
1272 2091 1433 2141 Smyrna

324 2162 359 2204 et
380 2154 611 2203 Lampsacus
631 2154 846 2191 libertatem
869 2152 1100 2204 usurpabant
1117 2169 1123 2189 :
1150 2154 1436 2205 periculumque

323 2225 417 2260 erat,
451 2230 512 2260 ne,
544 2217 574 2253 si
609 2231 829 2255 concessum
860 2219 918 2254 his
951 2218 1065 2260 foret,
1102 2230 1196 2266 quos
1231 2218 1269 2254 in
1299 2218 1434 2256 Theba

326 2283 522 2328 Smyrnam
542 2282 582 2319 in
601 2282 756 2319 AEolide
776 2283 975 2333 Ionioque,
998 2282 1252 2333 Lampsacum
1269 2283 1307 2319 in
1338 2283 1434 2320 Hel-
