1523 2666
118 307 204 337 ΜΟ.
224 314 299 342 ⁵47·

114 350 194 380 A.C
223 357 298 382 205.

77 2171 166 2201 U.C.
186 2179 258 2203 548.

73 2214 159 2245 A.C.
179 2223 253 2247 204.

314 204 394 248 174
766 206 810 234 T.
836 206 969 237 mvn

310 296 519 340 voluntate,
540 295 685 346 legatos
709 297 754 333 de
783 310 875 347 pace
902 299 1092 334 communi
1124 298 1171 335 acl
1199 299 1415 351 Philippum

309 362 463 407 misere3
508 362 598 397 satis
632 361 835 404 confidere,
871 368 1142 399 conventuram
1176 377 1272 408 eam,
1307 365 1416 402 adfir-

307 432 468 469 mantes,
490 426 520 461 si
540 426 586 462 ad
607 425 850 475 conloquium
871 439 956 463 cum
986 427 1029 464 P.
1050 428 1275 478 Sempronio
1298 430 1417 479 impe-

306 496 432 525 ratore
458 488 638 526 Romano
663 491 840 527 venisset.
896 490 1024 527 Facile
1054 492 1298 542 inpetratum,
1333 494 1416 541 (ne-

304 566 376 602 que
396 554 496 590 enim
516 567 563 590 ne
583 554 699 604 ipsius
716 554 866 603 quidem
885 556 983 603 regis
999 555 1230 592 abhorrebat
1246 557 1412 604 animus)

303 625 344 654 ut
367 618 405 654 in
426 618 584 668 Epirum
614 619 805 654 transiret.
860 618 1044 656 Phoenice
1073 620 1160 656 urbs
1190 627 1247 657 est
1274 621 1411 671 Epiri:

300 682 352 717 ibi
374 683 476 732 prius
498 682 721 719 conlocutus
749 696 817 720 rex
836 697 920 720 cum
949 685 1120 734 Aeropo,
1145 691 1182 721 et
1208 685 1353 729 Darda,
1375 693 1412 722 et

299 747 479 797 Philippo
515 747 760 797 Epirotarum
799 749 1039 798 praetoribus,
1075 756 1209 799 postea
1245 763 1330 785 cum
1367 750 1411 787 P.

299 814 525 864 Sempronio
543 814 798 862 congreditur.
856 815 992 851 Adfuit
1012 815 1217 863 conloquio
1233 823 1271 852 et
1290 816 1410 866 Amy-

297 879 441 914 nander
459 879 720 914 Athamanum
740 891 819 922 rex,
837 886 874 915 et
890 880 1133 928 magistratus
1149 879 1213 916 alii
1229 880 1410 930 Epirota-

294 955 378 978 rum
399 950 436 978 et
455 943 713 979 Acarnanum.
748 943 897 979 Primus
918 944 1115 994 Philippus
1136 950 1276 994 praetor
1294 944 1410 981 rerba

292 1006 398 1050 fecit,
420 1013 457 1042 et
477 1007 589 1057 petiit
607 1006 716 1042 simul
747 1007 793 1043 ab
814 1020 902 1056 rege
929 1014 965 1044 et
993 1008 1040 1044 ab
1070 1009 1298 1058 imperatore
1323 1008 1408 1044 Ro-

291 1083 419 1113 mano,
442 1077 483 1106 ut
509 1071 620 1106 finem
651 1070 739 1106 belli
767 1071 949 1113 facerent,
972 1072 1178 1120 darentque
1205 1085 1287 1108 eam
1309 1071 1406 1121 Epi-

290 1135 384 1170 rotis
421 1135 582 1170 veniam.
653 1133 697 1170 P.
736 1134 981 1184 Sempronius
1023 1135 1260 1171 conditiones
1300 1136 1404 1185 pacis

290 1199 399 1241 dixit,
435 1205 476 1234 ut
508 1198 696 1241 Parthini,
724 1206 762 1234 et
791 1198 1014 1243 Dimallum,
1043 1206 1081 1236 et
1114 1199 1338 1248 Bargulum,
1365 1205 1404 1236 et

287 1262 504 1311 Eugenium
529 1263 794 1299 Romanorum
814 1271 951 1300 essent.
1008 1265 1222 1306 Atintania,
1244 1265 1290 1306 si,
1310 1265 1401 1300 mis-

287 1328 336 1363 sis
360 1328 526 1363 Romam
546 1327 695 1375 legatis,
718 1327 764 1363 ab
783 1334 916 1363 senatu
935 1329 1176 1377 inpetrasset,
1194 1327 1400 1363 BIacedoni

285 1391 493 1427 accederet.
552 1391 596 1426 In
625 1404 685 1426 eas
707 1391 945 1427 conditiones
975 1404 1089 1440 quum
1116 1404 1190 1441 pax
1219 1392 1399 1427 conveni—

284 1463 355 1497 ret,
377 1455 423 1491 ab
448 1468 537 1504 rege
564 1455 697 1491 foederi
727 1455 920 1505 adscripti,
944 1455 1076 1490 Prusia
1107 1455 1297 1504 Bithyniae
1317 1468 1397 1499 rex,

282 1521 430 1562 Achaei‚
465 1520 609 1561 Boeoti,
636 1519 824 1561 Thessali,
858 1520 1092 1562 Acarnanes,
1120 1521 1314 1569 Epirotae:
1347 1519 1396 1555 ab

281 1585 483 1626 Romanis,
512 1584 682 1626 Ilienses,
717 1583 868 1619 Attalus
904 1596 984 1626 rex,
1021 1583 1235 1626 Pleuratus,
1270 1583 1392 1619 Nabis

280 1649 657 1686 Lacedaemoniorum
692 1655 887 1697 tyrannus,
917 1648 1016 1690 Elei,
1044 1648 1243 1690 Messenii,
1274 1648 1395 1684 Athe-

280 1714 441 1749 nienses.
500 1713 595 1748 Haec
615 1713 830 1761 conscripta
856 1714 1154 1761 consignataque
1175 1719 1275 1753 sunt,
1298 1718 1334 1747 et
1355 1712 1393 1748 in

280 1779 373 1813 duos
392 1790 537 1814 menses
556 1778 716 1813 inducite
733 1777 858 1817 factae,
879 1777 998 1812 donec
1014 1776 1179 1813 Romam
1196 1777 1393 1813 mitteren-

278 1849 340 1877 tur
365 1842 494 1891 legati,
518 1848 559 1877 ut
584 1841 745 1891 populus
767 1842 804 1877 in
826 1842 892 1877 has
915 1842 1152 1877 conditiones
1180 1840 1390 1891 pacemju-

276 1906 403 1942 beret:
435 1906 707 1956 jusseruntque
740 1918 870 1941 omnes
906 1906 1051 1941 tribus:
1084 1907 1185 1954 quia,
1213 1919 1320 1942 verso
1350 1906 1390 1942 iu

276 1970 444 2006 Africam
465 1969 580 2013 bello,
603 1969 779 2005 omnibus
801 1969 883 2004 aliis
905 1970 941 2004 in
966 1970 1167 2018 praesentia
1186 1969 1301 2004 levari
1321 1982 1387 2005 vo-

274 2034 403 2070 lebant
423 2033 543 2070 bellis.
602 2033 644 2068 P.
663 2034 924 2083 Sempronius,
947 2046 1038 2083 pace
1055 2033 1170 2076 facta,
1188 2033 1233 2069 ad
1250 2045 1388 2069 consu-

273 2098 391 2136 latum
413 2099 577 2136 Romam
600 2099 770 2135 decessit.

325 2164 443 2201 XIII.
487 2164 530 2200 P.
569 2164 808 2213 Sempronio,
857 2162 913 2198 M.
949 2162 1130 2199 Cornelio
1166 2162 1383 2199 consulibus

273 2230 613 2279 (quintusdecimus
635 2229 664 2263 is
686 2241 805 2263 annus
832 2228 965 2264 Punici
992 2228 1081 2264 belli
1110 2229 1207 2274 erat)
1230 2228 1382 2277 provin-

269 2297 350 2337 ciae,
380 2293 558 2330 Cornelio
578 2293 733 2328 Etruria
753 2305 836 2328 cum
856 2299 981 2328 vetere
1001 2293 1183 2335 exercitu,
1206 2293 1382 2342 Sempro·

269 2361 333 2396 nio
368 2359 525 2403 Bruttii,
561 2364 602 2394 ut
635 2369 752 2394 novas
785 2357 964 2394 scriberet
995 2357 1180 2406 legioncS‚
1213 2358 1382 2394 decretae.
