1507 2656
337 206 492 235 LIBER
515 205 697 234 xxxvl.
732 206 840 234 CAP.
864 206 937 235 xl.
1109 205 1190 250 571

76 296 338 340 censentibus,
360 298 451 346 quin
471 296 647 347 operibus
675 309 718 332 ac
745 297 929 333 machinis
951 295 1063 332 simul
1082 297 1191 332 undi-
1207 299 1247 328 U.
1261 298 1297 328 C.
1317 305 1390 330 561.

79 373 152 410 que
172 361 314 398 moenia
340 361 632 410 adgrederentur
651 359 753 396 urbis
774 361 855 397 sitae
875 361 912 396 in
934 360 1063 410 plano,
1085 374 1194 411 aper·
1206 342 1244 371 Α·
1261 342 1297 372 C·
1319 350 1389 375 ¹⁹³⁶

78 432 141 468 tae,
162 425 362 475 campestri
383 425 549 473 undique
572 425 700 461 aditu:
733 424 815 460 aliis
836 437 936 460 nunc
957 426 1052 460 vires
1076 425 1191 469 urbis,

77 502 316 538 nequaquam
330 489 463 525 Pheris
477 489 733 532 conferendae,
747 489 1066 534 memorantibus3
1090 503 1191 526 nunc

75 554 238 589 hiemem
259 560 296 589 et
314 560 463 604 tempus
485 555 574 590 anni
594 554 687 590 nulli
702 554 848 591 bellicae
864 554 931 598 rei,
949 555 1104 590 minime
1121 554 1191 591 ob-

74 617 213 661 sidioni
233 625 346 667 atque
366 618 646 669 obpugnationi
667 619 830 663 urbium,
852 626 994 670 aptum.
1034 619 1187 655 Incerto

73 681 152 730 regi
173 682 272 718 inter
291 695 395 732 spem
416 689 633 731 metumque
651 682 767 732 legati
787 697 808 719 a
828 683 1026 726 Pharsalo,
1047 684 1110 732 qui
1139 683 1186 719 acl

73 745 279 782 dedendam
300 746 431 782 urbem
452 760 558 783 suam
577 747 677 783 forte
693 754 888 791 venerant,
906 748 1052 783 animos
1070 760 1186 783 auxe-

72 816 173 847 runt.
229 810 287 847 M.
307 810 461 847 Baebius
482 812 649 855 interim,
671 825 755 848 cum
776 812 954 862 Philippo
978 812 1016 847 in
1041 811 1185 848 Dassa—

68 875 172 911 retiis
194 884 431 925 congressus,
452 878 526 927 Ap.
548 877 749 913 Claudium
769 890 816 914 ex
839 877 1031 913 communi
1058 877 1184 912 consi-

66 938 120 976 lio
148 940 195 976 ad
224 941 440 990 praesidium
458 941 622 978 Larissae
642 942 758 985 misit,
781 942 842 991 qui
870 954 937 992 per
957 940 1182 977 Macedoni-

67 1004 128 1042 am
148 1007 295 1054 magnis
315 1006 513 1042 itineribus
541 1007 579 1042 in
599 1005 738 1056 jugum
764 1007 966 1050 montium,
992 1006 1093 1055 quod
1119 1019 1182 1042 su-

62 1084 130 1122 per
151 1072 310 1108 Gonnos
331 1078 402 1115 est,
421 1073 605 1122 pervenit.
663 1072 858 1122 Oppidum
885 1072 1015 1108 Gonni
1046 1072 1181 1121 viginti

61 1135 181 1172 millia
200 1135 246 1172 ab
262 1136 417 1173 Larissa
436 1136 558 1179 abest,
580 1137 619 1171 in
639 1137 728 1186 ipsis
748 1135 922 1172 faucibus
943 1135 1074 1178 saltus,
1097 1148 1180 1185 quae

63 1199 209 1251 Tempe
226 1200 478 1251 adpellantur,
495 1201 622 1236 situm.
652 1199 713 1236 lbi
730 1206 853 1236 castra
869 1205 1032 1236 metatus
1050 1199 1178 1243 latius,

62 1278 176 1316 quam
195 1278 264 1315 pro
285 1265 419 1315 copiis,
441 1270 477 1301 et
497 1264 637 1314 plureS,
655 1277 767 1313 quam
788 1270 881 1313 quot
902 1264 991 1299 satis
1009 1264 1047 1299 in
1069 1276 1178 1300 usum

60 1337 183 1372 erant,
205 1331 310 1378 ignes
338 1342 454 1378 quum
473 1329 720 1371 accendisset,
743 1329 919 1378 speciem,
941 1341 1053 1377 quam
1074 1341 1177 1377 quae-

61 1393 189 1438 sierat,
211 1394 313 1430 hosti
335 1394 441 1437 fecit,
463 1406 615 1430 omnem
641 1393 694 1429 ibi
720 1393 940 1430 Romanum
968 1394 1177 1431 exercitum

60 1471 144 1495 cum
166 1471 255 1507 rege
274 1457 453 1508 Philippo
474 1470 567 1494 esse.
625 1457 760 1506 Itaque
780 1458 943 1493 hiemem
968 1458 1108 1493 instare
1136 1471 1176 1494 a-

59 1521 136 1574 pud
157 1535 244 1558 suos
262 1528 456 1558 caussatus
474 1535 554 1565 rex,
572 1519 690 1557 unum
707 1528 856 1557 tantum
874 1528 1042 1557 moratus
1060 1522 1174 1565 diem,

57 1586 106 1622 ab
126 1585 281 1622 Larissa
299 1586 467 1629 recessit,
489 1593 527 1621 et
551 1585 836 1622 Demetriadem
863 1585 996 1622 rediit:
1030 1585 1174 1621 AEtoli-

57 1662 130 1699 que
150 1656 187 1686 et
207 1650 442 1686 Athamanes
462 1651 500 1686 in
520 1663 606 1687 suos
627 1657 852 1702 receperunt
878 1663 916 1687 se
944 1651 1048 1687 fines.
1092 1652 1175 1701 Ap-

57 1715 157 1765 pius,
179 1715 263 1756 etsi,
286 1713 392 1764 cujus
412 1715 466 1750 rei
487 1727 619 1751 caussa
639 1715 774 1750 missus
795 1721 889 1756 erat,
909 1714 1071 1750 solutam
1093 1728 1173 1751 cer-

57 1778 174 1814 nebat
193 1778 445 1821 obsidionem,
464 1785 592 1815 tamen
613 1779 807 1815 Larissam
828 1780 874 1815 ad
895 1779 1172 1815 confirmandos

57 1843 96 1878 in
116 1841 302 1890 reliquum
323 1843 512 1878 sociorum
534 1843 680 1879 animos
710 1843 926 1879 descendit:
961 1842 1173 1892 duplexque

54 1907 188 1943 laetitia
218 1914 312 1950 erat,
340 1908 440 1957 quod
471 1914 508 1944 et
537 1909 665 1944 hostes
696 1915 936 1945 excesserant
961 1907 1111 1951 finibus,
1134 1914 1172 1944 et

53 1973 153 2008 intra
172 1973 314 2008 moenia
334 1972 548 2021 praesidium
564 1972 784 2009 Romanum
805 1972 1023 2009 cernebant.

104 2035 179 2073 XI.
226 2036 313 2072 Rex
350 2036 570 2073 Chalcidem
607 2051 629 2073 a
666 2037 912 2073 Demetriade
959 2036 1167 2086 profectuS,
1182 2042 1361 2090 Antiochus

53 2113 183 2137 amore
199 2106 330 2151 captus
348 2102 504 2150 virginis
522 2100 782 2138 Chalcidensis
797 2100 1051 2151 Cleoptolemi
1068 2100 1166 2142 filiae,
1181 2092 1334 2158 &xliii-‘iiie

52 2179 169 2215 quum
197 2172 358 2216 patrem,
379 2166 502 2216 primo
522 2166 748 2215 adlegan‹10‚
776 2166 911 2203 deinde
939 2178 1066 2202 coram
1090 2166 1168 2215 ipse
1181 2172 1330 2202 celebrat.

52 2230 238 2279 rogandO,
269 2229 481 2279 fatigasset,
518 2231 680 2266 invitum
714 2243 753 2266 se
786 2230 969 2279 gravioris
1004 2230 1168 2266 fortunae

49 2294 261 2330 conditioni
294 2294 531 2344 inligantem,
566 2295 720 2332 tandem
754 2296 944 2345 inpetrata
978 2307 1032 2337 re,
1068 2299 1167 2329 tam-

51 2370 163 2407 quam
183 2358 221 2395 in
241 2358 362 2396 media
391 2371 484 2411 pace
514 2359 663 2411 nuptias
693 2358 881 2396 celebrat:
915 2365 953 2395 et
980 2357 1165 2407 reliquum
