1507 2656
354 167 511 197 LIBER
533 163 680 199 XXXI·
711 163 820 193 eAr.
842 165 974 194 xvu.
1139 165 1215 208 291

105 254 357 298 obsidionem,
379 260 416 290 et
442 254 522 304 ipse
542 252 695 290 Attalus
724 265 839 302 quum
866 252 1092 303 trajecisset,
1113 266 1218 304 spem
1233 263 1274 293 U.
1288 263 1324 293 c.
1340 269 1413 294 552³..

104 324 254 355 tantum
284 317 415 355 auxilii
445 330 491 353 ex
515 310 731 367 propinquo
756 316 939 360 ostendit,
961 329 1083 366 neque
1102 323 1216 362 terra,
1231 306 1320 338 A·C·
1338 313 1412 338 ²⁰⁰·

101 394 225 432 neque
243 382 339 419 mari
357 380 497 431 adjutis
518 380 644 417 sociis.

154 445 287 483 XVII.
316 444 493 495 Abydeni
512 445 651 495 primo,
673 444 873 480 tormentis
900 457 967 494 per
991 457 1118 481 muros
1142 445 1218 482 dis-

100 510 250 561 positis,
278 522 355 545 non
391 516 491 545 terra
525 508 639 544 modo
671 507 852 544 adeuntes
888 507 994 544 aditu
1022 508 1216 553 arcebant,

100 573 164 609 sed
182 573 334 609 navium
355 585 506 622 quoque
533 573 739 608 stationem
766 571 945 608 infestam
972 573 1074 609 hosti
1099 573 1216 611 facie-

98 636 212 675 bant:
245 643 392 688 postea,
415 651 530 687 quum
561 642 600 673 et
630 637 728 674 muri
757 649 843 686 pars
874 643 991 674 strata
1024 638 1156 682 ruinis,
1179 645 1216 674 et

99 701 146 738 ad
174 702 394 738 interiorem
424 701 563 751 raptim
596 699 816 751 obpositum
850 713 998 736 murum
1032 702 1214 738 cuniculis

89 763 174 817 jam
200 772 420 816 perventum
451 771 563 809 esset,
597 765 745 814 legatos
780 764 826 801 ad
854 778 981 814 regem
1008 766 1052 801 de
1084 768 1215 803 condi-

99 831 269 867 tionibus
299 831 490 868 tradendae
521 831 623 867 urbis
658 831 854 867 miserunt.
918 828 1215 867 Paciscebantur

99 900 241 939 autem,
262 902 304 932 ut
322 895 516 932 Rhodiam
537 896 811 945 quadriremem
832 909 916 932 cum
938 896 1048 932 sociis
1070 896 1213 932 navali·

81 958 182 1003 ibus,
202 958 399 1008 Attalique
419 960 634 1010 praesidium
655 960 777 996 emitti
801 959 955 1005 liceret5
988 967 1101 1009 atque
1122 961 1211 1010 ipsis

95 1024 190 1061 urbe
227 1025 407 1061 excedere
440 1037 526 1061 curn
559 1024 715 1074 singulis
750 1025 998 1062 vestimentis.
1062 1026 1209 1064 Quibus
1226 1031 1395 1070 Abydeno-

96 1102 212 1139 quum
230 1089 428 1141 Philippus
454 1089 550 1126 nihil
575 1091 717 1140 pacati,
739 1090 811 1126 nis'i
832 1090 961 1126 omnia
987 1090 1210 1140 permitten-
1224 1084 1295 1105 mm
1317 1077 1427 1106 rabies.

94 1153 212 1208 tibus,
233 1154 514 1205 respondisset3
548 1154 642 1191 adeo
662 1156 885 1191 renunciata
904 1155 984 1190 ’naec
1005 1154 1146 1204 legatio
1162 1156 1209 1192 ab

94 1211 358 1268 indignatione
386 1219 497 1256 simul
530 1233 573 1256 ac
600 1219 865 1270 desperatione
899 1221 992 1256 iram
1023 1221 1208 1263 accendit,

95 1290 151 1326 ut,
172 1284 220 1320 ad
240 1284 490 1332 Saguntinam
511 1284 652 1320 rabiem
674 1284 783 1327 versi,
804 1290 998 1320 matronas
1015 1297 1146 1321 omnes
1169 1286 1208 1320 in

94 1346 238 1398 templo
270 1347 421 1390 Dianae,
452 1360 588 1397 pueros
619 1348 823 1396 ingenuos,
859 1349 1112 1398 virginesque,
1151 1350 1210 1385 in-

94 1409 220 1447 fantes
241 1411 356 1447 etiam
376 1424 461 1447 cum
485 1411 560 1447 suis
584 1411 812 1455 nutricibus,
834 1412 871 1447 in
893 1413 1132 1462 gymnasium
1152 1414 1209 1450 in-

93 1473 193 1511 cludi
221 1473 426 1525 juberent:
460 1488 592 1512 aurum
620 1482 657 1512 et
687 1483 887 1525 argentum
917 1477 956 1512 in
989 1475 1114 1513 forum
1146 1478 1208 1514 de-

85 1537 195 1582 ferri,
215 1545 358 1575 vestem
385 1539 590 1589 pretiosam
618 1540 656 1575 in
687 1552 799 1576 naves
834 1539 1027 1576 Rhodiam
1049 1541 1207 1591 Cyzice-

51 1645 53 1647 ‚
90 1613 268 1651 namque,
299 1615 381 1651 quae
410 1603 449 1638 in
479 1609 593 1653 portu
626 1609 748 1647 erant,
781 1604 958 1653 congeri:
992 1605 1205 1641 sacerdotes

91 1666 337 1716 victimasque
363 1666 512 1711 adduci,
534 1674 572 1703 et
598 1667 733 1704 altaria
760 1669 799 1704 in
830 1669 955 1705 medio
983 1670 1087 1719 poni,
1145 1669 1204 1705 Ibi

92 1729 227 1766 delecti
249 1731 425 1781 primum,
447 1732 525 1780 qui,
552 1730 616 1767 ubi
643 1744 779 1768 caesam
803 1733 922 1769 aciem
945 1745 1113 1775 suorum,
1134 1746 1204 1784 pro

91 1794 216 1831 diruto
235 1808 343 1832 muro
363 1802 611 1846 pugnantem,
632 1796 828 1839 vidissent,
851 1797 1042 1847 extemplo
1069 1797 1202 1848 conju-

88 1871 154 1908 ges
172 1858 385 1910 liberosque
405 1860 684 1907 interficerent,
718 1874 865 1905 aurum,
886 1869 1100 1910 argentum,
1119 1875 1200 1898 ves—

86 1931 250 1973 temque,
277 1939 360 1974 quae
393 1926 432 1962 in
458 1925 617 1962 navibus
645 1932 756 1969 esset,
778 1927 817 1962 in
848 1939 950 1962 mare
971 1926 1195 1976 dejicerent;

87 1989 197 2024 tectis
218 1989 378 2040 publicis
405 1991 650 2040 privatisque,
676 1990 961 2041 quamplurimis
989 1990 1081 2027 locis
1110 2004 1197 2042 pos-

86 2058 183 2096 sent,
211 2054 318 2101 ignes
342 2054 596 2105 subjicerent3
630 2063 681 2099 et,
713 2069 752 2092 se
781 2056 928 2092 facinus
961 2064 1197 2108 perpetratu-

85 2128 163 2160 ros,
193 2119 448 2167 praeeuntibus
484 2120 714 2157 exsecrabile
745 2134 895 2158 carmen
923 2122 1196 2162 sacerdotibus,

39 2173 42 2176 .
80 2179 329 2231 jurejurando
363 2183 506 2219 adacti:
540 2190 620 2220 tum
650 2185 821 2222 militaris
851 2192 939 2222 aetas
964 2185 1108 2236 jurare,
1131 2199 1196 2222 nc·

85 2244 224 2281 minem
246 2246 384 2290 vivum,
405 2247 478 2282 nisi
501 2248 697 2291 victorem,
719 2250 798 2285 acie
819 2256 1069 2286 excessurum.
1125 2250 1195 2293 Hi,

86 2320 270 2345 memores
299 2309 485 2355 Deorum,
518 2312 611 2348 adeo
641 2314 886 2363 pertinaciter
917 2321 1194 2363 pugnaverunt,

84 2377 139 2417 ut,
167 2385 282 2423 quum
301 2387 379 2412 nox
406 2376 582 2428 proelium
610 2377 815 2414 diremtum
847 2385 960 2420 esser,
982 2390 1045 2413 rex
1075 2379 1192 2427 prior.

599 2441 679 2479 02
