1507 2656
330 177 484 209 LIBER
509 176 651 206 xxlx.
685 176 792 205 CAP.
817 177 960 206 XXXI.
1129 178 1205 220 199

102 273 274 323 phacem,
294 283 369 321 quo
392 271 554 321 primum
574 269 814 306 intenderant
838 270 922 312 iter,
943 272 1204 318 pervenerunt.

102 336 220 373 Fama
238 334 348 385 hujus
369 334 525 370 modicae
546 333 614 375 rei,
632 333 669 368 in
687 333 874 383 principio
890 345 1013 368 rerum
1029 344 1206 382 prospere

102 406 209 442 actae,
244 399 428 436 convertit
462 397 508 434 ad
541 397 786 434 Masinissam
819 397 1004 433 Numidas
1024 411 1032 432 ε
1065 395 1205 431 adflue-

99 462 267 512 bantque
299 462 463 510 undique
496 473 542 497 ex
572 461 669 510 agris
699 461 866 510 vicisque
895 466 1038 498 ,veteres
1067 458 1205 495 milites

99 526 219 569 Galae,
235 532 273 562 et
287 525 499 561 invitabant
508 539 526 574 1
534 537 690 560 uvenem
707 525 753 560 ad
769 523 1063 574 recuperandum
1079 528 1205 572 pater-

99 603 188 626 num
207 602 378 638 regnum.
435 589 607 625 Numero
627 589 789 625 militum
815 588 1049 637 aliquantum
1073 586 1205 622 Meze-

98 654 198 690 tulus
224 653 444 704 superabat:
477 666 565 690 nam
595 660 633 689 et
661 652 742 703 ipse
771 666 857 689 eum
886 652 1107 693 exercitum,
1128 663 1204 699 quo

99 719 287 768 Capusam
315 719 468 761 vicerat,
490 725 528 754 et
557 730 603 754 ex
632 719 792 767 receptis
822 724 909 767 post
938 716 1076 752 caedem
1105 715 1203 763 regis

97 781 242 830 aliquot
269 781 457 818 habebat:
490 788 528 817 et
557 794 650 832 puer
682 781 914 817 Lacumaces
949 779 996 816 ab
1032 779 1204 828 Syphace

96 845 237 881 auxilia
254 845 425 893 ingentia
443 844 672 881 adduxerat:
705 844 920 894 quindecim
950 842 1069 878 millia
1097 842 1203 892 pedi-

95 913 177 944 tum
203 908 414 951 Mezetulo,
436 909 564 945 decem
593 908 711 944 millia
735 909 904 957 equitum
932 913 1051 942 erant.
1108 906 1206 944 Qui-

94 970 254 1007 buscum
298 970 517 1014 Masinissa,
555 984 794 1020 nequaquam
840 977 990 1007 tantum
1034 969 1203 1020 peditum

96 1035 311 1084 equitumve
344 1035 503 1078 habens,
538 1036 618 1071 acie
651 1035 844 1072 conflixit:
885 1035 974 1070 vicit
1005 1040 1133 1069 tamen
1166 1040 1205 1069 et

95 1106 263 1135 veterum
282 1099 445 1135 militum
466 1100 597 1143 virtus,
618 1106 656 1135 et
684 1099 886 1150 prudentia
910 1099 1009 1134 inter
1027 1097 1205 1133 Romana

93 1168 133 1198 et
160 1162 306 1199 Punica
333 1176 437 1199 arma
455 1164 653 1200 exercitati
673 1164 790 1201 ducis.
847 1162 1018 1211 Regulus
1039 1175 1123 1198 cum
1143 1168 1205 1198 tu-

92 1233 176 1264 tore
196 1234 234 1263 et
250 1229 388 1276 exigua
406 1228 695 1278 Masaesylorum
715 1242 828 1265 manu
848 1229 886 1264 in
903 1227 1204 1275 Karthaginien·

95 1292 192 1327 sium
213 1305 344 1341 agrum
363 1293 543 1342 perfugit.
573 1293 635 1329 Ita
653 1299 876 1343 recuperato
896 1305 1014 1341 regno
1030 1298 1204 1342 paterno,

91 1355 312 1399 Masinissa,
334 1358 422 1405 quia
439 1357 510 1393 sibi
531 1357 705 1394 adversus
727 1358 939 1407 Syphacem
955 1357 1056 1393 haud
1075 1356 1204 1406 paullo

93 1417 277 1468 majorem
306 1427 446 1456 restare
474 1421 761 1457 dimicationem
794 1420 986 1463 cernebat,
1017 1421 1204 1469 optimum

93 1489 196 1518 ratus
217 1496 302 1519 cum
322 1483 438 1520 fratre
457 1484 626 1534 patruele
652 1486 813 1533 gratiam
834 1484 1092 1526 reconciliare,
1113 1484 1204 1520 mis-

93 1546 157 1588 sis,
179 1547 243 1594 qui
263 1553 301 1582 et
319 1560 436 1596 puero
457 1560 561 1597 spem
580 1547 762 1590 facerent,
784 1548 813 1582 si
835 1548 873 1582 in
894 1547 1003 1583 fidem
1022 1547 1205 1583 Masinis-

93 1622 143 1645 sae
163 1622 243 1646 sese
262 1612 506 1660 permisisset,
526 1613 696 1649 futurum
723 1613 760 1648 in
785 1613 918 1648 eodem
947 1613 1105 1654 honore,
1127 1624 1203 1660 quo

93 1673 192 1722 apud
213 1674 348 1710 Galam
368 1675 542 1711 OEsalces
564 1676 755 1724 quondam
780 1676 937 1721 fuisset,
971 1682 1008 1711 et
1028 1676 1091 1724 qui
1116 1675 1202 1711 Me-

94 1737 233 1780 zetulo‚
255 1746 391 1788 praeter
417 1740 684 1789 inpunitatem,
709 1753 776 1776 sua
795 1741 923 1776 omnia
942 1753 1027 1775 cum
1053 1739 1124 1776 fide
1144 1752 1202 1775 re-

95 1800 201 1836 stitui
221 1802 474 1850 sponderent3
507 1803 620 1839 ambo
648 1811 902 1853 praeoptantes
924 1803 1057 1840 exsilio
1079 1805 1202 1840 modi-

93 1875 175 1899 cam
201 1864 300 1900 domi
320 1865 513 1902 fortunam
542 1868 702 1914 (omnia,
723 1880 771 1903 ne
790 1867 827 1902 id
848 1867 966 1910 fieret,
988 1867 1200 1917 Karthagi-

93 1926 285 1962 niensibus
305 1928 350 1963 de
370 1929 555 1965 industria
574 1931 793 1978 agentibus)
817 1931 864 1967 ad
881 1943 961 1967 sese
980 1932 1167 1981 perduxit.

142 1989 299 2027 XXXI.
331 1991 548 2028 Hasdrubal
565 2000 646 2029 tuin
661 1994 773 2036 forte,
792 2007 905 2042 quum
919 1995 999 2030 haec
1015 1995 1197 2043 gereban-

88 2060 163 2095 tur,
184 2055 282 2103 apud
311 2055 520 2106 Syphacem
541 2064 643 2093 erat:
678 2059 741 2106 qui
767 2058 957 2101 Numidae,
979 2060 1079 2095 haud
1109 2072 1197 2096 sane

90 2115 250 2152 multum
269 2118 315 2154 ad
331 2131 371 2154 se
390 2121 577 2168 pertinere
599 2121 779 2164 credenti,
802 2128 925 2157 utrum
942 2136 1055 2171 penes
1074 2122 1196 2159 Lacu-

90 2192 235 2223 macen,
255 2194 303 2217 an
330 2182 762 2233 BIasinissa1n,regnum
799 2185 1055 2235 Blassylorum
1085 2195 1195 2232 esset,

84 2242 176 2290 falli
203 2256 281 2280 eum
306 2258 532 2295 magnopere,
561 2249 628 2290 ait,
647 2251 678 2284 si
703 2250 930 2286 Masinissam
959 2252 1085 2287 eisdem
1115 2266 1196 2288 con-

90 2311 226 2343 tentum
242 2307 344 2357 fore,
367 2311 487 2359 quibus
507 2317 651 2360 patrem
678 2314 823 2357 Galam,
845 2320 909 2350 aut
935 2320 1107 2362 patruum
1127 2316 1200 2362 ejus

613 2375 696 2413 K4

1220 270 1261 301 U.
1274 270 1309 299 C.
1326 275 1396 300 5⁴2.

1219 314 1258 344 A.
1272 313 1308 343 C.
1323 320 1395 343 204.

1212 2007 1391 2047 Syphacem

1214 2051 1391 2081 Hasdrubal

1212 2094 1243 2123 in
1262 2094 1409 2123 Masinis—

1210 2146 1279 2166 sam
1297 2138 1383 2167 insti-

1211 2186 1272 2219 gat.
