1523 2666
350 142 405 202 92
775 143 778 146 ’
807 159 854 188 Τ.
878 159 1012 188 mvn

156 240 246 276 U·C-
266 253 337 277 545·
352 260 508 296 rumque
527 230 676 296 legatis,
695 247 809 283 venit.
868 247 944 284 Ubi
966 260 1080 296 quum
1101 247 1145 283 de
1165 247 1331 285 finiendo
1350 248 1464 286 AEto-
1494 254 1522 298 μὲ

153 289 426 348 &ampheo
454 311 555 348 bello
586 318 773 359 ageretur,
812 311 1030 359 (adfuerant
1062 313 1162 348 enim
1199 311 1313 361 legati
1347 326 1466 363 nuper
1494 296 1523 354 *¹0⁴1

155 379 327 411 Machani-
351 376 548 413 Heracleae
569 377 731 414 concilio
750 377 1014 414 Romanorum
1030 377 1342 427 AEtolorumque)
1364 374 1464 416 nun-
1495 369 1523 426 ln

1495 430 1498 447 l

155 423 210 452 das
221 433 338 464 repres-

154 475 219 496 SUS-

148 1916 287 1956 Philippi

147 1962 247 1990 oratio
264 1961 295 1990 in

147 2003 286 2033 concilio

148 2047 285 2077 Achaeo-

148 2099 233 2121 rum.

351 441 430 476 cius
462 441 644 484 adfertur,
678 442 948 478 Machanidam
985 442 1247 492 Olympiorum
1283 443 1487 481 sollemne-

349 503 534 541 ludicrum
554 512 729 555 parantes
745 505 860 541 Eleos
880 505 1033 553 adgredi
1052 506 1242 542 statuisse.
1296 506 1465 543 Praever-

350 569 506 604 tendum
526 568 563 603 id
592 574 711 611 ratus,
741 567 875 616 legatis
906 581 991 604 cum
1019 568 1187 618 benigno
1206 581 1389 619 responso
1408 570 1466 606 di-
1514 590 1523 613 ρ

350 632 488 674 missis,
505 644 541 667 sc
568 643 680 679 neque
706 643 865 667 caussam
883 630 958 677 ejus
987 632 1067 668 belli
1084 632 1217 681 fuisse,
1237 645 1302 669 nec
1329 645 1469 671 moram
1490 662 1491 666 ,
1515 639 1523 676 Ι

354 696 400 741 (εὶ
420 696 522 731 modo
541 707 643 743 aequa
671 700 707 730 et
735 695 881 731 honesta
904 697 1105 731 conditione
1133 696 1257 739 liceat)
1276 698 1363 744 paci
1379 696 1471 745 face

352 763 487 800 turum,
508 771 593 794 cum
623 758 800 808 expedito
821 759 973 806 agmine
1001 758 1194 808 profectus
1223 771 1290 808 per
1317 759 1476 797 Boeoti«
1519 774 1523 804 1

350 835 424 865 am,
445 822 618 871 Megara,
637 828 750 871 atque
769 822 854 857 inde
872 822 1101 858 Corinthum
1117 823 1332 859 descendit:
1355 824 1470 869 unde‚·
1519 847 1523 867 ⁴

349 886 624 922 commeatibus
659 887 806 929 sumtis,
841 885 1024 922 Phliunta
1053 886 1325 935 Pheneumque
1357 888 1467 937 petit.
1520 898 1523 918 ἲ

347 947 401 985 Et
421 948 518 999 jam,
541 962 655 998 quum
676 949 854 986 Heraeam
883 950 1060 992 venisset,
1092 950 1234 992 audito,
1264 950 1478 987 Machani--

348 1012 448 1056 dam,
470 1013 571 1049 fama
591 1013 771 1049 adventus
793 1014 850 1049 sui
870 1014 1057 1056 territum,
1082 1013 1266 1061 refugisse
1285 1013 1478 1051 Lacedae--

346 1088 513 1119 monem,
534 1077 694 1126 AEgium
723 1089 762 1113 se
791 1077 837 1113 ad
867 1076 1072 1114 concilium
1101 1077 1331 1113 Achaeorum
1360 1090 1500 1115 rece-·v

345 1141 425 1190 pit:
459 1141 569 1178 simul
599 1141 756 1178 classem
790 1142 988 1185 Punicam,
1017 1147 1060 1177 ut
1092 1142 1186 1177 mari
1212 1154 1363 1191 quoque
1395 1142 1478 1179 ali--

347 1205 436 1253 quid
455 1213 598 1256 posset,
620 1207 797 1250 adcitam,
820 1207 872 1242 ibi
892 1213 994 1242 ratus
1015 1219 1054 1242 se
1074 1207 1327 1242 inventurum.
1362 1206 1479 1243 Pau--

345 1270 398 1306 cis
420 1276 508 1306 ante
528 1271 659 1307 diebus
689 1273 729 1307 in
757 1271 928 1307 Phoceas
957 1269 1187 1320 trajecerant
1211 1270 1345 1306 Poeni:
1378 1266 1481 1308 inde*

344 1339 477 1382 portus
507 1334 753 1370 Acarnanum
783 1330 1130 1384 petierantjquum
1163 1332 1210 1369 ab
1241 1332 1344 1370 Oreo
1376 1347 1505 1384 pro-·=

344 1396 488 1433 fectum
521 1398 694 1435 Attalum
732 1399 1007 1447 Romanosque
1037 1398 1245 1441 audissent,
1276 1399 1384 1435 veriti
1416 1411 1465 1436 ne

345 1460 391 1495 ad
421 1473 459 1496 se
485 1462 616 1505 iretur,
645 1469 683 1498 et
712 1463 812 1498 intra
840 1462 986 1498 Rhium
1020 1461 1163 1510 (fauces
1190 1473 1243 1498 eae
1268 1469 1356 1498 sunt
1387 1462 1464 1498 Co-

344 1524 476 1560 rinthii
498 1526 619 1572 sinus)
643 1526 958 1576 obprimerentur.

362 1617 365 1619 -
396 1592 509 1630 VIII.
541 1594 737 1644 Philippus
768 1594 955 1631 moerebat
987 1594 1138 1643 quidem
1171 1599 1209 1629 et
1237 1592 1479 1642 angebatur„

343 1660 458 1705 quum
479 1659 526 1694 ad
546 1660 674 1695 omnia
694 1661 773 1709 ipse
790 1661 926 1710 raptim
948 1661 1051 1701 isset,
1071 1658 1166 1695 nulli
1182 1665 1311 1695 tamen
1340 1671 1379 1694 se
1408 1658 1464 1694 rei

343 1722 382 1756 in
402 1729 572 1771 tempore
593 1723 820 1765 obem-risse,
841 1731 878 1759 et
899 1724 1109 1773 rapientem
1129 1723 1258 1759 omnia
1277 1735 1322 1757 ex
1342 1721 1480 1758 oculis·

343 1784 498 1822 elusisse
518 1787 751 1822 celeritatem
772 1800 878 1822 suam
898 1787 1104 1822 fortunam.
1152 1786 1198 1822 In
1215 1785 1378 1823 concilio
1394 1798 1462 1821 au-

342 1853 434 1891 tem,
469 1850 707 1886 dissimulans
744 1850 1020 1898 aegritudinem,
1056 1849 1156 1885 elato
1183 1850 1311 1885 animo
1344 1849 1477 1884 disse-⁷

343 1913 444 1948 ruit:
478 1920 636 1950 testatus
661 1914 764 1950 Deos
795 1915 1057 1962 hominesque,
1087 1926 1123 1950 se
1150 1915 1249 1949 nullo
1279 1915 1368 1955 loeo,
1400 1924 1463 1949 nec

345 1982 501 2025 tempore
530 1979 696 2027 defuisse,
719 1982 816 2027 quin,
847 1980 907 2015 ubi
936 1979 1088 2014 hostiam
1107 1991 1211 2013 arma
1241 1979 1463 2024 concrepuis-

343 2047 432 2084 sent,
465 2055 517 2084 60,
550 2049 685 2091 quanta
718 2045 876 2079 maxima
905 2048 1023 2091 posset
1052 2044 1245 2085 celeritate,
1278 2044 1437 2078 tenderet
1449 2058 1462 2077 .-

343 2107 404 2142 sed
422 2108 480 2141 vit
499 2109 671 2142 rationem
696 2109 778 2143 iniri
803 2119 917 2155 posse,
940 2112 1059 2142 utram
1088 2107 1130 2142 ab
1148 2119 1183 2141 se
1209 2107 1393 2148 audacius,
1415 2118 1464 2141 an

332 2169 512 2218 fugacius
537 2171 581 2206 ab
611 2171 764 2206 hostibus
789 2176 938 2218 geratur
967 2171 1108 2206 bellum.
1167 2170 1229 2205 Sic
1256 2170 1300 2205 ab
1323 2171 1463 2217 Opunte

343 2235 526 2276 Attalum,
553 2237 602 2270 sic
623 2235 824 2282 Sulpicium
844 2247 866 2269 a
888 2235 1067 2276 Chalcide,
1088 2236 1136 2270 sic
1165 2235 1214 2269 eis
1241 2235 1326 2282 ipsis
1345 2233 1464 2269 diebus

344 2298 606 2336 Machanidam
625 2312 644 2336 e
661 2300 823 2337 manibus
841 2302 914 2337 suis
932 2301 1102 2349 elapswn.
1151 2300 1221 2336 Sed
1240 2311 1310 2336 non
1328 2310 1463 2348 semper
