1507 2656
338 124 493 154 LIBER
516 120 685 151 XXVII·
717 118 826 148 CAP.
849 117 968 148 v111.
1166 116 1215 164 15

99 216 194 253 riam
213 226 327 263 quum
346 212 393 249 L.
407 211 577 248 Licinius
598 215 738 260 praetor
761 209 847 245 inde
867 209 1073 253 eduxisset,
1094 210 1216 247 tribu·
1228 217 1321 290 X’g
1340 224 1416 250 543.

1262 281 1268 288 .
1313 283 1320 291 .
1338 269 1413 294 209.

171 345 192 351 ..
607 340 614 348 .
1230 313 1267 343 C.
1278 313 1425 344 Valerius

99 344 195 380 dotu
211 343 404 392 repetebat
420 358 426 377 z
461 341 589 377 datum
606 340 643 376 id
663 352 747 375 cum
764 345 855 387 toga
876 345 1074 388 praetexta,
1092 346 1130 375 et
1145 340 1217 376 sel·
1226 357 1299 394 jure
1314 365 1419 386 sacer-

99 407 137 444 la
156 407 289 449 curuli,
311 413 348 443 et
367 405 536 442 flaminio
557 417 649 440 esse.
697 403 857 446 Praetor,
879 416 955 439 non
978 403 1137 442 exoletis
1154 417 1216 441 ve·
1230 400 1305 429 dotii
1321 409 1415 447 sena-

98 476 241 507 tustate
276 470 469 507 annalium
499 468 679 518 exemplis
710 474 809 503 stare
831 466 912 517 jus,
943 467 1008 504 sed
1036 468 1217 504 recentis-
1230 449 1383 525 tgssffliffi}

99 292 168 316 nos
192 279 312 329 plebis
343 277 545 327 adpellavit
564 275 712 312 flamen.
770 275 973 310 Vetustum
997 274 1062 324 jus
1093 288 1217 312 sacer-

99 535 201 570 simae
224 533 405 584 cujusque
431 532 715 569 consuetudinis
742 543 825 573 usu,
846 530 1021 567 volebat:
1054 544 1123 567 nec
1150 545 1218 582 pa-

99 603 214 641 trum,
237 611 308 634 nec
345 610 501 634 avorum
530 596 714 632 memoria
742 594 895 630 Dialem
925 607 1151 643 quemquam
1180 596 1220 632 id

0 642 4 722 i
94 660 157 711 jus
179 674 390 712 usurpasse.
446 661 622 703 Tribuni,
643 672 723 695 rem
748 659 886 694 inertia
904 658 1100 695 flaminum
1120 659 1218 696 obli-

94 731 261 761 teratam
289 726 395 775 ipsis,
415 738 494 761 non
523 724 751 765 sacerdotio,
773 723 912 758 damno
940 723 1071 765 fuisse,
1103 736 1219 771 quum

102 802 248 838 aequum
270 790 516 832 censuissent,
537 801 585 824 ne
608 788 690 837 ipso
710 787 860 835 quidem
881 792 1015 822 contra
1040 787 1218 822 tendente

101 859 277 902 praetore,
295 866 435 901 magno
452 853 613 888 adsensu
628 852 786 887 Pati-um
801 851 1010 900 plebisque,
1029 851 1218 888 flaminem

101 915 139 951 in
160 922 332 951 senatum
362 917 677 959 introduxerunt3
711 914 887 950 omnibus
914 915 968 950 ita
997 915 1219 952 existiman-

101 979 217 1022 tibus,
246 980 366 1028 magis
397 981 599 1015 sanctitate
630 980 729 1021 vitae,
751 991 862 1027 quam
893 979 1094 1015 sacerdotii
1116 979 1219 1029 jure,

104 1056 182 1080 rem
199 1057 280 1080 eam
296 1045 486 1081 flaminem
503 1044 726 1079 obtinuisse.
773 1042 956 1079 Consules
973 1044 1090 1092 prius,
1109 1057 1222 1092 quam

102 1108 139 1143 in
161 1109 373 1157 provincias
402 1109 514 1150 irent,
537 1108 626 1143 duas
651 1107 813 1143 urbanas
840 1106 1034 1155 legiones3
1067 1108 1105 1142 in
1133 1120 1222 1158 sup-

100 1171 347 1221 plementum,
380 1178 562 1220 quantum
597 1183 691 1220 opus
722 1178 801 1206 erat
831 1171 964 1205 ceteris
995 1171 1222 1207 exercitibus

102 1235 279 1278 militum,
301 1236 542 1285 scripserunt.
601 1235 801 1271 Urbanum
822 1241 986 1269 veterem
1014 1236 1222 1272 exercitum

103 1299 256 1336 Fulvius
288 1300 420 1336 consul
451 1300 641 1336 C.Fulvi0
671 1298 809 1334 Flacco
838 1298 965 1346 legato
999 1298 1132 1345 (frater
1160 1299 1222 1335 hic

105 1364 269 1399 consulis
300 1365 397 1410 erat)
422 1365 461 1399 in
493 1364 682 1399 Etruriam
713 1363 816 1398 dedit
845 1363 1070 1405 ducendum,
1102 1368 1140 1398 et
1167 1362 1221 1399 le-

102 1427 249 1474 giones,
271 1440 352 1476 quae
384 1428 421 1462 in
451 1428 605 1463 Etruria
635 1432 756 1469 erant,
787 1426 951 1462 Romam
972 1426 1222 1463 deducendas.

103 1491 154 1528 Et
171 1491 312 1528 Fabius
328 1491 460 1527 consul
477 1491 653 1539 reliquias
669 1491 855 1526 exercitus
873 1490 1045 1526 Fulviani
1064 1492 1222 1540 conqui-

105 1556 194 1591 sitas
219 1555 339 1603 (fuere
357 1562 482 1591 autem
504 1556 548 1591 ad
566 1556 636 1590 tria
655 1554 771 1589 millia
788 1554 946 1589 trecenti
963 1555 1120 1603 triginta
1136 1556 1219 1601 sex)

103 1619 378 1659 QMaximum
399 1620 515 1655 filium
546 1620 681 1655 ducere
711 1621 748 1655 in
771 1619 939 1655 Siciliam
969 1620 1016 1655 ad
1037 1620 1094 1656 M.
1107 1621 1221 1656 Vale—

104 1685 200 1721 rium
220 1684 484 1734 proconsulem
500 1684 638 1733 jussit:
672 1691 785 1732 atque
805 1684 852 1720 ab
874 1696 918 1718 eo
939 1684 1030 1719 duas
1052 1684 1221 1733 legiones

104 1755 142 1784 et
161 1749 318 1797 triginta
338 1749 623 1796 quinqueremes
645 1749 826 1797 accipere.
876 1748 985 1783 Nihil
1005 1749 1062 1784 hae
1079 1750 1222 1786 eductoe

104 1824 150 1847 ex
169 1811 293 1847 insula
312 1812 480 1859 legiones
508 1813 725 1847 minuerunt
751 1824 820 1847 nec
842 1811 982 1847 viribus
1002 1824 1072 1847 nec
1099 1814 1224 1862 specie

102 1873 182 1925 ejus
204 1876 406 1925 provinciae
430 1876 666 1924 praesidium:
699 1888 787 1910 nam
809 1888 938 1923 quum,
959 1881 1096 1923 praeter
1115 1888 1222 1924 egre-

103 1940 163 1987 gie
199 1939 390 1988 suppletas
420 1940 511 1974 duas
541 1946 684 1975 veteres
718 1939 901 1987 legiones,
940 1939 1222 1987 transfugarum

103 2003 217 2039 etiam
233 2003 486 2039 Numidarum
502 2003 671 2050 equitum
692 2003 934 2051 peditumque
954 2015 1129 2050 magnam
1147 2004 1222 2039 vim

101 2066 272 2110 haberet,
294 2067 440 2103 Siculos
457 2080 620 2116 quoque,
638 2068 701 2115 qui
721 2068 761 2102 in
777 2067 944 2102 exercitu
962 2066 1139 2115 Epicydis
1156 2073 1223 2103 aut

102 2130 311 2166 Poenorum
330 2130 494 2173 fuerant,
515 2130 605 2166 belli
633 2131 775 2180 peritos
797 2131 912 2172 viros,
939 2129 1076 2165 milites
1104 2130 1222 2180 scrip-

104 2195 164 2231 sit.
194 2224 196 2226 *
219 2195 280 2232 Ea
299 2201 455 2231 externa
477 2194 618 2231 auxilia
638 2207 754 2243 quum
781 2193 940 2242 singulis
960 2193 1148 2230 Romanis
1168 2194 1223 2230 le-

106 2259 281 2306 gionibus
319 2259 568 2310 adjunxisset,
600 2260 760 2296 duorum
794 2259 959 2309 speciem
989 2258 1223 2297 exercituum
