<?xml version="1.0" encoding="UTF-8"?>
<!DOCTYPE html PUBLIC "-//W3C//DTD XHTML 1.0 Transitional//EN"
    "http://www.w3.org/TR/xhtml1/DTD/xhtml1-transitional.dtd">
<html xmlns="http://www.w3.org/1999/xhtml" xml:lang="en" lang="en">
 <head>
  <title>
</title>
<meta http-equiv="Content-Type" content="text/html;charset=utf-8" />
  <meta name='ocr-system' content='tesseract 3.04.00' />
  <meta name='ocr-capabilities' content='ocr_page ocr_carea ocr_par ocr_line ocrx_word'/>
</head>
<body>
  <div class='ocr_page' id='page_1' title='image "./historiarumquaes03livyuoft_0041.png"; bbox 0 0 1507 2656; ppageno 0'>
   <div class='ocr_carea' id='block_1_1' title="bbox 365 184 1238 227">
    <p class='ocr_par' dir='ltr' id='par_1_1' title="bbox 365 184 1238 227">
     <span class='ocr_line' id='line_1_1' title="bbox 365 184 1238 227; baseline -0.005 -12"><span class='ocrx_word' id='word_1_1' title='bbox 365 187 516 216; x_wconf 81' lang='lat' dir='ltr'><strong>LIBER</strong></span> <span class='ocrx_word' id='word_1_2' title='bbox 543 186 709 215; x_wconf 79' lang='lat' dir='ltr'>XXVII.</span> <span class='ocrx_word' id='word_1_3' title='bbox 741 185 848 214; x_wconf 76' lang='lat' dir='ltr'><strong>CAP.</strong></span> <span class='ocrx_word' id='word_1_4' title='bbox 870 184 1003 213; x_wconf 75' lang='lat' dir='ltr'>xv11.</span> <span class='ocrx_word' id='word_1_5' title='bbox 1185 184 1238 227; x_wconf 55' lang='lat'>391</span> 
     </span>
    </p>
   </div>
   <div class='ocr_carea' id='block_1_2' title="bbox 113 277 1453 714">
    <p class='ocr_par' dir='ltr' id='par_1_2' title="bbox 113 277 1453 714">
     <span class='ocr_line' id='line_1_2' title="bbox 124 277 1438 329; baseline 0 -14"><span class='ocrx_word' id='word_1_6' title='bbox 124 281 194 329; x_wconf 80' lang='lat' dir='ltr'>piis</span> <span class='ocrx_word' id='word_1_7' title='bbox 232 279 493 317; x_wconf 83' lang='lat' dir='ltr'><strong>obcurrerunt.</strong></span> <span class='ocrx_word' id='word_1_8' title='bbox 550 278 722 316; x_wconf 84' lang='lat' dir='ltr'>Indibilis</span> <span class='ocrx_word' id='word_1_9' title='bbox 757 291 825 329; x_wconf 87' lang='lat' dir='ltr'>pro</span> <span class='ocrx_word' id='word_1_10' title='bbox 866 284 1028 327; x_wconf 88' lang='lat' dir='ltr'>utroque</span> <span class='ocrx_word' id='word_1_11' title='bbox 1073 277 1238 322; x_wconf 88' lang='lat' dir='ltr'>locutus,</span> <span class='ocrx_word' id='word_1_12' title='bbox 1256 280 1295 311; x_wconf 92' lang='lat' dir='ltr'>U.</span> <span class='ocrx_word' id='word_1_13' title='bbox 1310 281 1346 311; x_wconf 89' lang='lat' dir='ltr'>C.</span> <span class='ocrx_word' id='word_1_14' title='bbox 1362 289 1438 314; x_wconf 74' lang='lat'>543.</span> 
     </span>
     <span class='ocr_line' id='line_1_3' title="bbox 122 325 1444 409; baseline -0.001 -28"><span class='ocrx_word' id='word_1_15' title='bbox 122 346 412 395; x_wconf 83' lang='lat' dir='ltr'>haudquaquam</span> <span class='ocrx_word' id='word_1_16' title='bbox 442 351 484 381; x_wconf 87' lang='lat' dir='ltr'>ut</span> <span class='ocrx_word' id='word_1_17' title='bbox 516 344 699 381; x_wconf 85' lang='lat' dir='ltr'>barbarus</span> <span class='ocrx_word' id='word_1_18' title='bbox 737 343 873 379; x_wconf 79' lang='lat' dir='ltr'>stolide</span> <span class='ocrx_word' id='word_1_19' title='bbox 902 343 1141 392; x_wconf 84' lang='lat' dir='ltr'>incauteque,</span> <span class='ocrx_word' id='word_1_20' title='bbox 1176 345 1239 380; x_wconf 90' lang='lat' dir='ltr'>sed</span> <span class='ocrx_word' id='word_1_21' title='bbox 1251 325 1290 407; x_wconf 44' lang='grc' dir='ltr'><strong>ᾗ</strong></span> <span class='ocrx_word' id='word_1_22' title='bbox 1292 325 1444 409; x_wconf 43' lang='grc' dir='ltr'>ἀῗὲίῗζζῑ</span> 
     </span>
     <span class='ocr_line' id='line_1_4' title="bbox 120 408 1453 460; baseline -0.001 -15"><span class='ocrx_word' id='word_1_23' title='bbox 120 411 247 460; x_wconf 89' lang='lat' dir='ltr'>potius</span> <span class='ocrx_word' id='word_1_24' title='bbox 278 423 364 446; x_wconf 88' lang='lat' dir='ltr'>cum</span> <span class='ocrx_word' id='word_1_25' title='bbox 390 409 600 445; x_wconf 87' lang='lat' dir='ltr'>verecunda</span> <span class='ocrx_word' id='word_1_26' title='bbox 626 409 839 457; x_wconf 84' lang='lat' dir='ltr'>gravitate:</span> <span class='ocrx_word' id='word_1_27' title='bbox 873 408 1102 458; x_wconf 87' lang='lat' dir='ltr'>propiorque</span> <span class='ocrx_word' id='word_1_28' title='bbox 1123 421 1236 445; x_wconf 82' lang='lat' dir='ltr'>excu-</span> <span class='ocrx_word' id='word_1_29' title='bbox 1252 422 1453 453; x_wconf 75' lang='lat' dir='ltr'>Mandonius</span> 
     </span>
     <span class='ocr_line' id='line_1_5' title="bbox 120 464 1426 537; baseline -0.001 -28"><span class='ocrx_word' id='word_1_30' title='bbox 120 473 219 509; x_wconf 84' lang='lat' dir='ltr'>santi</span> <span class='ocrx_word' id='word_1_31' title='bbox 253 473 518 509; x_wconf 84' lang='lat' dir='ltr'>transitionem</span> <span class='ocrx_word' id='word_1_32' title='bbox 550 479 591 508; x_wconf 90' lang='lat' dir='ltr'>ut</span> <span class='ocrx_word' id='word_1_33' title='bbox 614 473 880 515; x_wconf 82' lang='lat' dir='ltr'>necessariam,</span> <span class='ocrx_word' id='word_1_34' title='bbox 912 484 1024 520; x_wconf 87' lang='lat' dir='ltr'>quam</span> <span class='ocrx_word' id='word_1_35' title='bbox 1056 471 1235 520; x_wconf 88' lang='lat' dir='ltr'>glorianti</span> <span class='ocrx_word' id='word_1_36' title='bbox 1249 464 1426 537; x_wconf 41' lang='lat' dir='ltr'>⁸3³ngng</span> 
     </span>
     <span class='ocr_line' id='line_1_6' title="bbox 118 517 1433 587; baseline 0 -15"><span class='ocrx_word' id='word_1_37' title='bbox 118 548 199 572; x_wconf 84' lang='lat' dir='ltr'>eam</span> <span class='ocrx_word' id='word_1_38' title='bbox 220 536 322 572; x_wconf 88' lang='lat' dir='ltr'>velut</span> <span class='ocrx_word' id='word_1_39' title='bbox 341 538 501 587; x_wconf 84' lang='lat' dir='ltr'>primam</span> <span class='ocrx_word' id='word_1_40' title='bbox 532 537 773 573; x_wconf 78' lang='lat' dir='ltr'>occasionem</span> <span class='ocrx_word' id='word_1_41' title='bbox 801 542 961 585; x_wconf 80' lang='lat' dir='ltr'><strong>raptam.</strong></span> <span class='ocrx_word' id='word_1_42' title='bbox 1019 536 1120 572; x_wconf 81' lang='lat' dir='ltr'>Scire</span> <span class='ocrx_word' id='word_1_43' title='bbox 1143 539 1235 573; x_wconf 81' lang='lat' dir='ltr'>enim</span> <span class='ocrx_word' id='word_1_44' title='bbox 1250 517 1321 582; x_wconf 68' lang='lat' dir='ltr'>uiit.</span> <span class='ocrx_word' id='word_1_45' title='bbox 1408 517 1433 538; x_wconf 55' lang='lat'>¹-</span> 
     </span>
     <span class='ocr_line' id='line_1_7' title="bbox 115 601 1237 650; baseline 0.002 -14"><span class='ocrx_word' id='word_1_46' title='bbox 115 613 164 643; x_wconf 79' lang='lat' dir='ltr'>se,</span> <span class='ocrx_word' id='word_1_47' title='bbox 187 601 382 650; x_wconf 61' lang='lat' dir='ltr'>transfuga?</span> <span class='ocrx_word' id='word_1_48' title='bbox 408 614 537 638; x_wconf 83' lang='lat' dir='ltr'>nomen</span> <span class='ocrx_word' id='word_1_49' title='bbox 566 602 776 638; x_wconf 69' lang='lat' dir='ltr'>exsecrabile</span> <span class='ocrx_word' id='word_1_50' title='bbox 803 601 977 637; x_wconf 68' lang='lat' dir='ltr'>veteribus</span> <span class='ocrx_word' id='word_1_51' title='bbox 1001 603 1117 643; x_wconf 77' lang='lat' dir='ltr'>sociis,</span> <span class='ocrx_word' id='word_1_52' title='bbox 1139 604 1237 638; x_wconf 77' lang='lat' dir='ltr'>novis</span> 
     </span>
     <span class='ocr_line' id='line_1_8' title="bbox 113 665 1235 714; baseline 0.001 -13"><span class='ocrx_word' id='word_1_53' title='bbox 113 670 313 713; x_wconf 73' lang='lat' dir='ltr'>suspectum</span> <span class='ocrx_word' id='word_1_54' title='bbox 332 678 402 702; x_wconf 82' lang='lat' dir='ltr'>esse</span> <span class='ocrx_word' id='word_1_55' title='bbox 418 682 430 703; x_wconf 94' lang='lat'><em>:</em></span> <span class='ocrx_word' id='word_1_56' title='bbox 458 678 571 714; x_wconf 82' lang='lat' dir='ltr'>neque</span> <span class='ocrx_word' id='word_1_57' title='bbox 590 678 669 702; x_wconf 78' lang='lat' dir='ltr'>eum</span> <span class='ocrx_word' id='word_1_58' title='bbox 688 677 724 701; x_wconf 83' lang='lat' dir='ltr'>se</span> <span class='ocrx_word' id='word_1_59' title='bbox 742 665 1000 713; x_wconf 70' lang='lat' dir='ltr'>reprehendere</span> <span class='ocrx_word' id='word_1_60' title='bbox 1018 678 1151 701; x_wconf 80' lang='lat' dir='ltr'>morem</span> <span class='ocrx_word' id='word_1_61' title='bbox 1171 666 1235 702; x_wconf 79' lang='lat' dir='ltr'>ho-</span> 
     </span>
    </p>
   </div>
   <div class='ocr_carea' id='block_1_3' title="bbox 89 729 1396 2446">
    <p class='ocr_par' dir='ltr' id='par_1_3' title="bbox 94 729 1233 2006">
     <span class='ocr_line' id='line_1_9' title="bbox 113 729 1233 779; baseline 0.002 -15"><span class='ocrx_word' id='word_1_62' title='bbox 113 731 264 774; x_wconf 77' lang='lat' dir='ltr'>minum,</span> <span class='ocrx_word' id='word_1_63' title='bbox 283 732 314 766; x_wconf 86' lang='lat' dir='ltr'>si</span> <span class='ocrx_word' id='word_1_64' title='bbox 334 736 453 766; x_wconf 84' lang='lat' dir='ltr'>tamen</span> <span class='ocrx_word' id='word_1_65' title='bbox 473 743 602 779; x_wconf 76' lang='lat' dir='ltr'>anceps</span> <span class='ocrx_word' id='word_1_66' title='bbox 620 731 740 766; x_wconf 78' lang='lat' dir='ltr'>odium</span> <span class='ocrx_word' id='word_1_67' title='bbox 763 741 901 771; x_wconf 77' lang='lat' dir='ltr'>caussa,</span> <span class='ocrx_word' id='word_1_68' title='bbox 922 741 990 764; x_wconf 86' lang='lat' dir='ltr'>non</span> <span class='ocrx_word' id='word_1_69' title='bbox 1014 742 1152 772; x_wconf 83' lang='lat' dir='ltr'>nomen,</span> <span class='ocrx_word' id='word_1_70' title='bbox 1163 729 1233 778; x_wconf 78' lang='lat' dir='ltr'>fa·</span> 
     </span>
     <span class='ocr_line' id='line_1_10' title="bbox 114 792 1231 841; baseline 0.002 -13"><span class='ocrx_word' id='word_1_71' title='bbox 114 794 199 830; x_wconf 79' lang='lat' dir='ltr'>ciat.</span> <span class='ocrx_word' id='word_1_72' title='bbox 254 793 396 830; x_wconf 86' lang='lat' dir='ltr'>Merita</span> <span class='ocrx_word' id='word_1_73' title='bbox 432 794 520 830; x_wconf 89' lang='lat' dir='ltr'>inde</span> <span class='ocrx_word' id='word_1_74' title='bbox 558 806 626 829; x_wconf 87' lang='lat' dir='ltr'>sua</span> <span class='ocrx_word' id='word_1_75' title='bbox 662 793 701 829; x_wconf 93' lang='lat' dir='ltr'>in</span> <span class='ocrx_word' id='word_1_76' title='bbox 739 792 850 829; x_wconf 88' lang='lat' dir='ltr'>duces</span> <span class='ocrx_word' id='word_1_77' title='bbox 888 792 1231 841; x_wconf 78' lang='lat' dir='ltr'>Karthaginienses</span> 
     </span>
     <span class='ocr_line' id='line_1_11' title="bbox 111 857 1232 907; baseline 0.001 -14"><span class='ocrx_word' id='word_1_78' title='bbox 111 858 437 901; x_wconf 81' lang='lat' dir='ltr'>commemoravit,</span> <span class='ocrx_word' id='word_1_79' title='bbox 459 858 656 894; x_wconf 85' lang='lat' dir='ltr'>avaritiam</span> <span class='ocrx_word' id='word_1_80' title='bbox 677 863 813 893; x_wconf 89' lang='lat' dir='ltr'>contra</span> <span class='ocrx_word' id='word_1_81' title='bbox 833 869 978 899; x_wconf 89' lang='lat' dir='ltr'>eorum,</span> <span class='ocrx_word' id='word_1_82' title='bbox 997 857 1232 907; x_wconf 87' lang='lat' dir='ltr'>superbiam-</span> 
     </span>
     <span class='ocr_line' id='line_1_12' title="bbox 111 920 1232 971; baseline 0.002 -15"><span class='ocrx_word' id='word_1_83' title='bbox 111 932 198 969; x_wconf 86' lang='lat' dir='ltr'>que,</span> <span class='ocrx_word' id='word_1_84' title='bbox 215 927 254 956; x_wconf 90' lang='lat' dir='ltr'>et</span> <span class='ocrx_word' id='word_1_85' title='bbox 271 922 394 956; x_wconf 89' lang='lat' dir='ltr'>omnis</span> <span class='ocrx_word' id='word_1_86' title='bbox 416 922 565 969; x_wconf 87' lang='lat' dir='ltr'>generis</span> <span class='ocrx_word' id='word_1_87' title='bbox 587 920 744 971; x_wconf 80' lang='lat' dir='ltr'>injurias</span> <span class='ocrx_word' id='word_1_88' title='bbox 766 921 804 956; x_wconf 89' lang='lat' dir='ltr'>in</span> <span class='ocrx_word' id='word_1_89' title='bbox 825 932 864 956; x_wconf 85' lang='lat' dir='ltr'>se</span> <span class='ocrx_word' id='word_1_90' title='bbox 883 926 997 969; x_wconf 85' lang='lat' dir='ltr'>atque</span> <span class='ocrx_word' id='word_1_91' title='bbox 1016 920 1232 971; x_wconf 76' lang='lat' dir='ltr'>populares,</span> 
     </span>
     <span class='ocr_line' id='line_1_13' title="bbox 109 985 1233 1034; baseline 0.001 -13"><span class='ocrx_word' id='word_1_92' title='bbox 109 985 240 1034; x_wconf 81' lang='lat' dir='ltr'>Itaque</span> <span class='ocrx_word' id='word_1_93' title='bbox 269 998 396 1034; x_wconf 83' lang='lat' dir='ltr'>corpus</span> <span class='ocrx_word' id='word_1_94' title='bbox 425 987 618 1022; x_wconf 75' lang='lat' dir='ltr'>dumtaxat</span> <span class='ocrx_word' id='word_1_95' title='bbox 635 998 737 1022; x_wconf 79' lang='lat' dir='ltr'>suum</span> <span class='ocrx_word' id='word_1_96' title='bbox 757 987 806 1021; x_wconf 82' lang='lat' dir='ltr'>od</span> <span class='ocrx_word' id='word_1_97' title='bbox 827 986 864 1021; x_wconf 77' lang='lat' dir='ltr'>id</span> <span class='ocrx_word' id='word_1_98' title='bbox 885 990 1022 1033; x_wconf 79' lang='lat' dir='ltr'>tempus</span> <span class='ocrx_word' id='word_1_99' title='bbox 1049 987 1150 1034; x_wconf 78' lang='lat' dir='ltr'>apud</span> <span class='ocrx_word' id='word_1_100' title='bbox 1174 998 1233 1023; x_wconf 75' lang='lat' dir='ltr'>eos</span> 
     </span>
     <span class='ocr_line' id='line_1_14' title="bbox 97 1049 1232 1101; baseline 0.002 -16"><span class='ocrx_word' id='word_1_101' title='bbox 97 1049 242 1099; x_wconf 77' lang='lat' dir='ltr'>fuisse:</span> <span class='ocrx_word' id='word_1_102' title='bbox 272 1052 432 1087; x_wconf 72' lang='lat' dir='ltr'>animum</span> <span class='ocrx_word' id='word_1_103' title='bbox 455 1049 537 1097; x_wconf 85' lang='lat' dir='ltr'>jam</span> <span class='ocrx_word' id='word_1_104' title='bbox 566 1052 709 1101; x_wconf 76' lang='lat' dir='ltr'>pridem</span> <span class='ocrx_word' id='word_1_105' title='bbox 740 1050 788 1087; x_wconf 74' lang='lat' dir='ltr'>ibi</span> <span class='ocrx_word' id='word_1_106' title='bbox 820 1063 904 1094; x_wconf 87' lang='lat' dir='ltr'>esse,</span> <span class='ocrx_word' id='word_1_107' title='bbox 934 1050 995 1087; x_wconf 78' lang='lat' dir='ltr'>ubi</span> <span class='ocrx_word' id='word_1_108' title='bbox 1008 1049 1072 1097; x_wconf 83' lang='lat' dir='ltr'>jus</span> <span class='ocrx_word' id='word_1_109' title='bbox 1100 1063 1143 1086; x_wconf 78' lang='lat' dir='ltr'>ac</span> <span class='ocrx_word' id='word_1_110' title='bbox 1161 1050 1232 1099; x_wconf 80' lang='lat' dir='ltr'>fas</span> 
     </span>
     <span class='ocr_line' id='line_1_15' title="bbox 105 1114 1229 1165; baseline 0 -14"><span class='ocrx_word' id='word_1_111' title='bbox 105 1116 290 1152; x_wconf 82' lang='lat' dir='ltr'><em>crederent</em></span> <span class='ocrx_word' id='word_1_112' title='bbox 318 1116 417 1153; x_wconf 79' lang='lat' dir='ltr'>coli:</span> <span class='ocrx_word' id='word_1_113' title='bbox 445 1117 493 1153; x_wconf 83' lang='lat' dir='ltr'>ad</span> <span class='ocrx_word' id='word_1_114' title='bbox 526 1116 627 1152; x_wconf 80' lang='lat' dir='ltr'>Deos</span> <span class='ocrx_word' id='word_1_115' title='bbox 655 1127 792 1165; x_wconf 79' lang='lat' dir='ltr'>quoque</span> <span class='ocrx_word' id='word_1_116' title='bbox 821 1114 1012 1164; x_wconf 82' lang='lat' dir='ltr'><em>confugere</em></span> <span class='ocrx_word' id='word_1_117' title='bbox 1038 1116 1229 1164; x_wconf 78' lang='lat' dir='ltr'>supplices,</span> 
     </span>
     <span class='ocr_line' id='line_1_16' title="bbox 105 1179 1230 1229; baseline 0.002 -13"><span class='ocrx_word' id='word_1_118' title='bbox 105 1180 168 1228; x_wconf 80' lang='lat' dir='ltr'>qui</span> <span class='ocrx_word' id='word_1_119' title='bbox 186 1186 365 1229; x_wconf 78' lang='lat' dir='ltr'><em>nequeant</em></span> <span class='ocrx_word' id='word_1_120' title='bbox 384 1181 567 1217; x_wconf 77' lang='lat' dir='ltr'>hominum</span> <span class='ocrx_word' id='word_1_121' title='bbox 586 1183 657 1217; x_wconf 72' lang='lat' dir='ltr'>vim</span> <span class='ocrx_word' id='word_1_122' title='bbox 679 1186 788 1229; x_wconf 78' lang='lat' dir='ltr'>atque</span> <span class='ocrx_word' id='word_1_123' title='bbox 807 1179 956 1227; x_wconf 75' lang='lat' dir='ltr'>injurias</span> <span class='ocrx_word' id='word_1_124' title='bbox 973 1182 1065 1229; x_wconf 81' lang='lat' dir='ltr'>pati.</span> <span class='ocrx_word' id='word_1_125' title='bbox 1122 1181 1170 1218; x_wconf 86' lang='lat' dir='ltr'>Se</span> <span class='ocrx_word' id='word_1_126' title='bbox 1190 1183 1230 1218; x_wconf 82' lang='lat' dir='ltr'>id</span> 
     </span>
     <span class='ocr_line' id='line_1_17' title="bbox 103 1243 1229 1294; baseline 0.002 -14"><span class='ocrx_word' id='word_1_127' title='bbox 103 1243 311 1292; x_wconf 78' lang='lat' dir='ltr'>Scipionem</span> <span class='ocrx_word' id='word_1_128' title='bbox 343 1257 463 1288; x_wconf 84' lang='lat' dir='ltr'>orare,</span> <span class='ocrx_word' id='word_1_129' title='bbox 497 1250 539 1282; x_wconf 83' lang='lat' dir='ltr'>ut</span> <span class='ocrx_word' id='word_1_130' title='bbox 574 1246 741 1282; x_wconf 78' lang='lat' dir='ltr'>transitio</span> <span class='ocrx_word' id='word_1_131' title='bbox 771 1245 837 1281; x_wconf 72' lang='lat' dir='ltr'>sibi</span> <span class='ocrx_word' id='word_1_132' title='bbox 871 1257 936 1281; x_wconf 83' lang='lat' dir='ltr'>nec</span> <span class='ocrx_word' id='word_1_133' title='bbox 960 1244 1097 1293; x_wconf 76' lang='lat' dir='ltr'>fraudi</span> <span class='ocrx_word' id='word_1_134' title='bbox 1128 1246 1229 1294; x_wconf 79' lang='lat' dir='ltr'>apud</span> 
     </span>
     <span class='ocr_line' id='line_1_18' title="bbox 100 1308 1228 1358; baseline 0.002 -14"><span class='ocrx_word' id='word_1_135' title='bbox 100 1318 198 1351; x_wconf 80' lang='lat' dir='ltr'>eum,</span> <span class='ocrx_word' id='word_1_136' title='bbox 231 1320 294 1345; x_wconf 88' lang='lat' dir='ltr'>nec</span> <span class='ocrx_word' id='word_1_137' title='bbox 322 1309 449 1345; x_wconf 74' lang='lat' dir='ltr'>honori</span> <span class='ocrx_word' id='word_1_138' title='bbox 479 1310 553 1346; x_wconf 81' lang='lat' dir='ltr'>sit:</span> <span class='ocrx_word' id='word_1_139' title='bbox 585 1310 707 1358; x_wconf 82' lang='lat' dir='ltr'>quales</span> <span class='ocrx_word' id='word_1_140' title='bbox 737 1321 780 1345; x_wconf 73' lang='lat' dir='ltr'>ex</span> <span class='ocrx_word' id='word_1_141' title='bbox 810 1308 879 1345; x_wconf 83' lang='lat' dir='ltr'>hac</span> <span class='ocrx_word' id='word_1_142' title='bbox 915 1310 974 1345; x_wconf 86' lang='lat' dir='ltr'>die</span> <span class='ocrx_word' id='word_1_143' title='bbox 1009 1311 1228 1357; x_wconf 71' lang='lat' dir='ltr'>experiundo</span> 
     </span>
     <span class='ocr_line' id='line_1_19' title="bbox 100 1375 1226 1424; baseline 0.002 -14"><span class='ocrx_word' id='word_1_144' title='bbox 100 1375 277 1421; x_wconf 77' lang='lat' dir='ltr'>cognorit,</span> <span class='ocrx_word' id='word_1_145' title='bbox 293 1376 445 1424; x_wconf 81' lang='lat' dir='ltr'>perinde</span> <span class='ocrx_word' id='word_1_146' title='bbox 476 1387 593 1423; x_wconf 84' lang='lat' dir='ltr'>operae</span> <span class='ocrx_word' id='word_1_147' title='bbox 620 1387 743 1411; x_wconf 82' lang='lat' dir='ltr'>eorum</span> <span class='ocrx_word' id='word_1_148' title='bbox 768 1377 927 1423; x_wconf 74' lang='lat' dir='ltr'>pretium</span> <span class='ocrx_word' id='word_1_149' title='bbox 945 1375 1104 1424; x_wconf 80' lang='lat' dir='ltr'>faceret.</span> <span class='ocrx_word' id='word_1_150' title='bbox 1162 1375 1226 1412; x_wconf 86' lang='lat' dir='ltr'>Ita</span> 
     </span>
     <span class='ocr_line' id='line_1_20' title="bbox 99 1438 1224 1491; baseline 0.002 -17"><span class='ocrx_word' id='word_1_151' title='bbox 99 1449 255 1488; x_wconf 84' lang='lat' dir='ltr'>prorsus</span> <span class='ocrx_word' id='word_1_152' title='bbox 293 1439 498 1489; x_wconf 85' lang='lat' dir='ltr'>respondet</span> <span class='ocrx_word' id='word_1_153' title='bbox 534 1439 725 1476; x_wconf 86' lang='lat' dir='ltr'>facturum</span> <span class='ocrx_word' id='word_1_154' title='bbox 770 1438 996 1476; x_wconf 86' lang='lat' dir='ltr'>Romanus:</span> <span class='ocrx_word' id='word_1_155' title='bbox 1046 1452 1117 1476; x_wconf 88' lang='lat' dir='ltr'>nec</span> <span class='ocrx_word' id='word_1_156' title='bbox 1153 1453 1224 1491; x_wconf 92' lang='lat' dir='ltr'>pro</span> 
     </span>
     <span class='ocr_line' id='line_1_21' title="bbox 98 1502 1224 1554; baseline 0.002 -15"><span class='ocrx_word' id='word_1_157' title='bbox 98 1502 305 1553; x_wconf 84' lang='lat' dir='ltr'>transfugis</span> <span class='ocrx_word' id='word_1_158' title='bbox 334 1503 572 1548; x_wconf 88' lang='lat' dir='ltr'>habiturum,</span> <span class='ocrx_word' id='word_1_159' title='bbox 594 1504 659 1554; x_wconf 91' lang='lat' dir='ltr'>qui</span> <span class='ocrx_word' id='word_1_160' title='bbox 687 1517 766 1540; x_wconf 89' lang='lat' dir='ltr'>non</span> <span class='ocrx_word' id='word_1_161' title='bbox 797 1504 975 1541; x_wconf 85' lang='lat' dir='ltr'>duxerint</span> <span class='ocrx_word' id='word_1_162' title='bbox 1000 1505 1224 1543; x_wconf 85' lang='lat' dir='ltr'>societatem</span> 
     </span>
     <span class='ocr_line' id='line_1_22' title="bbox 97 1567 1222 1618; baseline 0.004 -15"><span class='ocrx_word' id='word_1_163' title='bbox 97 1573 234 1611; x_wconf 87' lang='lat' dir='ltr'>ratam,</span> <span class='ocrx_word' id='word_1_164' title='bbox 252 1567 317 1604; x_wconf 92' lang='lat' dir='ltr'>ubi</span> <span class='ocrx_word' id='word_1_165' title='bbox 332 1580 403 1605; x_wconf 90' lang='lat' dir='ltr'>nec</span> <span class='ocrx_word' id='word_1_166' title='bbox 418 1568 534 1605; x_wconf 84' lang='lat' dir='ltr'>divini</span> <span class='ocrx_word' id='word_1_167' title='bbox 550 1568 769 1618; x_wconf 86' lang='lat' dir='ltr'>quidquam,</span> <span class='ocrx_word' id='word_1_168' title='bbox 783 1581 853 1606; x_wconf 90' lang='lat' dir='ltr'>nec</span> <span class='ocrx_word' id='word_1_169' title='bbox 869 1569 1026 1605; x_wconf 89' lang='lat' dir='ltr'>humani</span> <span class='ocrx_word' id='word_1_170' title='bbox 1046 1577 1222 1607; x_wconf 88' lang='lat' dir='ltr'>sanctum</span> 
     </span>
     <span class='ocr_line' id='line_1_23' title="bbox 97 1632 1219 1686; baseline 0.004 -19"><span class='ocrx_word' id='word_1_171' title='bbox 97 1637 210 1669; x_wconf 88' lang='lat' dir='ltr'>esset.</span> <span class='ocrx_word' id='word_1_172' title='bbox 265 1632 468 1670; x_wconf 82' lang='lat' dir='ltr'>Productae</span> <span class='ocrx_word' id='word_1_173' title='bbox 489 1633 624 1671; x_wconf 88' lang='lat' dir='ltr'>deinde</span> <span class='ocrx_word' id='word_1_174' title='bbox 643 1635 682 1670; x_wconf 90' lang='lat' dir='ltr'>in</span> <span class='ocrx_word' id='word_1_175' title='bbox 703 1642 949 1685; x_wconf 86' lang='lat' dir='ltr'>conspectum</span> <span class='ocrx_word' id='word_1_176' title='bbox 969 1636 1014 1671; x_wconf 90' lang='lat' dir='ltr'>iis</span> <span class='ocrx_word' id='word_1_177' title='bbox 1036 1635 1219 1686; x_wconf 86' lang='lat' dir='ltr'>conjuges</span> 
     </span>
     <span class='ocr_line' id='line_1_24' title="bbox 96 1696 1218 1750; baseline 0.004 -17"><span class='ocrx_word' id='word_1_178' title='bbox 96 1696 282 1746; x_wconf 89' lang='lat' dir='ltr'>liberique</span> <span class='ocrx_word' id='word_1_179' title='bbox 311 1698 595 1736; x_wconf 83' lang='lat' dir='ltr'>lacrimantibus</span> <span class='ocrx_word' id='word_1_180' title='bbox 627 1701 766 1749; x_wconf 85' lang='lat' dir='ltr'>gaudio</span> <span class='ocrx_word' id='word_1_181' title='bbox 795 1701 1016 1744; x_wconf 86' lang='lat' dir='ltr'>redduntur,</span> <span class='ocrx_word' id='word_1_182' title='bbox 1038 1708 1151 1750; x_wconf 85' lang='lat' dir='ltr'>atque</span> <span class='ocrx_word' id='word_1_183' title='bbox 1171 1713 1218 1737; x_wconf 89' lang='lat' dir='ltr'>eo</span> 
     </span>
     <span class='ocr_line' id='line_1_25' title="bbox 97 1760 1217 1813; baseline 0.005 -17"><span class='ocrx_word' id='word_1_184' title='bbox 97 1760 156 1796; x_wconf 85' lang='lat' dir='ltr'>die</span> <span class='ocrx_word' id='word_1_185' title='bbox 185 1762 225 1797; x_wconf 91' lang='lat' dir='ltr'>in</span> <span class='ocrx_word' id='word_1_186' title='bbox 252 1762 461 1813; x_wconf 87' lang='lat' dir='ltr'>hospitium</span> <span class='ocrx_word' id='word_1_187' title='bbox 488 1763 654 1801; x_wconf 87' lang='lat' dir='ltr'>abducti.</span> <span class='ocrx_word' id='word_1_188' title='bbox 711 1765 872 1801; x_wconf 88' lang='lat' dir='ltr'>Postero</span> <span class='ocrx_word' id='word_1_189' title='bbox 900 1765 960 1801; x_wconf 87' lang='lat' dir='ltr'>die</span> <span class='ocrx_word' id='word_1_190' title='bbox 990 1765 1133 1802; x_wconf 81' lang='lat' dir='ltr'>foedere</span> <span class='ocrx_word' id='word_1_191' title='bbox 1153 1778 1217 1801; x_wconf 83' lang='lat' dir='ltr'>ac-</span> 
     </span>
     <span class='ocr_line' id='line_1_26' title="bbox 96 1826 1215 1880; baseline 0.006 -20"><span class='ocrx_word' id='word_1_192' title='bbox 96 1831 206 1875; x_wconf 87' lang='lat' dir='ltr'>cepta</span> <span class='ocrx_word' id='word_1_193' title='bbox 225 1826 341 1872; x_wconf 87' lang='lat' dir='ltr'>fides;</span> <span class='ocrx_word' id='word_1_194' title='bbox 374 1828 591 1877; x_wconf 86' lang='lat' dir='ltr'>dimissique</span> <span class='ocrx_word' id='word_1_195' title='bbox 615 1830 659 1866; x_wconf 86' lang='lat' dir='ltr'>ad</span> <span class='ocrx_word' id='word_1_196' title='bbox 689 1831 817 1880; x_wconf 86' lang='lat' dir='ltr'>copias</span> <span class='ocrx_word' id='word_1_197' title='bbox 838 1831 1085 1867; x_wconf 85' lang='lat' dir='ltr'>adducendas.</span> <span class='ocrx_word' id='word_1_198' title='bbox 1143 1830 1215 1866; x_wconf 84' lang='lat' dir='ltr'>Iis·</span> 
     </span>
     <span class='ocr_line' id='line_1_27' title="bbox 95 1889 1215 1938; baseline 0.006 -13"><span class='ocrx_word' id='word_1_199' title='bbox 95 1889 179 1926; x_wconf 86' lang='lat' dir='ltr'>dem</span> <span class='ocrx_word' id='word_1_200' title='bbox 198 1890 329 1927; x_wconf 90' lang='lat' dir='ltr'>deinde</span> <span class='ocrx_word' id='word_1_201' title='bbox 355 1893 487 1928; x_wconf 86' lang='lat' dir='ltr'>castris</span> <span class='ocrx_word' id='word_1_202' title='bbox 513 1893 738 1938; x_wconf 86' lang='lat' dir='ltr'>tendebant,</span> <span class='ocrx_word' id='word_1_203' title='bbox 760 1895 880 1931; x_wconf 86' lang='lat' dir='ltr'>donec</span> <span class='ocrx_word' id='word_1_204' title='bbox 906 1895 1061 1932; x_wconf 86' lang='lat' dir='ltr'>ducibus</span> <span class='ocrx_word' id='word_1_205' title='bbox 1092 1896 1136 1931; x_wconf 88' lang='lat' dir='ltr'>iis</span> <span class='ocrx_word' id='word_1_206' title='bbox 1167 1896 1215 1932; x_wconf 90' lang='lat' dir='ltr'>ad</span> 
     </span>
     <span class='ocr_line' id='line_1_28' title="bbox 94 1953 576 2006; baseline 0.008 -16"><span class='ocrx_word' id='word_1_207' title='bbox 94 1953 246 1992; x_wconf 86' lang='lat' dir='ltr'>hostem</span> <span class='ocrx_word' id='word_1_208' title='bbox 265 1962 488 2006; x_wconf 86' lang='lat' dir='ltr'>perventum</span> <span class='ocrx_word' id='word_1_209' title='bbox 508 1964 576 1995; x_wconf 85' lang='lat' dir='ltr'>est.</span> 
     </span>
    </p>

    <p class='ocr_par' dir='ltr' id='par_1_4' title="bbox 89 2019 1396 2398">
     <span class='ocr_line' id='line_1_29' title="bbox 159 2019 1378 2073; baseline 0.004 -17"><span class='ocrx_word' id='word_1_210' title='bbox 159 2019 315 2058; x_wconf 87' lang='lat' dir='ltr'>XVIII.</span> <span class='ocrx_word' id='word_1_211' title='bbox 360 2021 561 2058; x_wconf 87' lang='lat' dir='ltr'>Proximus</span> <span class='ocrx_word' id='word_1_212' title='bbox 600 2022 982 2073; x_wconf 80' lang='lat' dir='ltr'>Karthaginiensium</span> <span class='ocrx_word' id='word_1_213' title='bbox 1026 2025 1211 2062; x_wconf 79' lang='lat' dir='ltr'>exercitus</span> <span class='ocrx_word' id='word_1_214' title='bbox 1227 2029 1276 2061; x_wconf 84' lang='lat' dir='ltr'>Ad</span> <span class='ocrx_word' id='word_1_215' title='bbox 1294 2030 1378 2061; x_wconf 77' lang='lat' dir='ltr'>Has-</span> 
     </span>
     <span class='ocr_line' id='line_1_30' title="bbox 93 2072 1396 2149; baseline 0.006 -30"><span class='ocrx_word' id='word_1_216' title='bbox 93 2082 346 2121; x_wconf 84' lang='lat' dir='ltr'>Hasdrubalis</span> <span class='ocrx_word' id='word_1_217' title='bbox 369 2099 487 2137; x_wconf 88' lang='lat' dir='ltr'>prope</span> <span class='ocrx_word' id='word_1_218' title='bbox 517 2087 647 2123; x_wconf 84' lang='lat' dir='ltr'>urbem</span> <span class='ocrx_word' id='word_1_219' title='bbox 677 2088 869 2126; x_wconf 70' lang='lat' dir='ltr'>Baeculam</span> <span class='ocrx_word' id='word_1_220' title='bbox 901 2096 1007 2126; x_wconf 83' lang='lat' dir='ltr'>erat:</span> <span class='ocrx_word' id='word_1_221' title='bbox 1041 2103 1108 2139; x_wconf 90' lang='lat' dir='ltr'>pro</span> <span class='ocrx_word' id='word_1_222' title='bbox 1130 2103 1210 2126; x_wconf 90' lang='lat' dir='ltr'>cas·</span> <span class='ocrx_word' id='word_1_223' title='bbox 1224 2072 1396 2149; x_wconf 47' lang='grc' dir='ltr'>ἒὲξῖἒέἓῗῖ</span> 
     </span>
     <span class='ocr_line' id='line_1_31' title="bbox 90 2147 1342 2200; baseline 0.008 -17"><span class='ocrx_word' id='word_1_224' title='bbox 90 2147 159 2183; x_wconf 89' lang='lat' dir='ltr'>tris</span> <span class='ocrx_word' id='word_1_225' title='bbox 180 2149 350 2198; x_wconf 88' lang='lat' dir='ltr'>equitum</span> <span class='ocrx_word' id='word_1_226' title='bbox 372 2151 556 2186; x_wconf 86' lang='lat' dir='ltr'>stationes</span> <span class='ocrx_word' id='word_1_227' title='bbox 586 2151 765 2189; x_wconf 73' lang='lat' dir='ltr'>habebat.</span> <span class='ocrx_word' id='word_1_228' title='bbox 822 2153 869 2189; x_wconf 90' lang='lat' dir='ltr'>In</span> <span class='ocrx_word' id='word_1_229' title='bbox 899 2166 960 2189; x_wconf 86' lang='lat' dir='ltr'>eas</span> <span class='ocrx_word' id='word_1_230' title='bbox 990 2153 1120 2189; x_wconf 67' lang='lat' dir='ltr'>velites</span> <span class='ocrx_word' id='word_1_231' title='bbox 1141 2167 1207 2191; x_wconf 83' lang='lat' dir='ltr'>an·</span> <span class='ocrx_word' id='word_1_232' title='bbox 1223 2158 1342 2200; x_wconf 72' lang='lat' dir='ltr'>Scipio.</span> 
     </span>
     <span class='ocr_line' id='line_1_32' title="bbox 91 2212 1207 2266; baseline 0.006 -19"><span class='ocrx_word' id='word_1_233' title='bbox 91 2212 368 2262; x_wconf 84' lang='lat' dir='ltr'>tesignanique,</span> <span class='ocrx_word' id='word_1_234' title='bbox 390 2220 428 2250; x_wconf 90' lang='lat' dir='ltr'>et</span> <span class='ocrx_word' id='word_1_235' title='bbox 448 2216 511 2264; x_wconf 86' lang='lat' dir='ltr'>qui</span> <span class='ocrx_word' id='word_1_236' title='bbox 531 2217 643 2266; x_wconf 86' lang='lat' dir='ltr'>primi</span> <span class='ocrx_word' id='word_1_237' title='bbox 670 2217 830 2266; x_wconf 85' lang='lat' dir='ltr'>agminis</span> <span class='ocrx_word' id='word_1_238' title='bbox 862 2224 983 2259; x_wconf 86' lang='lat' dir='ltr'>erant,</span> <span class='ocrx_word' id='word_1_239' title='bbox 1005 2218 1207 2254; x_wconf 81' lang='lat' dir='ltr'>advenien-</span> 
     </span>
     <span class='ocr_line' id='line_1_33' title="bbox 91 2278 1206 2332; baseline 0.006 -21"><span class='ocrx_word' id='word_1_240' title='bbox 91 2281 146 2312; x_wconf 88' lang='lat' dir='ltr'>tes</span> <span class='ocrx_word' id='word_1_241' title='bbox 178 2289 224 2314; x_wconf 87' lang='lat' dir='ltr'>ex</span> <span class='ocrx_word' id='word_1_242' title='bbox 257 2278 407 2322; x_wconf 87' lang='lat' dir='ltr'>itinere,</span> <span class='ocrx_word' id='word_1_243' title='bbox 441 2281 660 2330; x_wconf 87' lang='lat' dir='ltr'>priusquam</span> <span class='ocrx_word' id='word_1_244' title='bbox 694 2283 826 2318; x_wconf 88' lang='lat' dir='ltr'>castris</span> <span class='ocrx_word' id='word_1_245' title='bbox 861 2281 986 2318; x_wconf 84' lang='lat' dir='ltr'>locum</span> <span class='ocrx_word' id='word_1_246' title='bbox 1013 2291 1206 2332; x_wconf 76' lang='lat' dir='ltr'>caperent,</span> 
     </span>
     <span class='ocr_line' id='line_1_34' title="bbox 89 2339 1206 2398; baseline 0.006 -22"><span class='ocrx_word' id='word_1_247' title='bbox 89 2339 185 2377; x_wconf 86' lang='lat' dir='ltr'>adeo</span> <span class='ocrx_word' id='word_1_248' title='bbox 214 2344 437 2382; x_wconf 85' lang='lat' dir='ltr'>contemtim</span> <span class='ocrx_word' id='word_1_249' title='bbox 455 2345 626 2397; x_wconf 86' lang='lat' dir='ltr'>inpetum</span> <span class='ocrx_word' id='word_1_250' title='bbox 646 2347 832 2392; x_wconf 84' lang='lat' dir='ltr'>fecerunt,</span> <span class='ocrx_word' id='word_1_251' title='bbox 854 2353 893 2384; x_wconf 88' lang='lat' dir='ltr'>ut</span> <span class='ocrx_word' id='word_1_252' title='bbox 914 2347 1024 2384; x_wconf 79' lang='lat' dir='ltr'>facile</span> <span class='ocrx_word' id='word_1_253' title='bbox 1049 2348 1206 2398; x_wconf 74' lang='lat' dir='ltr'>adpare-</span> 
     </span>
    </p>

    <p class='ocr_par' dir='ltr' id='par_1_5' title="bbox 600 2411 674 2446">
     <span class='ocr_line' id='line_1_35' title="bbox 600 2411 674 2446; baseline 0 0"><span class='ocrx_word' id='word_1_254' title='bbox 600 2411 629 2446; x_wconf 92' lang='lat' dir='ltr'>C</span> <span class='ocrx_word' id='word_1_255' title='bbox 651 2412 674 2446; x_wconf 81' lang='grc'>4</span> 
     </span>
    </p>
   </div>
  </div>
 </body>
</html>
