1507 2656
0 2218 2 2281 l

295 199 449 228 LtssER
473 196 592 225 xxx.
627 194 958 225 cAp.xxxv11.
1099 186 1177 228 261

68 288 211 337 Asi-iem
232 301 316 324 nere
336 293 436 324 extra
452 287 632 336 Africam,
653 286 784 332 injussa
800 287 928 334 populi
947 286 1102 322 Romani
1119 299 1180 334 ge·
1194 293 1236 322 U.
1250 292 1287 323 C.
1303 300 1374 324 550.

66 358 194 388 rorent.
254 353 449 387 Masinissae
468 364 522 387 res
540 352 742 392 redderent,
753 349 946 398 foedicsque
963 363 1041 386 cnm
1065 363 1103 386 eo
1112 350 1181 399 fa·
1194 337 1235 367 A·
1247 336 1283 367 C·
1298 343 1372 367 ²⁰²·

68 413 195 452 cerent.
252 416 482 450 Frumentum
511 416 796 462 stipendiumque
821 415 977 456 (tuziliis,
1005 415 1113 449 donec
1141 414 1186 449 ab

68 480 186 515 Roma
205 481 314 528 legati
333 481 517 521 redissent,
537 483 760 527 praestarent.
818 479 956 514 Decem
984 479 1101 514 millia
1129 483 1184 514 ta-

68 542 198 579 lentam
229 545 381 591 argenti,
415 544 593 590 descripta
619 543 843 590 pensionibus
873 544 981 590 aequz‘s
1014 544 1050 578 in
1075 555 1187 578 annos

65 609 338 656 qninquaginta,
358 609 544 644 solverent,
590 609 731 643 Obsides
750 613 889 643 centum
909 607 1086 643 arbitratu
1106 608 1185 643 Sci-

64 673 182 720 pionis
200 673 351 709 darent:
378 685 422 709 ne
439 674 591 709 minores
610 674 878 721 quatuordecim
897 673 1011 714 annis,
1031 684 1098 708 neu
1120 673 1186 708 tri-

65 739 167 784 ginta
187 736 348 783 majores.
406 739 574 779 Inclucias
593 739 646 773 ita
664 750 700 773 se
720 739 904 779 daturum,
923 739 952 772 si
968 749 1034 785 per
1049 739 1187 784 priores

66 802 229 836 inducias
247 813 352 836 naves
371 803 543 837 onerariae
562 806 688 850 captoe,
711 813 857 849 quceque
868 800 1028 849 fuissent
1054 802 1089 836 in
1117 812 1185 836 na-

66 865 177 906 vibus,
212 867 493 902 restituerentur.
549 867 669 901 Aliter
696 877 760 901 nec
790 867 964 907 inducias,
999 876 1062 900 nec
1087 877 1186 913 spem

63 929 166 976 pacis
184 930 297 964 ullam
318 942 400 966 esse.
458 929 540 965 Has
568 930 806 966 conditiones
837 929 952 978 legati
974 942 1089 978 quum
1115 929 1184 965 do-

67 1004 170 1028 mum
199 993 336 1028 referre
360 992 458 1042 jussi
478 994 518 1029 in
545 995 729 1029 concione
753 994 919 1037 ederent,
941 1000 978 1029 et
997 993 1118 1041 Gisgo
1137 993 1185 1029 ad

66 1052 369 1092 dissuadendam'
389 1069 520 1106 pacem
559 1057 818 1107 processisset,
861 1057 1125 1105 audireturque
1162 1069 1186 1092 a

67 1119 323 1163 multitudine,
355 1122 525 1170 inquieta
555 1121 686 1157 eadem
712 1127 749 1157 et
778 1120 931 1157 inbelli:
964 1121 1183 1169 indignatus

66 1182 277 1227 Hannibal,
299 1185 372 1220 dici
392 1197 435 1221 ea
454 1185 493 1221 in
522 1185 590 1221 tali
620 1191 790 1235 tempore
819 1184 1028 1235 audirique,
1049 1185 1183 1234 adrep-

64 1253 146 1283 tum
166 1248 373 1298 Gisgonem
393 1263 507 1287 manu
527 1263 595 1286 sua
614 1263 660 1286 ex
680 1251 872 1300 superiore
898 1249 984 1286 loco
1004 1250 1179 1287 detraxit.
1194 1254 1369 1295 Gisgonem

1192 1308 1302 1332 contra
1321 1311 1376 1340 pa-

1191 1351 1208 1371 c
1302 1346 1307 1352 .

66 1375 198 1426 populi
234 1378 427 1420 movisset,
462 1378 703 1427 perturbatus
737 1378 909 1414 militaris
943 1379 999 1414 vir
1035 1346 1384 1420 ιιῐῦᾶῃανῐέιᾱῐξέἑῗ

66 1312 162 1350 Quae
191 1313 340 1349 insueta
368 1313 495 1350 liberae
516 1314 659 1350 civitati
687 1314 829 1363 species
854 1327 968 1363 quum
987 1313 1179 1350 fremitum

66 1439 255 1483 libertate,
278 1443 428 1485 Novem,
458 1443 595 1491 inquit,
616 1455 792 1479 annornm
820 1456 843 1479 a
865 1443 959 1479 vobis
982 1442 1179 1492 profectus,
1194 1432 1292 1463 nibal.

61 1509 145 1553 post
179 1511 314 1541 sextum
346 1511 380 1541 et
418 1509 633 1543 tricesimum
669 1520 804 1544 annum
839 1509 942 1544 redii.
999 1508 1183 1543 Militares

66 1573 173 1610 artes,
204 1581 290 1617 quas
319 1582 374 1604 me
406 1582 430 1605 α
458 1583 572 1618 puero
594 1570 753 1619 sbrtuna
781 1583 875 1608 nunc
898 1572 1055 1619 privata,
1090 1583 1184 1607 nnnc

60 1633 207 1680 publica
227 1635 360 1676 docuit,
378 1635 487 1682 probe
505 1637 628 1671 videor
644 1638 745 1672 scire.
808 1637 911 1673 Urbis
928 1648 971 1672 ac
978 1638 1061 1685 jori
1076 1634 1181 1683 jura,

67 1698 171 1745 leges,
197 1710 322 1739 mores,
343 1711 403 1734 vos
430 1712 486 1735 me
511 1705 651 1748 oportet
680 1702 848 1736 doceatis.
905 1700 1099 1735 Excusata
1123 1699 1181 1735 in-

65 1762 263 1810 prudentia
283 1763 327 1798 de
353 1776 445 1812 pace
472 1764 598 1799 multis
619 1764 740 1800 verbis
761 1764 949 1806 disseruit,
971 1776 1082 1812 quam
1110 1775 1182 1799 nec

65 1826 208 1875 iniqua,
229 1833 266 1862 et
282 1829 490 1865 necessaria
509 1835 618 1865 essct.
676 1829 721 1865 Id
740 1830 909 1865 omnium
928 1830 1090 1865 maxime
1110 1828 1183 1865 dif-

64 1889 161 1926 ficile
180 1898 273 1933 erat,
291 1893 389 1940 quod
411 1906 456 1928 ex
476 1894 634 1930 navibus
655 1907 722 1944 per
742 1894 911 1930 inducias
930 1893 1049 1943 captis
1070 1893 1180 1936 nihil,

65 1960 201 2003 praeter
235 1955 334 2004 ipsas
365 1957 609 2006 comparebat
643 1970 780 1994 naves:
826 1970 948 2006 neque
982 1957 1182 2005 inquisitio

67 2029 148 2054 erat
183 2018 318 2062 facilis,
357 2021 639 2057 adversantibus
683 2022 780 2071 paci,
820 2022 883 2071 qui
921 2027 1183 2069 arguerentur.

66 2082 214 2119 Placuit
234 2096 346 2119 naves
374 2085 490 2128 reddi,
512 2092 549 2121 et
569 2086 742 2121 homines
769 2087 898 2134 utique
920 2085 1070 2134 inquiri.
1110 2085 1183 2120 Ce-

67 2154 161 2189 tera,
198 2160 279 2196 quae
313 2148 501 2192 abessent,
537 2150 758 2185 aestimanda
787 2149 954 2199 Scipioni
989 2149 1179 2198 permitti:

68 2218 180 2259 atque
203 2211 256 2246 ita
278 2212 437 2261 pecunia
461 2212 562 2248 luere
590 2213 943 2261 Karthaginienses
1003 2214 1099 2248 Sunt
1119 2212 1184 2261 qui

66 2274 322 2311 Hannibalem
342 2288 388 2311 ex
418 2276 498 2312 acie
523 2277 570 2312 ad
593 2289 696 2312 mare
724 2278 951 2326 pervenisse,
977 2275 1062 2311 inde
1088 2288 1183 2325 prae-

64 2344 196 2388 parata
222 2351 315 2375 nave
342 2340 387 2376 ad
418 2352 544 2388 regem
564 2341 800 2378 Antiochum
821 2339 1013 2391 extemplo
1034 2339 1183 2391 profec-
