1523 2666
130 264 173 295 U.
184 265 220 294 C.
237 270 312 296 360.

133 309 170 339 A.
184 308 221 340 C.
241 315 311 341 192.

105 2265 212 2305 Legati

107 2310 204 2340 Rom.
223 2308 306 2347 apud

104 2353 283 2393 Magnetas.

322 168 410 214 534
779 175 823 203 Τ.
847 174 979 205 mvn

325 259 448 298 batur.
506 261 582 298 Qui
604 261 667 299 ubi
686 263 808 313 prima
825 265 952 314 vigilia
970 274 1166 312 venerunt,
1186 270 1423 315 nunciantes,

327 330 526 374 tyrannum
546 339 628 363 cum
648 329 776 377 paucis
797 329 843 366 ad
863 330 992 368 urbem
1011 338 1240 382 penetrasse,
1261 331 1425 372 c'eteram

323 389 604 427 multitudinem
632 393 815 430 inermem
844 401 928 432 toto
957 409 1124 446 sparsam
1155 398 1283 446 vagari
1311 398 1423 441 saltu,

323 467 484 506 corpora
503 470 631 494 curare
652 469 714 494 eos
727 457 839 508 jubet
855 475 862 496 ε
891 461 971 512 ipse
989 474 1036 498 ex
1055 468 1178 498 cetera
1198 463 1308 513 copia
1325 462 1424 499 mili-

321 526 404 557 tum
427 523 522 571 (qui,
543 523 631 571 quia
648 524 790 573 priores
821 525 861 561 iu
885 532 1006 562 castra
1024 534 1217 571 venerant,
1237 528 1369 564 refecti
1388 534 1428 564 et

322 585 410 622 cibo
435 594 574 630 sumto,
596 593 633 623 et
658 588 806 626 modica
831 589 956 638 quiete
982 591 1105 639 erant)
1128 591 1308 635 delectos,
1328 592 1426 629 nihil

323 659 458 699 praeter
478 651 621 699 gladios
648 665 773 689 secum
798 653 976 697 ferentes,
1003 655 1193 706 extemplo
1218 657 1357 703 educit,
1387 664 1427 693 et

320 716 480 752 duarum
511 723 705 766 portarum
736 717 948 761 itineribus,
979 731 1060 767 quae
1090 719 1246 763 Pheras,
1269 733 1427 769 quaeque

320 779 625 818 Barbosthenem
650 782 791 825 ferunt,
825 794 889 818 eos
921 782 1101 820 instruxit
1112 799 1123 829 3
1155 795 1229 832 qua
1254 797 1300 821 ex
1333 785 1427 834 fuga

322 851 538 895 recepturos
566 858 645 882 sese
671 846 799 882 hostes
825 846 1013 884 credebat.
1067 847 1152 884 Nec
1178 861 1262 885 eum
1294 850 1427 899 opinio

321 909 479 948 fefellit:
522 922 610 946 nam
646 911 940 955 Lacedaemonii,
961 912 1086 961 quoad
1116 912 1210 949 lucis
1242 914 1428 964 superfuit

320 977 539 1026 quidquam,
560 976 676 1012 deviis
696 975 852 1012 vallibus
871 976 996 1013 medio
1012 976 1110 1013 saltu
1125 989 1164 1013 se
1179 977 1426 1029 recipiebant.

322 1039 452 1077 Primo
476 1052 630 1091 vespere
654 1046 697 1076 ut
724 1039 869 1077 lumina
899 1041 939 1078 in
969 1041 1099 1077 castris
1132 1041 1301 1078 hostium
1333 1055 1426 1079 con-

322 1117 490 1155 spexere,
512 1118 532 1141 e
556 1106 711 1153 regione
737 1117 867 1141 corum
886 1105 1045 1142 occultis
1074 1107 1215 1142 semitis
1236 1119 1276 1143 se
1293 1113 1428 1144 tenue-

321 1175 433 1207 runt:
466 1169 529 1206 ubi
550 1183 594 1206 ea
615 1176 703 1206 sunt
724 1171 933 1219 praegressi,
947 1169 1030 1220 jam
1048 1176 1173 1206 tutum
1191 1171 1278 1214 rati,
1299 1171 1340 1208 in
1358 1185 1428 1222 pa-

321 1239 444 1270 tentes
471 1234 548 1270 vias
578 1234 871 1271 descenderunt:
903 1233 957 1270 ibi
990 1234 1138 1284 excepti
1167 1233 1214 1270 ab
1243 1235 1429 1273 insidente

322 1298 434 1335 hoste
463 1298 603 1348 passim
635 1298 690 1333 ita
722 1297 832 1334 multi
857 1299 943 1334 caesi
968 1298 1143 1349 captique
1172 1304 1272 1342 sunt,
1301 1305 1343 1335 ut
1365 1300 1431 1338 vix

322 1369 457 1412 quarta
476 1374 561 1412 pars
581 1362 626 1399 de
644 1368 729 1398 toto
746 1363 912 1401 exercitu
931 1363 1103 1400 evaserit.
1144 1362 1426 1414 Philopoemen,

322 1425 469 1463 inciuso
501 1433 664 1475 tyranno
696 1426 736 1462 in
764 1426 909 1469 urbem,
935 1428 1174 1477 insequentes
1200 1427 1279 1464 dies
1307 1440 1428 1479 prope

320 1491 479 1540 triginta
500 1490 690 1528 vastandis
721 1492 820 1540 agris
847 1491 1047 1528 Laconum
1073 1490 1270 1534 absumsit,
1291 1492 1425 1528 debili-

324 1556 487 1604 tatisque
505 1568 548 1592 ac
567 1568 684 1606 prope
699 1555 827 1592 fractis
846 1557 999 1605 tyranni
1018 1555 1173 1599 viribus,
1194 1556 1348 1593 domum
1366 1569 1426 1593 re·-

322 1619 405 1663 diit‚
428 1620 662 1669 aequantibus
682 1633 766 1656 eum
790 1619 912 1668 gloria
938 1632 1062 1657 rerum
1087 1620 1237 1657 Achaeis
1264 1621 1426 1671 impera-

321 1684 397 1720 tori
416 1684 608 1727 Romano,
629 1690 679 1727 et,
701 1685 802 1734 quod
828 1685 876 1721 ad
901 1683 1134 1721 Laconicum
1162 1683 1304 1721 bellum
1330 1685 1426 1721 adti-

322 1756 441 1793 neret,
462 1749 747 1799 praeferentibus
768 1750 894 1786 etiam.

373 1811 532 1849 XXXI.
562 1812 666 1849 Dum
688 1814 786 1849 inter
807 1813 969 1851 Achaeos
996 1819 1033 1849 et
1058 1818 1260 1862 tyrannum
1284 1811 1426 1851 bellum

322 1882 415 1919 erat,
436 1876 550 1925 legati
570 1875 834 1913 Romanorum
860 1877 1056 1912 circumire
1087 1877 1276 1913 sociorum
1299 1876 1425 1920 urbes,

321 1939 489 1984 solliciti,
511 1953 557 1976 ne
580 1940 703 1977 AEtoli
729 1941 846 1990 partis
872 1939 1028 1990 alicujus
1055 1941 1200 1976 animos
1221 1941 1268 1976 ad
1286 1941 1427 1976 Antio-

321 2004 433 2041 chum
453 2006 697 2041 avertissent:
729 2005 923 2041 minimum
950 2017 1074 2054 operae
1100 2006 1139 2040 in
1164 2004 1314 2041 Achaeis
1338 2004 1426 2041 ade-

319 2069 429 2105 undis
446 2079 752 2116 consumserunt3
776 2082 884 2119 quOS,
898 2070 984 2119 quia
1001 2069 1142 2105 Nabidi
1158 2068 1286 2104 infesti
1303 2075 1424 2112 erant,

319 2133 366 2170 ad
382 2141 504 2170 cetera
525 2147 673 2183 quoque
696 2135 786 2171 satis
811 2134 902 2170 fidos
929 2132 1134 2169 censebant
1156 2144 1247 2168 esse.
1303 2131 1426 2167 Athe-

318 2209 386 2233 nas
416 2198 591 2248 primum,
624 2198 710 2234 inde
742 2197 974 2239 Chalcidem,
1008 2195 1093 2232 inde
1124 2195 1163 2230 in
1189 2193 1424 2232 Thessaliam

319 2260 417 2297 iere:
451 2261 689 2311 adlocutique
710 2261 872 2299 concilio
898 2259 1085 2308 frequenti
1104 2257 1320 2300 Thessalos,
1341 2257 1421 2293 De-

319 2325 538 2365 metriadem
558 2326 627 2362 iter
647 2325 804 2366 flexere:
836 2338 882 2362 eo
897 2323 1122 2374 Magnetum
1141 2321 1344 2361 concilium
1362 2322 1420 2362 in<
