1507 2656
351 209 507 241 LIBER
529 206 675 237 XXXI.
709 206 815 236 CAP.
838 206 934 237 vn.
1109 204 1193 252 279

79 306 162 343 bins
181 303 355 342 tribunus
374 299 510 352 plebis,
529 299 631 335 viam
653 296 849 347 antiquam
866 296 1094 334 criminandi
1116 298 1191 335 Pa·
1206 308 1248 338 U.
1263 306 1300 339 C.
1315 315 1389 340 552.

73 378 148 408 tres
179 370 384 418 ingressus,
412 366 649 402 incusaverat
677 363 778 400 bella
811 375 856 400 ex
882 362 991 399 benis
1025 364 1111 407 seri,
1137 376 1186 400 ne
1206 352 1388 383 A·C·2⁰⁰·

74 447 168 485 pace
195 443 375 481 umquam
406 429 483 466 frui
510 427 616 479 plebs
650 434 791 478 posset.
849 426 971 476 AEgre
1001 439 1085 463 eam
1109 440 1190 465 rem

75 498 175 549 passi
193 496 340 538 Patres,
356 493 617 541 laceratusque
637 491 786 543 probris
806 492 846 528 in
862 496 998 527 senatu
1013 491 1188 528 tribunus

74 561 215 612 plebis:
248 565 286 596 et
312 557 507 596 consulem
538 570 609 608 pro
642 570 681 593 se
701 556 859 607 quisque
887 556 1048 599 hortari,
1077 561 1120 591 ut
1145 556 1192 592 de

74 627 224 674 integro
250 624 408 661 comitia
431 622 626 672 rogationi
644 621 808 658 ferendae
829 622 1006 665 ediceret,
1028 620 1193 669 castiga-

75 696 208 740 retque
244 688 446 739 segnitiem
476 687 632 738 populi:
682 693 797 737 atque
841 686 1008 729 doceret,
1046 691 1193 735 quanto

79 755 218 792 damno
239 753 489 802 dedecorique
508 751 638 789 dilatio
659 764 704 788 ea
721 751 814 788 belli
833 750 963 788 futura
982 756 1094 787 esset.

131 817 224 855 VII.
254 817 399 854 Consul
430 817 470 852 in
500 829 634 866 campo
659 815 806 853 Blartio
836 815 1000 852 comitiis
1034 813 1190 858 habitis,
1210 822 1350 895 Castiflgat

1212 875 1297 906 popu
1314 874 1373 895 um

80 883 300 934 priusquam
313 882 501 918 centurias
517 882 557 917 in
574 881 794 930 suffragium
809 881 992 921 mitteret,
1009 879 1195 915 concione
1212 907 1327 940 consul

80 947 278 989 advocata,
311 947 499 993 Ignorare,
529 945 668 994 inquit,
698 946 871 982 videmini
895 944 998 988 mihi,
1022 944 1194 987 Quirites,

79 1023 164 1054 non,
183 1016 307 1047 utrum
326 1010 458 1046 bellu-m
473 1022 520 1046 an
531 1022 659 1058 pacem
674 1010 845 1052 habeatis,
863 1021 924 1046 vos
937 1010 1097 1046 consuli:
1119 1009 1199 1057 (ne-

80 1089 147 1126 que
165 1078 260 1113 enim
280 1075 430 1112 liberum
445 1076 483 1112 id
493 1076 588 1112 vobis
598 1077 782 1124 permittit
802 1075 1010 1124 Philippus,
1025 1075 1086 1123 qui
1102 1079 1201 1111 terra

82 1142 244 1190 marique
265 1142 390 1187 ingens
408 1139 539 1176 bellum
561 1140 725 1187 molitur)
749 1141 811 1176 sed
830 1145 952 1176 utrum
972 1140 1009 1175 in
1028 1139 1202 1175 Macedo-

81 1207 182 1242 niam
201 1206 354 1253 legiones
374 1206 638 1252 transportetis,
659 1217 709 1240 an
727 1204 862 1241 hostem
878 1206 916 1240 in
936 1204 1088 1240 Italiam
1107 1203 1202 1239 acci-

77 1272 202 1318 piatis.
258 1270 340 1306 Hoc
362 1274 538 1317 quantum
565 1270 719 1313 intersit,
743 1271 774 1305 si
800 1281 971 1318 umquam
991 1273 1076 1305 ante
1095 1268 1202 1310 alias,

90 1336 229 1370 Punico
257 1339 350 1370 certe
377 1336 542 1382 proximo
572 1334 662 1370 bello
690 1335 828 1382 experti
856 1335 948 1370 estis.
1008 1334 1095 1374 Quis
1114 1333 1209 1369 enim

87 1398 243 1441 dubitat,
264 1399 363 1446 quin,
383 1399 415 1433 si
444 1398 656 1445 Saguntinis
684 1397 823 1434 obsessis
839 1384 1024 1447 fidemque
1045 1401 1207 1433 nostram

89 1462 352 1510 inplorantibus
370 1463 509 1510 inpigre
529 1463 729 1498 tulissemus
744 1474 860 1511 opem,
880 1463 973 1498 sicut
986 1465 1112 1509 patres
1125 1472 1207 1496 nos-

89 1528 138 1562 tri
155 1526 386 1562 Mamertinis
411 1527 584 1570 tulerant,
608 1531 721 1562 totum
743 1528 780 1562 in
799 1527 1021 1574 Hispaniam
1045 1526 1206 1561 aversuri

89 1590 220 1627 bellum
241 1590 440 1640 fuerimus,
472 1592 570 1639 quod
598 1592 796 1627 cunctando
827 1603 905 1627 cum
935 1603 1075 1627 summa
1106 1590 1209 1626 clade

91 1659 214 1692 nostra
231 1657 270 1691 in
291 1656 443 1692 Italiam
461 1657 659 1704 accepimus
672 1658 695 1691 ,Ρ
718 1656 775 1692 Ne
795 1656 887 1692 illucl
905 1656 1047 1703 quidem
1062 1654 1210 1691 dubium

91 1725 156 1763 est,
177 1722 264 1768 quin
283 1720 374 1756 hunc
394 1722 510 1767 ipsum
530 1720 757 1768 Philippum,
770 1723 921 1767 pactum
931 1718 1013 1765 jam
1028 1731 1094 1767 per
1111 1719 1209 1766 lega-

94 1789 146 1820 tos
163 1785 354 1832 litei-usque
371 1796 450 1820 cum
466 1784 672 1819 Hannibale
687 1785 723 1819 in
739 1784 892 1819 Italiam
912 1781 1087 1829 trajicere,
1105 1783 1210 1818 ‘misso

95 1861 173 1885 cum
204 1850 313 1885 classe
342 1849 501 1891 Lcevino,
528 1849 591 1896 qui
622 1849 719 1884 ultro
749 1849 781 1883 ei
811 1848 941 1883 bellum
974 1846 1136 1895 inferret,
1172 1847 1211 1882 in

96 1913 313 1949 Macedonia
331 1914 610 1949 continuerimus
623 1928 634 1948 .·
653 1917 688 1948 et
707 1913 801 1960 quozl
821 1917 904 1947 tunc
912 1910 1083 1959 fecimus,
1105 1923 1214 1959 quum.

97 1978 231 2014 hostem
245 1978 489 2014 Hannibalem
504 1979 542 2013 in
560 1978 674 2013 Italia
689 1977 910 2019 haberemus,
930 1978 968 2012 id
986 1989 1093 2018 nunc,
1108 1975 1213 2023 pulso

101 2043 213 2079 Italia
242 2038 459 2085 Hannibale,
492 2044 637 2078 devictis
667 2041 1038 2090 Karthaginiensibus,
1065 2045 1212 2076 cuncta-

100 2119 181 2142 mur
207 2106 366 2155 facere?
405 2109 600 2144 Patiamur
635 2107 884 2155 expugnandis
919 2106 1083 2148 Athenis,
1120 2106 1214 2141 sicut

100 2170 264 2217 Sagunto
293 2172 528 2218 expugnando
555 2171 796 2207 Hannibalem
820 2171 917 2219 passi
945 2182 1077 2212 sumus,
1097 2170 1214 2216 segni-

102 2235 185 2269 tiem
204 2240 363 2271 nostram
381 2237 535 2284 experiri
554 2248 684 2283 regem.
733 2236 817 2271 Non
837 2237 961 2283 quinto
981 2235 1064 2270 inde
1083 2245 1213 2275 mense,

101 2302 397 2348 quemadmodum
423 2302 466 2337 ab
496 2302 660 2350 Sagunto
686 2302 885 2345 Hannibal,
905 2303 968 2337 secl
990 2302 1114 2349 quinto
1132 2301 1216 2336 inde

102 2367 170 2408 die,
192 2378 297 2415 quam
316 2366 359 2404 ab
380 2366 549 2404 Corintho
575 2368 720 2404 solverit
748 2379 868 2411 naves,
889 2368 927 2402 in
953 2366 1103 2402 Italiam
1131 2376 1215 2413 per-
