1523 2666
315 136 399 190 508
767 145 812 174 T.
838 145 974 175 mvn

120 240 164 270 U.
178 241 306 274 C.'559.
317 239 460 285 perisse,
498 235 592 285 quod
628 235 767 271 tardius
802 247 843 272 ea:
877 236 1054 278 subsidiis,
1093 239 1153 285 qui
1190 238 1427 276 laborantibus

119 284 162 315 Α·
176 284 213 315 C'
234 290 305 317 ¹⁹3·
318 314 420 351 opem
426 301 585 350 ferrent,
605 302 854 337 successissent.
912 301 1042 336 Hostes
1060 312 1078 337 e
1096 303 1255 340 manibus
1273 305 1425 346 emissos,

317 366 413 414 quod
430 365 603 414 equitibus
632 366 836 413 legionariis
855 371 889 402 et
909 368 1049 403 tardius
1066 368 1193 405 datum
1209 370 1351 417 signum
1372 381 1425 406 es-

316 418 386 472 set,¹
402 434 438 465 et
453 429 618 477 persequi
626 428 816 477 fugientes
833 442 903 465 non
923 431 1088 467 licuisset.

121 494 240 524 Civitas
371 491 462 529 VII.
491 492 552 528 De
571 504 616 527 ea
643 504 683 527 re
711 491 807 527 nihil
834 498 975 529 temere
1003 494 1154 530 decerni
1182 494 1347 544 placuit:
1381 495 1443 532 ad.

122 538 244 611 ἱῗῖἃῖἷε
260 537 305 568 ιε’
316 556 592 606 frequentiores
613 555 843 592 consultatio
863 556 980 593 dilata
999 564 1067 595 est.
1125 558 1300 596 Instabat
1325 559 1428 596 enim

318 634 409 659 cura
428 619 514 663 alia,
536 619 638 669 quod
665 620 796 655 civitas
825 619 973 657 foenore
1002 621 1224 659 laborabat:
1257 630 1296 659 et
1313 624 1428 673 quod,

318 698 434 735 quum
453 684 580 721 multis
601 683 835 720 foenebribus
866 684 1012 734 legibus
1039 687 1246 723 constricta
1273 688 1432 724 avaritia

318 757 431 794 esset,
453 751 513 786 via
540 749 682 785 fraudis
712 750 808 786 inita
837 756 931 793 erat,
959 756 1000 786 ut
1030 751 1070 787 in
1100 751 1238 794 socios,
1260 751 1323 800 qui
1353 764 1431 787 non

318 821 539 852 tenerentur
568 815 612 850 iis
646 813 807 863 legibuS,
837 816 994 851 nomina
1022 814 1346 860 transcriberent3
1377 815 1434 851 ita

319 879 440 916 libero
474 878 622 915 foenore
655 878 870 914 obruebant
907 878 1108 915 debitores.
1176 877 1293 929 Cujus
1328 884 1437 915 coer-

321 943 430 980 cendi
461 956 576 992 quum
609 943 708 978 ratio
738 950 982 991 quaereretur,
1017 943 1114 980 diem
1153 943 1251 980 finiri
1291 942 1434 993 placuit

322 1007 483 1050 Feralia,
514 1020 596 1056 quae
629 1007 802 1057 proxime
834 1006 1022 1043 fuissent:
1058 1013 1113 1050 ut,
1143 1008 1205 1056 qui
1236 1013 1323 1057 post
1352 1019 1434 1043 eam

323 1073 422 1108 diem
452 1072 543 1108 socii
574 1070 718 1115 civibus
748 1070 935 1106 Romanis
965 1071 1211 1108 credidissent
1239 1071 1433 1121 pecunias,

324 1136 592 1186 profiterentur
609 1152 618 1184 5
652 1142 689 1171 ct
709 1148 753 1171 ex
774 1148 818 1171 ea
837 1135 896 1170 die
916 1136 1084 1184 pecuniae
1111 1135 1276 1178 creditae,
1298 1135 1433 1184 quibus

325 1201 474 1237 debitor
494 1199 605 1235 vellet
623 1199 784 1247 legibus,
799 1199 863 1249 jus
885 1200 1060 1235 creditori
1082 1200 1280 1236 diceretur.
1324 1199 1433 1243 Inde,

325 1272 527 1315 postquam
548 1264 846 1314 professionibus
867 1264 1016 1299 detecta
1036 1270 1093 1299 est
1113 1264 1332 1312 magnitudo
1352 1264 1434 1300 aeris

328 1329 455 1371 alieni,
475 1341 542 1378 per
562 1329 660 1364 hanc
681 1328 851 1364 fraudem
882 1328 1083 1370 contracti,
1113 1327 1170 1365 M.
1191 1328 1434 1378 Sempronius

327 1392 500 1428 tribunus
522 1391 640 1441 plebis
661 1404 706 1428 ex
727 1392 953 1428 auctoritate
973 1391 1129 1427 Patrum
1148 1390 1296 1441 plebem
1322 1403 1434 1439 roga-

327 1458 394 1499 vit,
414 1456 617 1507 plebesque
637 1456 760 1499 scivit,
782 1461 823 1492 ut
849 1468 931 1492 cum
963 1456 1074 1492 sociis
1105 1469 1147 1492 ac
1176 1456 1331 1492 nomine
1359 1455 1435 1491 La-

327 1523 410 1557 tino
440 1521 608 1570 pecuniae
639 1520 790 1556 creditae
814 1519 877 1570 jus
907 1520 1020 1562 idem,
1050 1520 1150 1568 quod
1178 1532 1263 1556 cum
1291 1519 1434 1556 civibus

327 1584 529 1627 Romanis,
560 1592 669 1622 esset.
727 1584 822 1621 Haec
859 1585 897 1620 in
936 1583 1049 1624 Italia
1085 1584 1187 1620 domi
1219 1583 1438 1633 militiaeque

136 1656 285 1689 Rests-
330 1656 425 1686 acta.
485 1649 529 1685 ln
563 1648 753 1699 Hispania
781 1661 1019 1697 nequaquam
1050 1654 1198 1691 tantum
1227 1647 1317 1683 belli
1349 1647 1436 1690 fuit,

134 1701 246 1738 pamiae.
330 1720 513 1762 quantum
545 1720 702 1749 auxerat
730 1712 843 1749 fama.
901 1712 944 1748 C.
965 1711 1172 1753 Flaminius
1203 1712 1241 1747 in
1271 1710 1438 1747 citeriori

330 1777 520 1828 Hispania
541 1776 722 1826 oppidum
751 1776 910 1812 Iluciam
940 1776 977 1811 in
1009 1775 1186 1811 Oretanis
1218 1774 1340 1824 cepit:
1373 1773 1438 1810 de-

328 1840 414 1876 inde
446 1841 485 1876 in
518 1839 678 1876 hiberna
709 1839 846 1875 milites
885 1839 1062 1890 deduxit:
1099 1846 1137 1874 et
1171 1851 1239 1888 per
1273 1838 1434 1874 hiemem

328 1904 464 1954 proelia
491 1903 650 1953 aliquot,
677 1903 782 1939 nulla
810 1904 993 1939 memoria
1021 1903 1150 1951 digna,
1178 1902 1354 1938 adversus
1384 1902 1439 1938 la-

329 1977 482 2004 tronum
514 1969 649 2017 magiS,
684 1981 797 2017 quam
826 1968 1011 2017 hostium,
1045 1967 1300 2009 excursiones,
1334 1967 1440 2002 vario

329 2040 457 2068 tamen
478 2041 627 2074 eventu,
648 2044 717 2068 nec
737 2032 817 2067 sine
843 2031 1004 2067 militum
1026 2030 1192 2081 jactura,
1214 2036 1302 2066 sunt
1324 2029 1439 2068 facta.

330 2095 497 2145 Majores
528 2108 586 2132 res
615 2101 730 2144 gestae
758 2108 780 2131 a
805 2095 861 2132 M.
882 2095 1029 2132 Fulffio.
1086 2094 1124 2130 Is
1143 2094 1243 2144 apud
1261 2093 1441 2131 Toletum

330 2159 511 2210 oppidum
540 2173 624 2195 cum
646 2160 678 2193 V
682 2160 811 2195 accaeis
833 2158 1143 2208 Vectonibusque
1169 2164 1206 2194 et
1235 2156 1437 2206 Celtiberis

331 2225 446 2272 signis
468 2223 627 2260 conlatis
649 2224 863 2260 dimicavit:
890 2224 1098 2260 exercitum
1118 2235 1246 2260 earum
1265 2222 1436 2271 gentium

330 2288 426 2324 fudit
446 2289 666 2338 fugavitque
685 2304 691 2326 :
725 2301 853 2339 regem
872 2288 1088 2328 Hilermum
1106 2289 1232 2324 vivum
1252 2286 1362 2338 cepit.
