1523 2666
93 262 180 325 QG.
199 289 271 312 554.

88 326 126 353 A.
144 324 179 354 C.
201 332 271 357 198.

86 539 114 566 A
134 546 218 577 tergo

89 582 226 612 Romani

89 636 189 663 tegio<

88 671 243 701 invadunt

86 720 116 742 st
130 714 252 752 fugant.

82 1778 151 1808 'Rex
169 1777 201 1806 in

83 1820 246 1851 Thessali-

85 1874 139 1895 am
154 1864 244 1903 sugit.

87 2098 237 2135 Sequitur

88 2142 211 2173 consul.

287 183 372 229 344
731 186 775 216 τ.
799 166 935 216 Livn

287 275 516 311 munitiones
548 279 733 325 pugnant,
754 276 863 312 haud‘
884 275 1012 326 paullo
1041 278 1212 328 superior
1240 284 1298 315 est
1315 271 1402 316 Ro-

285 352 418 376 manus
439 339 558 382 miles,
581 346 617 375 et
636 341 789 383 virtute,
811 348 849 377 et
868 342 1039 385 sci-entia,
1062 349 1099 379 et
1119 356 1309 380 armorum
1335 356 1407 393 ge*

283 417 385 441 nere.
441 404 663 453 Postquam,
694 405 820 441 multis
860 406 1062 443 vulneratis
1101 408 1399 458 interfectisque,

282 482 456 519 recepere
477 482 515 505 se
535 471 628 518 regii
648 471 688 505 in
707 470 805 513 loca,
827 477 892 506 aut
912 472 1162 515 munimento,
1181 478 1246 508 aut
1264 478 1403 508 natura·

283 541 380 577 tuta,
400 542 562 570 verterat
582 533 790 584 periculum
812 535 849 570 in
868 535 1081 579 Romanos,
1097 543 1239 573 temere
1257 537 1297 572 in
1316 536 1407 572 loca³

282 598 425 647 iniqua,
446 610 516 634 nec
542 597 671 634 faciles
702 598 748 634 ad
778 606 970 648 receptum
1000 601 1192 648 angustias
1223 612 1407 650 progres*

282 676 363 701 sos:
386 676 508 713 neque
524 665 700 714 inpunita
718 665 931 701 temeritate
952 666 1038 701 inde
1054 667 1284 716 recepissent
1304 678 1400 709 sese,

280 728 319 764 ni
353 727 495 764 clamor
527 729 690 778 primum
725 728 771 765 ab
809 734 918 777 tergo
952 729 1116 772 auditus,
1151 729 1237 764 (lein
1272 741 1406 779 pugna‘

282 793 395 828 etiam
427 799 566 842 cceptu,
589 798 756 828 amentes
786 794 986 842 repentino
1016 800 1160 829 terrore
1188 793 1313 841 regios
1341 793 1401 829 fe-

281 858 407 893 cisset.
454 857 546 893 Pars
568 858 605 893 in
626 856 756 905 fugam
777 857 883 893 effusi
904 864 991 893 sunt
1010 872 1017 894 2
1050 870 1136 907 pars
1156 858 1289 906 magiS‚
1311 858 1400 906 quia

278 921 384 958 locus
406 922 505 970 fugae
525 922 665 965 deerat,
687 935 799 970 quam
829 922 930 970 quod
959 923 1075 958 animi
1104 923 1193 958 satis
1224 928 1322 957 esset
1350 921 1399 958 ad

276 998 461 1038 pugnam,
480 999 593 1035 quum
615 985 887 1028 substitissent,
906 985 952 1021 ab
973 986 1097 1028 hoste,
1115 991 1153 1020 et
1172 999 1193 1021 a
1212 985 1340 1021 fronte
1360 991 1399 1021 et

279 1050 326 1086 ab
356 1056 466 1099 tergo
496 1057 667 1100 urgente,
698 1050 944 1087 circumventi
973 1056 1073 1087 sunt.
1128 1050 1259 1086 Deleri
1293 1055 1397 1086 totus

277 1117 465 1151 exercitus
496 1116 636 1166 potuit,
659 1116 688 1150 si
718 1115 908 1164 fugientes
938 1116 1125 1165 persecuti
1147 1116 1308 1152 victores
1339 1128 1397 1151 es-

277 1188 384 1218 sent:
419 1182 481 1218 scd
513 1183 678 1231 equitem
708 1182 893 1229 angustiae
923 1181 1170 1230 locorumque
1199 1180 1396 1230 asperitas,

276 1244 443 1296 peditem
479 1258 669 1282 armorum
708 1247 872 1294 gravitas
917 1247 1088 1297 inpediit.
1144 1245 1231 1281 Rex
1274 1245 1400 1294 primo

276 1311 393 1347 effuse
414 1324 456 1347 ac
477 1312 557 1347 sinc
576 1319 749 1361 respectu
770 1310 890 1360 fugit:
925 1311 1024 1354 dein,
1047 1311 1211 1359 quinque
1238 1309 1399 1345 millium

277 1376 442 1425 spatium
464 1388 699 1426 progressus,
722 1388 837 1424 quum
858 1389 903 1411 ex
924 1376 1124 1424 iniquitate
1153 1374 1338 1417 locorum,
1359 1373 1402 1409 id

280 1440 382 1488 quod
403 1448 496 1483 erat,
518 1441 728 1491 suspicatus
751 1446 863 1482 esset,
881 1440 986 1488 sequi
1006 1452 1083 1474 non
1103 1451 1214 1489 posse
1232 1439 1397 1480 hostem,

279 1503 451 1541 substitit
488 1507 525 1541 iu
563 1505 710 1541 tumulo
744 1505 921 1554 quodam,
961 1504 1177 1552 dimisitque
1210 1515 1296 1538 suos
1332 1515 1399 1552 per

279 1570 409 1606 omnia
430 1569 529 1619 juga
553 1569 756 1618 vallesque,
778 1570 841 1618 qui
861 1569 1008 1619 palatos
1030 1569 1068 1603 in
1089 1581 1205 1603 unum
1225 1567 1397 1615 conlige-

277 1640 374 1670 rent.
430 1634 523 1670 Non
551 1634 633 1684 plus
655 1634 801 1669 duobus
823 1632 987 1669 millibus
1017 1632 1213 1667 hominum
1235 1631 1396 1673 amissis,

278 1704 403 1734 cetera
419 1699 541 1734 omnis
561 1697 780 1740 multitudo,
797 1697 900 1733 velut
914 1698 1066 1744 signum
1082 1695 1234 1744 aliquod
1252 1699 1397 1738 secuta,

278 1764 318 1799 in
340 1777 454 1799 unum
476 1777 590 1812 quum
612 1763 866 1804 convenisset,
883 1761 1072 1811 frequenti
1093 1761 1243 1809 agmine
1262 1766 1399 1810 petunt

278 1828 529 1865 Thessaliam.
587 1828 770 1870 Romani,
802 1827 927 1876 quoad
964 1833 1089 1862 tutum
1118 1826 1192 1861 fuit
1220 1827 1396 1869 insecuti,

280 1894 465 1929 caedentes
497 1893 780 1943 spoliantesque
814 1904 944 1935 caesos,
977 1898 1100 1927 castra
1132 1891 1250 1940 regia,
1283 1891 1397 1926 etiam

280 1958 361 1994 sine
381 1957 640 1993 defensoribus
665 1955 805 1991 difficili
832 1956 950 1998 aditu,
972 1956 1180 2005 diripiunt:
1213 1961 1326 2003 atque
1356 1967 1399 1990 ca

279 2029 392 2059 nocte
414 2023 452 2057 in
472 2022 547 2057 suis
569 2022 699 2056 castris
722 2026 953 2056 manserunt.

334 2087 453 2124 XIII.
483 2087 644 2122 Postero
665 2086 723 2121 (lie
743 2086 876 2121 consul
894 2099 960 2135 per
981 2086 1080 2134 ipsus
1098 2086 1307 2134 angustias,
1325 2098 1400 2134 qua

281 2167 320 2189 se
340 2153 439 2188 inter
453 2151 565 2187 valles
582 2151 721 2187 fiumen
742 2151 923 2193 insinuat,
936 2151 1084 2186 hostem
1102 2151 1283 2199 sequitur.
1313 2149 1399 2187 Rex

281 2219 403 2268 primo
431 2218 490 2253 die
520 2216 567 2253 ad
598 2216 732 2252 Castra
752 2216 887 2265 Pyrrhi
915 2216 1112 2265 pervenit:
1145 2214 1266 2258 locus,
1287 2227 1399 2264 quem

282 2284 336 2317 ita
363 2290 515 2325 vocant,
537 2287 594 2317 cst
623 2281 661 2316 in
690 2279 889 2331 Triphylia
918 2286 1025 2316 terrae
1055 2279 1278 2316 Pvlelotidis:
1311 2280 1399 2315 inde

282 2352 434 2398 postero
455 2347 513 2383 die
537 2347 686 2395 (iugens
708 2346 779 2382 iter
799 2346 973 2394 agminis,
994 2345 1058 2382 sed
1078 2352 1199 2382 metus
1220 2343 1399 2392 urgebat)
