1523 2666
294 135 380 177 404
754 134 800 164 T.
828 135 961 165 mvn

101 223 142 254 U.
154 223 190 255 C
210 232 283 258 555.
297 236 375 259 rem
395 236 438 259 ac
456 222 596 259 liberos
617 230 780 272 quatuor
806 225 1026 274 superstites
1052 224 1210 261 habuit:
1243 225 1344 262 mitis
1365 236 1408 263 ae

100 267 189 298 Αἰ·
212 276 494 323 ¹97'munificus
522 287 650 323 amicis
680 286 774 323 fnit:
808 301 967 336 regnum
997 289 1090 324 adeo
1111 288 1246 325 stabile
1273 303 1316 326 ac
1344 290 1408 326 fir-

294 362 399 386 mum
418 349 582 398 reliquit,
604 357 645 386 ut
676 351 722 386 ad
751 352 903 387 tertiam
937 353 1091 402 stirpem
1118 353 1308 402 possessio
1329 352 1409 403 ejus

295 413 542 451 descenderit.
599 416 727 454 Quum
756 417 786 451 is
814 423 932 452 status
960 429 1084 452 rerum
1115 417 1150 452 in
1172 417 1278 459 Asia,
1301 417 1408 454 Grae-

296 478 442 526 ciaque,
463 487 500 514 et
528 479 759 514 Macedonia
784 487 896 521 esset,
917 481 1071 516 vixdum
1096 481 1303 517 terminato
1323 494 1409 518 cum

98 531 260 604 §.otus-in
295 541 474 592 Philippo
502 542 618 584 bello,
647 555 739 591 pace
768 550 868 578 certe
894 544 1061 579 nondum
1089 550 1320 593 perpetrata,
1352 545 1409 581 in-

133 585 263 615 ispania.
295 618 386 654 gens
423 606 463 641 in
497 605 687 654 Hispania
725 605 903 641 ulteriore
942 613 1116 642 coortum
1161 614 1218 643 est
1254 607 1408 645 bellum.

292 669 350 706 M.
384 669 544 706 Helvius
576 682 658 705 eam
689 670 921 719 provinciam
953 670 1163 707 obtinebat.
1223 671 1260 706 Is
1290 672 1409 708 literis

294 740 465 770 senatum
488 734 688 770 certiorem
708 734 812 777 fecit,
837 734 984 770 Colcam
1004 740 1038 770 et
1058 736 1252 771 Luscinum
1271 738 1412 784 regulos

293 801 329 835 in
358 801 467 835 armis
497 811 577 836 esse.
637 800 727 835 Cum
759 799 867 835 Colca
898 801 1016 835 decem
1044 805 1079 836 et
1103 805 1239 847 septem
1263 802 1411 849 oppida,

294 876 373 900 cum
402 866 555 900 Luscino
582 866 722 900 validas
750 865 861 907 urbes,
886 865 1085 901 Cardonem
1119 870 1154 900 et
1182 866 1413 903 Bardonem:

294 933 330 964 et
348 930 569 963 maritimam
585 941 683 963 oram
705 940 857 970 omnem,
876 941 953 976 quse
971 930 1127 964 nondum
1143 931 1280 965 animos
1295 931 1410 966 nuda-

290 998 407 1036 verat,
429 994 726 1042 adfinitz'morum
747 998 864 1029 motus
884 999 1202 1030 consurrecturam.
1236 993 1309 1030 His
1326 995 1411 1031 lite-

291 1056 343 1092 ris
363 1069 382 1092 a
404 1056 460 1092 M.
482 1057 614 1105 Sergio
634 1063 810 1106 praetore,
833 1056 939 1107 cujus
953 1056 1172 1107 jurisdictio
1194 1059 1292 1095 inter
1311 1059 1410 1095 cives

293 1127 387 1164 erat,
408 1122 590 1163 recitatis,
611 1121 857 1157 decreverunt
882 1121 1028 1164 Patres,
1051 1128 1106 1165 nt,
1129 1124 1292 1159 comitiis
1312 1137 1408 1174 prae-

291 1190 417 1220 torum
438 1185 630 1235 perfectis,
652 1186 710 1221 cui
732 1187 886 1235 praetori
913 1187 1110 1235 provincia
1132 1188 1320 1238 Hispania
1339 1187 1409 1225 ob-

289 1250 470 1292 venisset,
492 1251 521 1285 is
543 1250 666 1300 primo
686 1262 837 1298 quoque
866 1256 1039 1301 tempore
1064 1252 1110 1287 de
1138 1252 1239 1288 bello
1266 1252 1408 1304 Hispa-

291 1314 365 1349 niae
386 1314 432 1348 ad
453 1322 626 1350 senatum
649 1313 816 1351 referret.

95 1378 280 1451 Clons-uthm
347 1380 486 1417 XXII.
518 1381 594 1417 Sub
620 1381 717 1416 idem
745 1388 894 1431 tempus
916 1381 1089 1418 consules
1110 1381 1276 1419 Romam
1296 1396 1408 1420 vene-

93 1431 112 1451 R
128 1430 181 1452 tefl
213 1432 253 1452 rl-

95 1466 241 1504 umphus

95 1509 245 1537 concedi-
290 1509 649 1559 postulantibusque
678 1510 912 1559 triumphum
934 1510 982 1546 ob
1011 1523 1068 1546 res
1096 1524 1275 1561 prospere
1304 1511 1406 1548 bello

92 1551 262 1633 ζὲἒᾶῗξὲῃ
290 1580 431 1621 gestas,
454 1574 496 1611 C.
512 1575 663 1610 Atinius
686 1574 816 1610 Labeo
837 1581 874 1610 et
895 1575 937 1611 C.
956 1575 1142 1611 Ursanius
1162 1575 1304 1612 tribuni
1326 1576 1406 1626 ple·

292 1452 404 1482 runt:
437 1446 572 1496 quibus
597 1447 633 1482 in
661 1447 739 1482 aede
768 1446 938 1482 Bellonae
967 1454 1139 1483 senatun]
1162 1448 1406 1491 habentibus,

288 1637 361 1680 bis,
386 1645 424 1674 nt
445 1640 648 1689 separatim
665 1639 708 1674 de
724 1640 918 1687 triumpho
935 1646 1091 1687 agerent
1113 1639 1300 1683 consules,
1318 1653 1406 1690 pos-

288 1701 481 1738 tularunt:
515 1715 734 1738 communem
755 1710 790 1738 se
808 1704 1018 1739 relationem
1038 1705 1081 1739 de
1105 1716 1147 1739 ea
1172 1716 1210 1739 re
1222 1705 1311 1752 fieri
1335 1717 1407 1741 non

285 1777 464 1812 passuros,
486 1779 530 1802 ne
545 1780 617 1814 pqr
637 1767 744 1802 honos
764 1769 799 1802 in
816 1769 953 1815 dispari
973 1769 1098 1803 merito
1115 1772 1211 1804 esset.
1259 1768 1408 1807 Quum-

288 1843 360 1878 que
385 1830 579 1867 Minucius
610 1832 758 1879 utrique
787 1832 1022 1880 provinciam
1050 1831 1201 1867 ltaliam
1222 1831 1407 1881 obtigisse

287 1895 442 1938 diceret,
465 1898 654 1932 communi
685 1898 814 1932 animo
835 1897 1073 1945 consilioque
1100 1910 1139 1932 se
1163 1905 1201 1933 et
1221 1898 1408 1946 collegam

285 1972 343 1995 res
365 1961 545 2008 gessisse5
581 1961 780 1996 Cornelius
810 1961 1005 2010 adjiceret,
1027 1961 1146 1997 Boios
1169 1962 1347 1997 adversus
1369 1974 1407 1998 se

284 2024 605 2072 transgredientes
639 2024 797 2066 Padum,
827 2033 865 2060 ut
898 2025 1122 2061 Insi2b1·ibus
1156 2026 1407 2061 Cenomanis-

285 2101 357 2138 que
377 2089 520 2124 auxilio
545 2098 685 2131 essent,
715 2089 971 2139 depopulante
1001 2091 1103 2125 vicos
1133 2102 1264 2125 eorum
1292 2097 1406 2139 atque

285 2166 395 2202 agros
423 2155 583 2201 collega.
607 2157 652 2192 ad
677 2169 742 2192 sua
771 2157 912 2192 tuenda
942 2169 1092 2192 aversos
1125 2169 1229 2202 esse5
1262 2156 1406 2192 tribuni

282 2230 338 2254 res
359 2224 479 2256 tantas
498 2221 587 2256 bello
604 2224 747 2269 gessisse
769 2222 971 2257 Cornelium
993 2219 1118 2263 fateri,
1139 2226 1181 2256 ut
1199 2233 1268 2256 non
1292 2223 1406 2268 mag-is

283 2283 327 2318 de
348 2285 528 2333 triumpho
557 2284 643 2331 ejus,
678 2298 785 2333 quam
815 2286 859 2321 de
885 2285 1016 2321 honore
1045 2285 1130 2320 Diis
1157 2285 1402 2321 inmortalibus

1503 1786 1523 1837 tl

1509 1846 1523 1997 l
