1523 2666
155 259 200 291 U.
216 259 338 291 (3.558.

156 304 196 334 A.
213 304 249 335 C.
266 310 336 336 194.

152 2006 327 2037 Quinctius

346 154 433 207 484
793 165 839 193 T.
866 165 999 194 mvn

349 255 447 291 senti
463 253 667 290 certamine
683 253 828 290 animos
844 253 1095 304 pugnantium
1112 252 1345 291 avertebant.
1376 253 1450 292 Us-

348 332 421 369 que
448 319 495 355 ad
523 318 715 355 meridiem
741 318 854 367 aequis
878 317 1033 361 viribus,
1064 330 1108 354 ac
1136 314 1253 368 prope
1271 318 1353 368 pari
1372 330 1453 368 spe,

346 389 556 435 pugnatum
578 389 653 419 est:
684 381 792 419 labor
821 389 858 419 et
888 389 998 420 aestus
1028 382 1158 419 mollia
1176 390 1214 419 et
1236 383 1349 419 fluida
1368 395 1453 419 cor-

346 461 441 499 pora
460 447 671 490 Gallorum,
692 454 730 484 et
751 447 904 483 minime
927 447 1112 498 patientia
1138 448 1234 491 sitis,
1255 459 1370 496 quum
1383 446 1453 483 Ce-

347 513 479 549 cedere
498 525 626 563 pugna
644 511 846 559 coegisset,
866 511 903 546 in
925 524 1064 561 paucos
1081 517 1265 548 restantes
1286 511 1457 561 inpetum

345 576 514 613 Romani
542 576 726 618 fecerunt,
754 576 932 624 fusosque
962 575 1225 626 compulerunt
1254 577 1293 611 in
1319 582 1455 612 castra.

347 644 506 692 Signum
526 633 614 678 inde
631 642 798 692 receptui
819 656 841 678 a
859 642 1014 678 consule
1033 642 1162 678 datum
1181 649 1260 687 est;
1292 642 1340 679 ad
1353 641 1455 690 quod

345 720 432 759 pars
453 706 575 757 major
593 711 814 756 receperunt
833 718 914 741 sese
922 721 932 751 5
965 718 1065 756 parS,
1086 706 1301 742 certaminis
1327 706 1454 741 studio

347 778 387 808 et
405 783 471 820 spe
490 771 663 821 potiundi
683 770 813 806 castris
840 769 1022 812 hostium,
1043 770 1207 820 perstitit
1237 769 1284 806 ad
1303 767 1453 805 vallum.

345 836 491 874 Eorum
511 836 702 886 paucitate
721 840 926 877 contemta,
948 833 1049 870 Galli
1073 834 1237 871 universi
1256 847 1303 871 ex
1321 834 1453 871 castris

346 906 571 951 eruperunt,
603 899 678 936 fusi
697 899 784 935 inde
804 899 984 942 Romani,
1007 912 1090 948 quae
1109 899 1268 949 imperio
1287 897 1453 935 consulis

344 964 560 1007 noluerant,
592 976 660 1000 suo
689 976 828 1013 pavore
857 977 899 999 ac
929 969 1072 999 terrore
1101 971 1221 999 castra
1251 968 1450 1013 repetunt:

345 1029 400 1065 ita
415 1028 518 1065 varia
536 1028 624 1064 hinc
644 1033 756 1076 atque
786 1026 890 1064 illinc
918 1039 1019 1063 nunc
1051 1026 1156 1076 fuga,
1176 1039 1277 1063 nunc
1296 1026 1455 1063 victoria

344 1092 430 1129 fuit.
487 1091 683 1127 Gallorum
702 1097 828 1126 tamen
849 1091 895 1127 ad
911 1091 1085 1127 undecim
1104 1090 1235 1133 millia,
1252 1089 1451 1126 Romano-

344 1169 427 1192 rum
448 1156 614 1204 quinque
642 1153 773 1196 millia,
794 1161 882 1190 sunt
900 1155 1037 1191 occisa.
1095 1154 1195 1190 Galli
1221 1165 1394 1205 recepere
1413 1154 1452 1189 in

345 1221 480 1258 intima
499 1220 630 1256 finium
649 1231 741 1254 sese.

396 1283 587 1344 X13V111.
619 1282 763 1319 Consul
777 1281 1011 1318 Placentiam
1024 1282 1192 1332 legiones
1209 1283 1326 1319 duxit.
1370 1282 1453 1319 Sci-⁷

343 1351 497 1401 pionem
530 1348 608 1392 alii,
638 1346 844 1398 conjuncto
876 1349 1042 1384 exercitu
1075 1361 1160 1384 cum
1193 1348 1352 1397 collega,
1385 1361 1453 1398 per

343 1415 530 1451 Boiorum
549 1414 809 1463 Ligurumque
829 1425 939 1462 agros
960 1412 1206 1464 populantem
1225 1413 1312 1456 isse,
1329 1413 1454 1462 quoad·

342 1478 521 1530 progredi
541 1477 642 1513 silvae
662 1476 892 1527 paludesque
910 1489 1028 1526 passae
1049 1476 1139 1520 sint,
1154 1476 1341 1512 scribunt:
1372 1476 1452 1518 alii,

342 1543 449 1581 nulla
473 1540 708 1579 memorabili
729 1553 767 1576 re
787 1546 907 1589 gesta,
929 1541 1169 1577 comitiorum
1196 1552 1327 1577 caussa
1352 1539 1451 1576 redi-

343 1609 416 1644 isse
435 1607 614 1644 Romam.
669 1605 816 1641 Eodem
836 1605 911 1642 hoc
937 1618 1039 1642 anno
1073 1605 1119 1642 T.
1139 1605 1340 1645 Quinctius
1360 1603 1451 1641 Ela-

344 1674 422 1717 tiae,
443 1685 518 1722 quo
544 1672 584 1708 in
608 1669 767 1707 hiberna
793 1669 991 1706 reduxerat
1010 1671 1153 1721 copias,
1173 1676 1298 1706 totum
1315 1669 1449 1705 hiemis

343 1745 493 1788 tempus
520 1735 608 1787 jure
639 1734 802 1771 dicundo
839 1735 1062 1778 consumsit,
1097 1734 1361 1783 mutandisque
1390 1734 1451 1777 iis,

343 1816 427 1853 quae
448 1809 513 1839 aut
531 1801 647 1851 ipsius
667 1799 848 1849 Philippi,
869 1805 933 1835 aut
954 1799 1219 1849 praefectorum
1239 1797 1318 1848 ejus
1334 1798 1451 1835 licen·

344 1868 398 1904 tia
424 1867 464 1902 in
490 1864 705 1901 civitatibus
735 1864 838 1900 facta
867 1871 988 1907 erant,
1019 1877 1147 1913 quum,
1175 1876 1252 1900 suae
1273 1862 1452 1900 factionis
1506 1856 1519 1908 ,ᾗ

343 1932 543 1968 hominum
562 1930 655 1964 vires
683 1928 871 1977 augendo,
892 1927 957 1978 jus
985 1942 1029 1964 ac
1058 1928 1272 1964 libertatem
1291 1927 1450 1963 aliorum
1518 1921 1519 1931 ¹

346 1996 583 2046 deprimeret.
606 1992 714 2028 Veris
727 1993 838 2028 initio
852 1992 1096 2036 Corinthum,
1109 1998 1298 2028 conventu
1311 1992 1451 2034 edicto,

151 2050 313 2080 Graeciam
346 2062 468 2099 venit:
491 2059 545 2096 ibi
557 2059 726 2095 omnium
741 2057 951 2093 civitatium
967 2056 1176 2105 legationes
1197 2057 1236 2092 in
1255 2055 1452 2093 concionis

149 2093 335 2132 relinquens

152 2137 335 2176 adloquitur
347 2126 499 2163 modum
533 2122 776 2161 circumfusas
803 2127 860 2158 est
892 2121 1088 2158 adlocutus
1099 2138 1109 2167 ς
1143 2133 1248 2158 orsus
1276 2120 1323 2157 ab
1356 2121 1451 2157 inita

150 2180 312 2211 sociorum

150 2221 282 2263 legatos.

346 2191 506 2242 primum
532 2187 717 2224 Romanis
737 2186 905 2222 amicitia
921 2199 1005 2222 cum
1025 2185 1244 2222 Graecorum
1263 2190 1391 2233 gente,
1410 2189 1450 2220 et
1507 2231 1509 2240 Ι

344 2256 629 2304 imperatorum,
642 2251 705 2300 qui
721 2255 810 2287 ante
826 2262 865 2286 se
877 2250 916 2286 in
927 2249 1157 2286 Macedonia
1167 2248 1340 2292 fuissent,
1353 2248 1449 2283 suis·
1504 2241 1509 2285 J

345 2330 417 2369 que
436 2317 544 2355 rebus
565 2316 692 2366 gestis.
749 2314 891 2352 Omnia
909 2326 996 2351 cum
1011 2313 1286 2366 adprobatione
1301 2312 1449 2361 ingenti
