1507 2656
301 150 454 180 LIBER
477 146 671 176 XXXIII.
706 145 814 173 CAP.
839 145 948 173 xvl.
1093 145 1173 188 397

59 244 113 280 ita
132 255 171 280 se
190 243 230 279 in
249 242 378 291 fugam
398 239 536 291 passim
556 241 785 287 sparserant,
808 244 849 270 ut
869 235 916 271 ab
938 236 1028 285 ipsis
1049 249 1177 285 agres-
1192 247 1234 277 U,
1247 247 1283 277 c,
1303 254 1376 278 555,

59 307 160 344 tibus
181 313 347 344 errantes
368 303 741 342 circumvenirentur.
801 301 1029 336 Ceciderunt
1054 314 1099 337 eo
1120 302 1179 337 die
1192 292 1231 320 A·
1247 291 1284 321 C·
1305 297 1377 325 197.

57 371 161 407 mille
192 378 229 407 et
258 369 468 418 quingenti,
505 367 606 416 capti
639 365 812 401 trecenti.
871 365 1017 400 Achaia
1055 366 1177 400 omnis

58 447 198 483 magno
217 435 376 471 liberata
396 440 512 467 metu.

113 499 224 536 XVI.
253 499 476 545 Priusquam
505 495 747 531 dimicaretur
778 493 823 529 ad
855 493 1332 542 Cynoscephalas,Acarna-

58 563 105 600 L.
121 564 338 604 Quinctius,
367 562 573 609 Corcyram
604 559 736 595 excitis
765 560 1007 594 Acarnanum
1038 546 1274 607 princi·num
1294 546 1370 573 ἕως

1192 586 1378 609 societatem

57 627 184 677 pibus,
206 640 288 675 quae
308 625 389 661 sola
410 625 566 660 Graeciae
587 624 758 672 gentium
780 623 816 657 in
838 623 1020 657 societate
1046 621 1178 657 Mace·
1194 623 1377 670 Romanam

60 691 201 728 donum
222 697 426 733 manserat,
448 689 598 725 initium
625 687 813 736 quoddam
842 686 892 722 ibi
922 693 1047 722 motus
1077 672 1324 722 fecit.¹e⁵pu¹³'

61 754 160 791 Duae
176 763 301 790 autem
315 755 479 790 maxime
496 764 637 788 caussae
655 763 719 786 eos
740 756 941 786 tenuerant
959 750 997 785 in
1015 750 1183 786 amicitia

63 820 187 868 regis;
220 832 295 855 una
313 819 403 855 fides
425 819 536 854 insita
557 817 676 866 genti,
698 815 815 851 altera
836 820 957 850 metus
979 815 1182 863 odiumque

63 882 298 920 AEtolorum.
340 882 554 918 Concilium
575 880 788 917 Leucadem
810 880 991 916 indictum
1014 887 1082 915 est.
1122 879 1182 915 Eo

65 961 188 996 neque
208 949 335 983 cuncti
356 960 565 983 convenere
585 947 829 982 Acarnanum
850 944 1004 994 populi,
1037 957 1106 980 nec
1127 945 1182 995 ip-

66 1012 129 1056 sis,
152 1012 214 1060 qui
235 1017 504 1052 convenerant,
527 1011 621 1046 idem
644 1008 812 1058 placuit:
846 1009 911 1043 sed
931 1017 968 1044 et
993 1009 1182 1059 principes

66 1083 104 1112 et
135 1077 378 1125 magistratus
412 1077 665 1125 pervicerunt,
697 1080 739 1109 ut
770 1074 957 1123 privatum
991 1073 1182 1110 decretum

64 1139 252 1176 Romanae
272 1141 464 1176 societatis
485 1139 602 1175 fieret.
652 1137 696 1173 Id
716 1150 863 1179 omnes,
885 1137 947 1185 qui
968 1136 1183 1180 abfuerant,

67 1218 166 1254 aegre
194 1205 294 1255 passi
313 1221 320 1248 ;
367 1212 401 1240 et
438 1205 474 1240 in
508 1204 581 1239 hoc
610 1203 763 1238 fremitu
797 1202 920 1250 gentis
955 1215 975 1238 a
1007 1201 1185 1252 Philippo

67 1270 171 1305 missi
192 1269 266 1304 duo
287 1264 473 1318 principes
494 1269 752 1308 Acarnanum,
773 1266 981 1302 Androcles
1002 1272 1040 1302 et
1059 1266 1183 1302 Eche-

69 1333 212 1376 demus,
236 1346 310 1368 non
338 1334 382 1369 ad
414 1332 621 1368 tollendum
649 1332 762 1367 modo
789 1332 980 1367 decretum
1001 1331 1188 1367 Romanae

69 1398 261 1433 societatis
284 1397 493 1439 valuerunt,
515 1397 579 1432 sed
600 1398 713 1432 etiam
736 1403 775 1432 ut
795 1395 1002 1431 Archelaus
1034 1403 1071 1432 et
1097 1396 1188 1432 Bia-

6 1465 22 1497 ξ»
69 1473 154 1503 nor,
175 1462 361 1510 principes
384 1462 507 1509 gentis
529 1460 653 1502 ambo,
679 1460 779 1508 quod
797 1466 969 1494 auctores
998 1458 1076 1508 ejus
1104 1471 1189 1495 sen·

69 1526 199 1561 tentiae
220 1525 394 1567 fuissent,
412 1525 638 1574 proditionis
660 1525 698 1559 in
720 1523 884 1558 concilio
905 1524 1188 1566 damnarentur,

71 1595 109 1625 et
139 1589 316 1625 Zeuxidae
348 1590 514 1638 praetori,
536 1587 637 1636 qnod
658 1587 702 1623 de
723 1600 766 1622 ea
787 1600 825 1622 re
847 1587 1049 1630 retulisset,
1072 1587 1190 1636 impe-

70 1653 166 1689 rium
206 1654 465 1701 abrogaretur.
523 1653 620 1688 Rem
658 1654 912 1694 temerariam,
951 1652 1015 1688 sed
1053 1657 1190 1687 eventu

71 1726 304 1768 prosperam,
326 1719 493 1753 damnati
515 1717 698 1753 fecerunt.
753 1717 1007 1752 &radentibus
1028 1728 1192 1764 namque

74 1782 218 1824 amicis,
241 1783 415 1818 cederent
443 1783 619 1831 tempori,
642 1787 680 1816 et
700 1782 904 1830 Corcyram
927 1781 972 1816 ad
994 1780 1190 1815 Romanos

75 1844 237 1888 abirent,
259 1852 473 1882 statuerunt
494 1846 643 1881 obferre
663 1858 700 1880 se
722 1845 969 1886 multitudini,
992 1851 1029 1879 et
1051 1845 1117 1879 aut
1147 1855 1192 1879 eo

73 1909 157 1958 ipso
178 1908 294 1944 lenire
311 1910 398 1951 iras,
420 1917 484 1945 aut
504 1910 596 1958 pati,
619 1909 718 1957 quod
738 1920 844 1945 casus
867 1908 1026 1943 tulisset.
1064 1907 1194 1946 Quum

75 1984 115 2008 se
138 1971 325 2021 frequenti
354 1973 516 2008 concilio
546 1972 776 2014 intulissent,
807 1972 929 2020 primo
956 1983 1124 2006 murmur
1151 1983 1194 2006 ac

76 2036 248 2072 fremitus
275 2037 557 2080 admirantium,
579 2037 770 2073 silentium
802 2050 890 2072 mox
921 2049 943 2071 a
970 2035 1197 2071 verecundia

78 2099 189 2135 simul
214 2100 381 2149 pristinae
412 2101 624 2149 dignitatis,
642 2109 688 2136 ‘ac
715 2100 973 2136 misericordia
1001 2098 1194 2147 praesentis

78 2164 256 2206 fortunae,
273 2170 398 2200 ortum
419 2172 486 2201 est.
527 2165 723 2201 Potest-ate
743 2177 892 2212 quoque
913 2163 1058 2199 dicendi
1080 2163 1197 2205 facta,

79 2229 267 2281 principio
283 2229 516 2279 suppliciter,
535 2229 763 2279 procedente
783 2235 909 2264 autem
926 2229 1114 2269 oratione,
1133 2226 1198 2262 ubi

80 2292 127 2331 ad
155 2293 313 2331 crimina
331 2292 507 2331 diluenda
527 2300 681 2330 ventum
701 2299 772 2337 est,
794 2304 880 2329 cum
908 2297 1017 2328 tanta
1045 2290 1200 2334 fiducia,
