<?xml version="1.0" encoding="UTF-8"?>
<!DOCTYPE html PUBLIC "-//W3C//DTD XHTML 1.0 Transitional//EN"
    "http://www.w3.org/TR/xhtml1/DTD/xhtml1-transitional.dtd">
<html xmlns="http://www.w3.org/1999/xhtml" xml:lang="en" lang="en">
 <head>
  <title>
</title>
<meta http-equiv="Content-Type" content="text/html;charset=utf-8" />
  <meta name='ocr-system' content='tesseract 3.04.00' />
  <meta name='ocr-capabilities' content='ocr_page ocr_carea ocr_par ocr_line ocrx_word'/>
</head>
<body>
  <div class='ocr_page' id='page_1' title='image "./historiarumquaes03livyuoft/historiarumquaes03livyuoft_0199.png"; bbox 0 0 1507 2656; ppageno 0'>
   <div class='ocr_carea' id='block_1_1' title="bbox 323 177 1204 234">
    <p class='ocr_par' dir='ltr' id='par_1_1' title="bbox 323 177 1204 234">
     <span class='ocr_line' id='line_1_1' title="bbox 323 177 1204 234; baseline -0.001 -14"><span class='ocrx_word' id='word_1_1' title='bbox 323 191 477 220; x_wconf 64' lang='lat' dir='ltr'>mssan</span> <span class='ocrx_word' id='word_1_2' title='bbox 500 188 643 218; x_wconf 75' lang='lat' dir='ltr'>xxxx.</span> <span class='ocrx_word' id='word_1_3' title='bbox 677 187 784 217; x_wconf 75' lang='lat' dir='ltr'>cAr.</span> <span class='ocrx_word' id='word_1_4' title='bbox 808 188 969 217; x_wconf 80' lang='lat' dir='ltr'>xxm.</span> <span class='ocrx_word' id='word_1_5' title='bbox 1125 177 1204 234; x_wconf 81' lang='lat'>189</span> 
     </span>
    </p>
   </div>
   <div class='ocr_carea' id='block_1_2' title="bbox 89 273 1401 968">
    <p class='ocr_par' dir='ltr' id='par_1_2' title="bbox 89 273 1401 968">
     <span class='ocr_line' id='line_1_2' title="bbox 95 273 1401 346; baseline -0.004 -28"><span class='ocrx_word' id='word_1_6' title='bbox 95 281 177 318; x_wconf 81' lang='lat' dir='ltr'>nius</span> <span class='ocrx_word' id='word_1_7' title='bbox 198 280 237 317; x_wconf 91' lang='lat' dir='ltr'>in</span> <span class='ocrx_word' id='word_1_8' title='bbox 255 279 353 317; x_wconf 88' lang='lat' dir='ltr'>libro</span> <span class='ocrx_word' id='word_1_9' title='bbox 379 279 493 317; x_wconf 85' lang='lat' dir='ltr'>tertio</span> <span class='ocrx_word' id='word_1_10' title='bbox 514 290 637 314; x_wconf 89' lang='lat' dir='ltr'>rerum</span> <span class='ocrx_word' id='word_1_11' title='bbox 664 276 928 313; x_wconf 89' lang='lat' dir='ltr'>Romanarum</span> <span class='ocrx_word' id='word_1_12' title='bbox 958 277 1087 320; x_wconf 85' lang='lat' dir='ltr'>refert,</span> <span class='ocrx_word' id='word_1_13' title='bbox 1107 277 1202 314; x_wconf 84' lang='lat' dir='ltr'>ludis</span> <span class='ocrx_word' id='word_1_14' title='bbox 1217 273 1307 346; x_wconf 39' lang='lat' dir='ltr'>KG</span> <span class='ocrx_word' id='word_1_15' title='bbox 1327 281 1401 305; x_wconf 76' lang='lat'>⁵4⁸-</span> 
     </span>
     <span class='ocr_line' id='line_1_3' title="bbox 95 317 1401 394; baseline -0.005 -12"><span class='ocrx_word' id='word_1_16' title='bbox 95 346 245 389; x_wconf 76' lang='lat' dir='ltr'>votivis,</span> <span class='ocrx_word' id='word_1_17' title='bbox 266 357 359 394; x_wconf 78' lang='lat' dir='ltr'>quos</span> <span class='ocrx_word' id='word_1_18' title='bbox 385 343 521 380; x_wconf 80' lang='lat' dir='ltr'>Romae</span> <span class='ocrx_word' id='word_1_19' title='bbox 540 342 745 379; x_wconf 88' lang='lat' dir='ltr'>Africanus</span> <span class='ocrx_word' id='word_1_20' title='bbox 772 342 910 377; x_wconf 88' lang='lat' dir='ltr'>iterum</span> <span class='ocrx_word' id='word_1_21' title='bbox 937 341 1070 378; x_wconf 87' lang='lat' dir='ltr'>consul</span> <span class='ocrx_word' id='word_1_22' title='bbox 1089 342 1205 378; x_wconf 88' lang='lat' dir='ltr'>facie-</span> <span class='ocrx_word' id='word_1_23' title='bbox 1249 340 1256 347; x_wconf 89' lang='lat'>&#39;</span> <span class='ocrx_word' id='word_1_24' title='bbox 1271 317 1309 349; x_wconf 78' lang='lat' dir='ltr'>C&#39;</span> <span class='ocrx_word' id='word_1_25' title='bbox 1326 324 1401 350; x_wconf 66' lang='lat'>²⁰⁴⁶</span> 
     </span>
     <span class='ocr_line' id='line_1_4' title="bbox 92 405 1205 458; baseline -0.004 -12"><span class='ocrx_word' id='word_1_26' title='bbox 92 408 173 452; x_wconf 87' lang='lat' dir='ltr'>bat,</span> <span class='ocrx_word' id='word_1_27' title='bbox 195 415 373 445; x_wconf 89' lang='lat' dir='ltr'>conatum</span> <span class='ocrx_word' id='word_1_28' title='bbox 392 420 458 458; x_wconf 90' lang='lat' dir='ltr'>per</span> <span class='ocrx_word' id='word_1_29' title='bbox 477 406 675 455; x_wconf 80' lang='lat' dir='ltr'>quosdam,</span> <span class='ocrx_word' id='word_1_30' title='bbox 697 418 791 454; x_wconf 86' lang='lat' dir='ltr'>quos</span> <span class='ocrx_word' id='word_1_31' title='bbox 816 405 941 454; x_wconf 89' lang='lat' dir='ltr'>pretio</span> <span class='ocrx_word' id='word_1_32' title='bbox 962 413 1205 455; x_wconf 87' lang='lat' dir='ltr'>conruperat,</span> 
     </span>
     <span class='ocr_line' id='line_1_5' title="bbox 94 468 1206 521; baseline -0.004 -12"><span class='ocrx_word' id='word_1_33' title='bbox 94 472 239 521; x_wconf 85' lang='lat' dir='ltr'>aliquot</span> <span class='ocrx_word' id='word_1_34' title='bbox 257 472 349 508; x_wconf 86' lang='lat' dir='ltr'>locis</span> <span class='ocrx_word' id='word_1_35' title='bbox 370 470 500 507; x_wconf 91' lang='lat' dir='ltr'>urbem</span> <span class='ocrx_word' id='word_1_36' title='bbox 526 470 742 512; x_wconf 84' lang='lat' dir='ltr'><strong>incendere,</strong></span> <span class='ocrx_word' id='word_1_37' title='bbox 763 475 806 505; x_wconf 86' lang='lat' dir='ltr'>ut</span> <span class='ocrx_word' id='word_1_38' title='bbox 825 468 1025 518; x_wconf 85' lang='lat' dir='ltr'>frangendi</span> <span class='ocrx_word' id='word_1_39' title='bbox 1046 471 1206 505; x_wconf 83' lang='lat' dir='ltr'>carceris</span> 
     </span>
     <span class='ocr_line' id='line_1_6' title="bbox 92 533 1206 585; baseline -0.002 -13"><span class='ocrx_word' id='word_1_40' title='bbox 92 536 335 585; x_wconf 85' lang='lat' dir='ltr'>fugiendique</span> <span class='ocrx_word' id='word_1_41' title='bbox 353 535 511 571; x_wconf 90' lang='lat' dir='ltr'>haberet</span> <span class='ocrx_word' id='word_1_42' title='bbox 526 534 767 570; x_wconf 85' lang='lat' dir='ltr'>occasionem</span> <span class='ocrx_word' id='word_1_43' title='bbox 783 547 790 568; x_wconf 72' lang='grc' dir='ltr'>ε</span> <span class='ocrx_word' id='word_1_44' title='bbox 814 533 1008 583; x_wconf 87' lang='lat' dir='ltr'>patefacto</span> <span class='ocrx_word' id='word_1_45' title='bbox 1023 533 1108 569; x_wconf 89' lang='lat' dir='ltr'>dein</span> <span class='ocrx_word' id='word_1_46' title='bbox 1123 546 1206 570; x_wconf 88' lang='lat' dir='ltr'>sce·</span> 
     </span>
     <span class='ocr_line' id='line_1_7' title="bbox 92 597 1204 648; baseline -0.002 -12"><span class='ocrx_word' id='word_1_47' title='bbox 92 600 181 643; x_wconf 86' lang='lat' dir='ltr'>lere,</span> <span class='ocrx_word' id='word_1_48' title='bbox 205 599 419 648; x_wconf 87' lang='lat' dir='ltr'>delegatum</span> <span class='ocrx_word' id='word_1_49' title='bbox 453 600 492 634; x_wconf 83' lang='lat' dir='ltr'>iu</span> <span class='ocrx_word' id='word_1_50' title='bbox 523 597 745 634; x_wconf 88' lang='lat' dir='ltr'>Tullianum</span> <span class='ocrx_word' id='word_1_51' title='bbox 778 610 825 633; x_wconf 84' lang='lat' dir='ltr'>ex</span> <span class='ocrx_word' id='word_1_52' title='bbox 857 597 1204 634; x_wconf 81' lang='lat' dir='ltr'>senatusconsulto.</span> 
     </span>
     <span class='ocr_line' id='line_1_8' title="bbox 89 661 1206 714; baseline -0.004 -13"><span class='ocrx_word' id='word_1_53' title='bbox 89 664 150 701; x_wconf 82' lang='lat' dir='ltr'>De</span> <span class='ocrx_word' id='word_1_54' title='bbox 181 664 358 714; x_wconf 87' lang='lat' dir='ltr'>Scipione</span> <span class='ocrx_word' id='word_1_55' title='bbox 384 675 584 711; x_wconf 86' lang='lat' dir='ltr'>nusquam,</span> <span class='ocrx_word' id='word_1_56' title='bbox 613 662 687 698; x_wconf 84' lang='lat' dir='ltr'>nisi</span> <span class='ocrx_word' id='word_1_57' title='bbox 716 663 756 698; x_wconf 90' lang='lat' dir='ltr'>in</span> <span class='ocrx_word' id='word_1_58' title='bbox 784 667 932 705; x_wconf 85' lang='lat' dir='ltr'>senatu,</span> <span class='ocrx_word' id='word_1_59' title='bbox 957 668 1106 698; x_wconf 88' lang='lat' dir='ltr'>actum:</span> <span class='ocrx_word' id='word_1_60' title='bbox 1139 661 1206 698; x_wconf 93' lang='lat' dir='ltr'>ubi</span> 
     </span>
     <span class='ocr_line' id='line_1_9' title="bbox 91 725 1203 776; baseline -0.003 -12"><span class='ocrx_word' id='word_1_61' title='bbox 91 740 221 764; x_wconf 90' lang='lat' dir='ltr'>omnes</span> <span class='ocrx_word' id='word_1_62' title='bbox 241 727 431 776; x_wconf 85' lang='lat' dir='ltr'>legatique</span> <span class='ocrx_word' id='word_1_63' title='bbox 453 732 491 762; x_wconf 90' lang='lat' dir='ltr'>et</span> <span class='ocrx_word' id='word_1_64' title='bbox 510 726 668 768; x_wconf 89' lang='lat' dir='ltr'>tribuni,</span> <span class='ocrx_word' id='word_1_65' title='bbox 689 725 848 762; x_wconf 86' lang='lat' dir='ltr'>classem</span> <span class='ocrx_word' id='word_1_66' title='bbox 864 738 962 768; x_wconf 85' lang='lat' dir='ltr'>eam,</span> <span class='ocrx_word' id='word_1_67' title='bbox 980 726 1203 768; x_wconf 86' lang='lat' dir='ltr'>exereitum,</span> 
     </span>
     <span class='ocr_line' id='line_1_10' title="bbox 92 788 1203 840; baseline -0.004 -13"><span class='ocrx_word' id='word_1_68' title='bbox 92 791 297 840; x_wconf 88' lang='lat' dir='ltr'>ducemque</span> <span class='ocrx_word' id='word_1_69' title='bbox 322 790 445 826; x_wconf 86' lang='lat' dir='ltr'>verbis</span> <span class='ocrx_word' id='word_1_70' title='bbox 473 789 716 832; x_wconf 84' lang='lat' dir='ltr'>extollentes,</span> <span class='ocrx_word' id='word_1_71' title='bbox 741 788 960 831; x_wconf 85' lang='lat' dir='ltr'>effecerunt,</span> <span class='ocrx_word' id='word_1_72' title='bbox 981 794 1024 824; x_wconf 87' lang='lat' dir='ltr'>ut</span> <span class='ocrx_word' id='word_1_73' title='bbox 1052 794 1203 824; x_wconf 83' lang='lat' dir='ltr'>senatus</span> 
     </span>
     <span class='ocr_line' id='line_1_11' title="bbox 93 851 1204 904; baseline -0.004 -13"><span class='ocrx_word' id='word_1_74' title='bbox 93 861 275 897; x_wconf 85' lang='lat' dir='ltr'>censeret,</span> <span class='ocrx_word' id='word_1_75' title='bbox 303 855 425 904; x_wconf 89' lang='lat' dir='ltr'>primo</span> <span class='ocrx_word' id='word_1_76' title='bbox 453 866 605 903; x_wconf 88' lang='lat' dir='ltr'>quoque</span> <span class='ocrx_word' id='word_1_77' title='bbox 632 860 805 903; x_wconf 87' lang='lat' dir='ltr'>tempore</span> <span class='ocrx_word' id='word_1_78' title='bbox 836 854 877 889; x_wconf 91' lang='lat' dir='ltr'>in</span> <span class='ocrx_word' id='word_1_79' title='bbox 899 852 1070 888; x_wconf 82' lang='lat' dir='ltr'>Africam</span> <span class='ocrx_word' id='word_1_80' title='bbox 1097 851 1204 902; x_wconf 86' lang='lat' dir='ltr'>traji-</span> 
     </span>
     <span class='ocr_line' id='line_1_12' title="bbox 93 918 1205 968; baseline -0.004 -12"><span class='ocrx_word' id='word_1_81' title='bbox 93 919 287 963; x_wconf 85' lang='lat' dir='ltr'>ciendum;</span> <span class='ocrx_word' id='word_1_82' title='bbox 321 919 565 968; x_wconf 86' lang='lat' dir='ltr'>Scipionique</span> <span class='ocrx_word' id='word_1_83' title='bbox 584 919 879 968; x_wconf 85' lang='lat' dir='ltr'>permitteretur,</span> <span class='ocrx_word' id='word_1_84' title='bbox 902 924 943 952; x_wconf 92' lang='lat' dir='ltr'>ut</span> <span class='ocrx_word' id='word_1_85' title='bbox 962 930 1008 953; x_wconf 84' lang='lat' dir='ltr'>ex</span> <span class='ocrx_word' id='word_1_86' title='bbox 1030 918 1074 952; x_wconf 80' lang='lat' dir='ltr'>iis</span> <span class='ocrx_word' id='word_1_87' title='bbox 1098 929 1205 952; x_wconf 81' lang='lat' dir='ltr'>exer-</span> 
     </span>
    </p>
   </div>
   <div class='ocr_carea' id='block_1_3' title="bbox 1 143 7 1020">
    <p class='ocr_par' dir='ltr' id='par_1_3' title="bbox 1 143 7 1020">
     <span class='ocr_line' id='line_1_13' title="bbox 1 143 7 1020; baseline 0 0"><span class='ocrx_word' id='word_1_88' title='bbox 1 143 7 1020; x_wconf 95' lang='lat' dir='ltr'> </span> 
     </span>
    </p>
   </div>
   <div class='ocr_carea' id='block_1_4' title="bbox 86 981 1401 2310">
    <p class='ocr_par' dir='ltr' id='par_1_4' title="bbox 90 981 1206 1160">
     <span class='ocr_line' id='line_1_14' title="bbox 93 981 1205 1031; baseline -0.002 -13"><span class='ocrx_word' id='word_1_89' title='bbox 93 982 245 1024; x_wconf 88' lang='lat' dir='ltr'>citibus,</span> <span class='ocrx_word' id='word_1_90' title='bbox 265 983 329 1031; x_wconf 86' lang='lat' dir='ltr'>qui</span> <span class='ocrx_word' id='word_1_91' title='bbox 359 983 397 1017; x_wconf 91' lang='lat' dir='ltr'>in</span> <span class='ocrx_word' id='word_1_92' title='bbox 429 981 558 1018; x_wconf 80' lang='lat' dir='ltr'>Sicilia</span> <span class='ocrx_word' id='word_1_93' title='bbox 587 988 725 1024; x_wconf 89' lang='lat' dir='ltr'>essent,</span> <span class='ocrx_word' id='word_1_94' title='bbox 754 982 833 1031; x_wconf 87' lang='lat' dir='ltr'>ipse</span> <span class='ocrx_word' id='word_1_95' title='bbox 855 981 1010 1029; x_wconf 81' lang='lat' dir='ltr'>legeret,</span> <span class='ocrx_word' id='word_1_96' title='bbox 1042 993 1136 1030; x_wconf 89' lang='lat' dir='ltr'>quos</span> <span class='ocrx_word' id='word_1_97' title='bbox 1166 982 1205 1017; x_wconf 84' lang='lat' dir='ltr'>in</span> 
     </span>
     <span class='ocr_line' id='line_1_15' title="bbox 90 1045 1206 1097; baseline -0.003 -14"><span class='ocrx_word' id='word_1_98' title='bbox 90 1046 260 1084; x_wconf 87' lang='lat' dir='ltr'>Africam</span> <span class='ocrx_word' id='word_1_99' title='bbox 280 1058 408 1083; x_wconf 85' lang='lat' dir='ltr'>Secum</span> <span class='ocrx_word' id='word_1_100' title='bbox 433 1045 639 1096; x_wconf 85' lang='lat' dir='ltr'>trajiceret,</span> <span class='ocrx_word' id='word_1_101' title='bbox 664 1058 758 1096; x_wconf 89' lang='lat' dir='ltr'>quos</span> <span class='ocrx_word' id='word_1_102' title='bbox 784 1046 989 1097; x_wconf 83' lang='lat' dir='ltr'>provinciae</span> <span class='ocrx_word' id='word_1_103' title='bbox 1016 1045 1206 1094; x_wconf 86' lang='lat' dir='ltr'>relinque-</span> 
     </span>
     <span class='ocr_line' id='line_1_16' title="bbox 92 1110 356 1160; baseline 0.004 -14"><span class='ocrx_word' id='word_1_104' title='bbox 92 1117 150 1146; x_wconf 85' lang='lat' dir='ltr'>ret</span> <span class='ocrx_word' id='word_1_105' title='bbox 168 1110 356 1160; x_wconf 81' lang='lat' dir='ltr'>praesidio.</span> 
     </span>
    </p>

    <p class='ocr_par' dir='ltr' id='par_1_5' title="bbox 86 1173 1401 2310">
     <span class='ocr_line' id='line_1_17' title="bbox 145 1173 1204 1224; baseline -0.001 -14"><span class='ocrx_word' id='word_1_106' title='bbox 145 1175 305 1211; x_wconf 87' lang='lat' dir='ltr'><strong>XXIII.</strong></span> <span class='ocrx_word' id='word_1_107' title='bbox 334 1175 438 1211; x_wconf 91' lang='lat' dir='ltr'>Dum</span> <span class='ocrx_word' id='word_1_108' title='bbox 457 1176 538 1211; x_wconf 85' lang='lat' dir='ltr'>haec</span> <span class='ocrx_word' id='word_1_109' title='bbox 555 1176 655 1224; x_wconf 91' lang='lat' dir='ltr'>apud</span> <span class='ocrx_word' id='word_1_110' title='bbox 670 1175 867 1211; x_wconf 86' lang='lat' dir='ltr'>Romanos</span> <span class='ocrx_word' id='word_1_111' title='bbox 888 1180 1085 1223; x_wconf 85' lang='lat' dir='ltr'>geruntur,</span> <span class='ocrx_word' id='word_1_112' title='bbox 1103 1173 1204 1210; x_wconf 87' lang='lat' dir='ltr'>Kar-</span> 
     </span>
     <span class='ocr_line' id='line_1_18' title="bbox 92 1238 1206 1289; baseline -0.002 -14"><span class='ocrx_word' id='word_1_113' title='bbox 92 1239 347 1288; x_wconf 85' lang='lat' dir='ltr'>thaginienses</span> <span class='ocrx_word' id='word_1_114' title='bbox 369 1252 533 1289; x_wconf 87' lang='lat' dir='ltr'>quoque,</span> <span class='ocrx_word' id='word_1_115' title='bbox 554 1252 684 1288; x_wconf 89' lang='lat' dir='ltr'>quum,</span> <span class='ocrx_word' id='word_1_116' title='bbox 710 1238 870 1289; x_wconf 85' lang='lat' dir='ltr'>speculis</span> <span class='ocrx_word' id='word_1_117' title='bbox 894 1251 961 1288; x_wconf 92' lang='lat' dir='ltr'>per</span> <span class='ocrx_word' id='word_1_118' title='bbox 980 1244 1206 1288; x_wconf 90' lang='lat' dir='ltr'>promonto-</span> 
     </span>
     <span class='ocr_line' id='line_1_19' title="bbox 92 1302 1206 1354; baseline -0.003 -14"><span class='ocrx_word' id='word_1_119' title='bbox 92 1305 148 1340; x_wconf 87' lang='lat' dir='ltr'>ria</span> <span class='ocrx_word' id='word_1_120' title='bbox 167 1304 295 1340; x_wconf 89' lang='lat' dir='ltr'>omnia</span> <span class='ocrx_word' id='word_1_121' title='bbox 314 1305 462 1354; x_wconf 89' lang='lat' dir='ltr'>positis,</span> <span class='ocrx_word' id='word_1_122' title='bbox 484 1310 774 1354; x_wconf 85' lang='lat' dir='ltr'>percunctantes</span> <span class='ocrx_word' id='word_1_123' title='bbox 796 1309 1050 1352; x_wconf 86' lang='lat' dir='ltr'>paventesque</span> <span class='ocrx_word' id='word_1_124' title='bbox 1066 1302 1112 1338; x_wconf 86' lang='lat' dir='ltr'>ad</span> <span class='ocrx_word' id='word_1_125' title='bbox 1129 1303 1206 1337; x_wconf 86' lang='lat' dir='ltr'>sin-</span> 
     </span>
     <span class='ocr_line' id='line_1_20' title="bbox 93 1366 1207 1415; baseline -0.003 -12"><span class='ocrx_word' id='word_1_126' title='bbox 93 1367 201 1415; x_wconf 87' lang='lat' dir='ltr'>gulos</span> <span class='ocrx_word' id='word_1_127' title='bbox 221 1369 380 1404; x_wconf 87' lang='lat' dir='ltr'>nuncios</span> <span class='ocrx_word' id='word_1_128' title='bbox 401 1368 603 1405; x_wconf 85' lang='lat' dir='ltr'>sollicitam</span> <span class='ocrx_word' id='word_1_129' title='bbox 623 1368 786 1403; x_wconf 89' lang='lat' dir='ltr'>hiemem</span> <span class='ocrx_word' id='word_1_130' title='bbox 806 1368 986 1415; x_wconf 83' lang='lat' dir='ltr'>egissent,</span> <span class='ocrx_word' id='word_1_131' title='bbox 1000 1366 1099 1401; x_wconf 87' lang='lat' dir='ltr'>haud</span> <span class='ocrx_word' id='word_1_132' title='bbox 1120 1378 1207 1414; x_wconf 85' lang='lat' dir='ltr'>par·</span> 
     </span>
     <span class='ocr_line' id='line_1_21' title="bbox 91 1428 1206 1481; baseline -0.002 -15"><span class='ocrx_word' id='word_1_133' title='bbox 91 1442 178 1467; x_wconf 92' lang='lat' dir='ltr'>vum</span> <span class='ocrx_word' id='word_1_134' title='bbox 205 1438 244 1467; x_wconf 90' lang='lat' dir='ltr'>et</span> <span class='ocrx_word' id='word_1_135' title='bbox 268 1433 339 1481; x_wconf 91' lang='lat' dir='ltr'>ipsi</span> <span class='ocrx_word' id='word_1_136' title='bbox 366 1432 517 1468; x_wconf 83' lang='lat' dir='ltr'>tuendae</span> <span class='ocrx_word' id='word_1_137' title='bbox 547 1431 689 1467; x_wconf 88' lang='lat' dir='ltr'>Africae</span> <span class='ocrx_word' id='word_1_138' title='bbox 716 1436 954 1466; x_wconf 86' lang='lat' dir='ltr'>momentum</span> <span class='ocrx_word' id='word_1_139' title='bbox 988 1428 1206 1478; x_wconf 84' lang='lat' dir='ltr'>adjecerunt</span> 
     </span>
     <span class='ocr_line' id='line_1_22' title="bbox 92 1494 1207 1545; baseline -0.002 -15"><span class='ocrx_word' id='word_1_140' title='bbox 92 1496 314 1532; x_wconf 85' lang='lat' dir='ltr'>societatem</span> <span class='ocrx_word' id='word_1_141' title='bbox 335 1496 516 1545; x_wconf 87' lang='lat' dir='ltr'>Syphacis</span> <span class='ocrx_word' id='word_1_142' title='bbox 537 1496 650 1544; x_wconf 87' lang='lat' dir='ltr'>regis,</span> <span class='ocrx_word' id='word_1_143' title='bbox 669 1494 775 1544; x_wconf 87' lang='lat' dir='ltr'>cujus</span> <span class='ocrx_word' id='word_1_144' title='bbox 792 1495 956 1530; x_wconf 81' lang='lat' dir='ltr'>maxime</span> <span class='ocrx_word' id='word_1_145' title='bbox 973 1494 1110 1529; x_wconf 88' lang='lat' dir='ltr'>fiducia</span> <span class='ocrx_word' id='word_1_146' title='bbox 1129 1500 1207 1528; x_wconf 83' lang='lat' dir='ltr'>tra·</span> 
     </span>
     <span class='ocr_line' id='line_1_23' title="bbox 86 1557 1208 1608; baseline -0.003 -13"><span class='ocrx_word' id='word_1_147' title='bbox 86 1557 279 1608; x_wconf 86' lang='lat' dir='ltr'>jecturum</span> <span class='ocrx_word' id='word_1_148' title='bbox 305 1561 344 1595; x_wconf 87' lang='lat' dir='ltr'>in</span> <span class='ocrx_word' id='word_1_149' title='bbox 364 1559 535 1595; x_wconf 89' lang='lat' dir='ltr'>Africam</span> <span class='ocrx_word' id='word_1_150' title='bbox 558 1559 779 1595; x_wconf 82' lang='lat' dir='ltr'>Romanum</span> <span class='ocrx_word' id='word_1_151' title='bbox 803 1558 1054 1594; x_wconf 84' lang='lat' dir='ltr'>crediderunt.</span> <span class='ocrx_word' id='word_1_152' title='bbox 1111 1557 1208 1592; x_wconf 83' lang='lat' dir='ltr'>Erat</span> 
     </span>
     <span class='ocr_line' id='line_1_24' title="bbox 92 1620 1206 1671; baseline -0.003 -13"><span class='ocrx_word' id='word_1_153' title='bbox 92 1621 324 1659; x_wconf 86' lang='lat' dir='ltr'>Hasdrubali</span> <span class='ocrx_word' id='word_1_154' title='bbox 344 1623 524 1671; x_wconf 84' lang='lat' dir='ltr'>Gisgonis</span> <span class='ocrx_word' id='word_1_155' title='bbox 552 1622 631 1658; x_wconf 87' lang='lat' dir='ltr'>filio</span> <span class='ocrx_word' id='word_1_156' title='bbox 652 1634 729 1657; x_wconf 87' lang='lat' dir='ltr'>non</span> <span class='ocrx_word' id='word_1_157' title='bbox 755 1622 965 1670; x_wconf 85' lang='lat' dir='ltr'>hospitium</span> <span class='ocrx_word' id='word_1_158' title='bbox 986 1620 1099 1656; x_wconf 86' lang='lat' dir='ltr'>modo</span> <span class='ocrx_word' id='word_1_159' title='bbox 1120 1631 1206 1655; x_wconf 88' lang='lat' dir='ltr'>cum</span> 
     </span>
     <span class='ocr_line' id='line_1_25' title="bbox 92 1683 1206 1734; baseline -0.004 -12"><span class='ocrx_word' id='word_1_160' title='bbox 92 1699 194 1734; x_wconf 82' lang='lat' dir='ltr'>rege,</span> <span class='ocrx_word' id='word_1_161' title='bbox 224 1687 270 1722; x_wconf 87' lang='lat' dir='ltr'>de</span> <span class='ocrx_word' id='word_1_162' title='bbox 304 1699 379 1734; x_wconf 88' lang='lat' dir='ltr'>quo</span> <span class='ocrx_word' id='word_1_163' title='bbox 410 1693 497 1722; x_wconf 89' lang='lat' dir='ltr'>ante</span> <span class='ocrx_word' id='word_1_164' title='bbox 531 1686 674 1722; x_wconf 79' lang='lat' dir='ltr'>(lictum</span> <span class='ocrx_word' id='word_1_165' title='bbox 709 1692 779 1727; x_wconf 90' lang='lat' dir='ltr'>est,</span> <span class='ocrx_word' id='word_1_166' title='bbox 802 1697 916 1733; x_wconf 90' lang='lat' dir='ltr'>quum</span> <span class='ocrx_word' id='word_1_167' title='bbox 943 1697 988 1720; x_wconf 89' lang='lat' dir='ltr'>ex</span> <span class='ocrx_word' id='word_1_168' title='bbox 1015 1683 1206 1733; x_wconf 84' lang='lat' dir='ltr'>Hispania</span> 
     </span>
     <span class='ocr_line' id='line_1_26' title="bbox 92 1745 1401 1799; baseline -0.003 -14"><span class='ocrx_word' id='word_1_169' title='bbox 92 1749 191 1785; x_wconf 87' lang='lat' dir='ltr'>forte</span> <span class='ocrx_word' id='word_1_170' title='bbox 208 1750 245 1785; x_wconf 89' lang='lat' dir='ltr'>in</span> <span class='ocrx_word' id='word_1_171' title='bbox 265 1750 362 1785; x_wconf 85' lang='lat' dir='ltr'>idem</span> <span class='ocrx_word' id='word_1_172' title='bbox 378 1756 524 1799; x_wconf 88' lang='lat' dir='ltr'>tempus</span> <span class='ocrx_word' id='word_1_173' title='bbox 547 1749 675 1799; x_wconf 85' lang='lat' dir='ltr'>Scipio</span> <span class='ocrx_word' id='word_1_174' title='bbox 696 1755 810 1797; x_wconf 87' lang='lat' dir='ltr'>atque</span> <span class='ocrx_word' id='word_1_175' title='bbox 829 1747 1047 1784; x_wconf 83' lang='lat' dir='ltr'>Hasdrubal</span> <span class='ocrx_word' id='word_1_176' title='bbox 1065 1759 1203 1783; x_wconf 89' lang='lat' dir='ltr'>conve·</span> <span class='ocrx_word' id='word_1_177' title='bbox 1217 1745 1401 1794; x_wconf 63' lang='lat' dir='ltr'>Hasdruba-</span> 
     </span>
     <span class='ocr_line' id='line_1_27' title="bbox 93 1788 1378 1871; baseline -0.002 -23"><span class='ocrx_word' id='word_1_178' title='bbox 93 1822 252 1849; x_wconf 87' lang='lat' dir='ltr'>nerunt:</span> <span class='ocrx_word' id='word_1_179' title='bbox 286 1814 350 1850; x_wconf 92' lang='lat' dir='ltr'>sed</span> <span class='ocrx_word' id='word_1_180' title='bbox 370 1815 512 1850; x_wconf 87' lang='lat' dir='ltr'>mentio</span> <span class='ocrx_word' id='word_1_181' title='bbox 540 1826 691 1862; x_wconf 82' lang='lat' dir='ltr'>quoque</span> <span class='ocrx_word' id='word_1_182' title='bbox 719 1813 899 1848; x_wconf 86' lang='lat' dir='ltr'>inchoata</span> <span class='ocrx_word' id='word_1_183' title='bbox 920 1811 1141 1854; x_wconf 84' lang='lat' dir='ltr'>adfinitatis,</span> <span class='ocrx_word' id='word_1_184' title='bbox 1163 1817 1204 1847; x_wconf 87' lang='lat' dir='ltr'>ut</span> <span class='ocrx_word' id='word_1_185' title='bbox 1215 1788 1378 1871; x_wconf 48' lang='grc' dir='ltr'>Εἱέἰέιέζῖ</span> 
     </span>
     <span class='ocr_line' id='line_1_28' title="bbox 93 1875 1317 1914; baseline -0.002 -2"><span class='ocrx_word' id='word_1_186' title='bbox 93 1888 158 1912; x_wconf 83' lang='lat' dir='ltr'>rex</span> <span class='ocrx_word' id='word_1_187' title='bbox 183 1877 335 1913; x_wconf 86' lang='lat' dir='ltr'>duceret</span> <span class='ocrx_word' id='word_1_188' title='bbox 357 1876 472 1913; x_wconf 86' lang='lat' dir='ltr'>filiam</span> <span class='ocrx_word' id='word_1_189' title='bbox 494 1876 759 1912; x_wconf 86' lang='lat' dir='ltr'>Hasdrubalis.</span> <span class='ocrx_word' id='word_1_190' title='bbox 817 1877 878 1912; x_wconf 87' lang='lat' dir='ltr'>Ad</span> <span class='ocrx_word' id='word_1_191' title='bbox 904 1888 986 1910; x_wconf 87' lang='lat' dir='ltr'>eam</span> <span class='ocrx_word' id='word_1_192' title='bbox 1012 1887 1091 1910; x_wconf 89' lang='lat' dir='ltr'>rem</span> <span class='ocrx_word' id='word_1_193' title='bbox 1112 1887 1204 1911; x_wconf 87' lang='lat' dir='ltr'>con·</span> <span class='ocrx_word' id='word_1_194' title='bbox 1218 1875 1317 1914; x_wconf 82' lang='lat' dir='ltr'>phax.</span> 
     </span>
     <span class='ocr_line' id='line_1_29' title="bbox 92 1938 1206 1990; baseline -0.001 -15"><span class='ocrx_word' id='word_1_195' title='bbox 92 1941 351 1977; x_wconf 87' lang='lat' dir='ltr'>summandam</span> <span class='ocrx_word' id='word_1_196' title='bbox 388 1947 612 1990; x_wconf 85' lang='lat' dir='ltr'>tempusque</span> <span class='ocrx_word' id='word_1_197' title='bbox 649 1940 791 1990; x_wconf 88' lang='lat' dir='ltr'>nuptiis</span> <span class='ocrx_word' id='word_1_198' title='bbox 831 1940 1073 1975; x_wconf 86' lang='lat' dir='ltr'>statuendum</span> <span class='ocrx_word' id='word_1_199' title='bbox 1109 1938 1206 1988; x_wconf 83' lang='lat' dir='ltr'>(jam</span> 
     </span>
     <span class='ocr_line' id='line_1_30' title="bbox 92 2003 1207 2055; baseline -0.002 -15"><span class='ocrx_word' id='word_1_200' title='bbox 92 2006 192 2040; x_wconf 88' lang='lat' dir='ltr'>enim</span> <span class='ocrx_word' id='word_1_201' title='bbox 215 2012 253 2041; x_wconf 91' lang='lat' dir='ltr'>et</span> <span class='ocrx_word' id='word_1_202' title='bbox 275 2005 413 2041; x_wconf 82' lang='lat' dir='ltr'>nubilis</span> <span class='ocrx_word' id='word_1_203' title='bbox 441 2014 521 2042; x_wconf 85' lang='lat' dir='ltr'>crat</span> <span class='ocrx_word' id='word_1_204' title='bbox 541 2006 665 2054; x_wconf 83' lang='lat' dir='ltr'>virgo)</span> <span class='ocrx_word' id='word_1_205' title='bbox 695 2004 888 2055; x_wconf 83' lang='lat' dir='ltr'>profectus</span> <span class='ocrx_word' id='word_1_206' title='bbox 908 2003 1142 2045; x_wconf 84' lang='lat' dir='ltr'>Hasdrubal,</span> <span class='ocrx_word' id='word_1_207' title='bbox 1165 2009 1207 2038; x_wconf 88' lang='lat' dir='ltr'>ut</span> 
     </span>
     <span class='ocr_line' id='line_1_31' title="bbox 93 2066 1205 2118; baseline -0.003 -14"><span class='ocrx_word' id='word_1_208' title='bbox 93 2081 290 2105; x_wconf 83' lang='lat' dir='ltr'>accensum</span> <span class='ocrx_word' id='word_1_209' title='bbox 319 2070 526 2118; x_wconf 84' lang='lat' dir='ltr'>cupiditate</span> <span class='ocrx_word' id='word_1_210' title='bbox 555 2070 611 2117; x_wconf 90' lang='lat' dir='ltr'>(et</span> <span class='ocrx_word' id='word_1_211' title='bbox 637 2075 725 2104; x_wconf 80' lang='lat' dir='ltr'>suut</span> <span class='ocrx_word' id='word_1_212' title='bbox 759 2075 847 2104; x_wconf 87' lang='lat' dir='ltr'>ante</span> <span class='ocrx_word' id='word_1_213' title='bbox 874 2080 1006 2103; x_wconf 86' lang='lat' dir='ltr'>omnes</span> <span class='ocrx_word' id='word_1_214' title='bbox 1027 2066 1205 2102; x_wconf 69' lang='lat' dir='ltr'>Numidae</span> 
     </span>
     <span class='ocr_line' id='line_1_32' title="bbox 92 2129 1206 2178; baseline -0.003 -11"><span class='ocrx_word' id='word_1_215' title='bbox 92 2131 273 2167; x_wconf 79' lang='lat' dir='ltr'>barbaros</span> <span class='ocrx_word' id='word_1_216' title='bbox 308 2133 413 2168; x_wconf 82' lang='lat' dir='ltr'>effusi</span> <span class='ocrx_word' id='word_1_217' title='bbox 448 2134 486 2167; x_wconf 89' lang='lat' dir='ltr'>in</span> <span class='ocrx_word' id='word_1_218' title='bbox 530 2132 735 2178; x_wconf 77' lang='lat' dir='ltr'>Venerem)</span> <span class='ocrx_word' id='word_1_219' title='bbox 773 2131 904 2173; x_wconf 87' lang='lat' dir='ltr'>sensit,</span> <span class='ocrx_word' id='word_1_220' title='bbox 939 2130 1124 2178; x_wconf 80' lang='lat' dir='ltr'>virginem</span> <span class='ocrx_word' id='word_1_221' title='bbox 1157 2129 1206 2165; x_wconf 87' lang='lat' dir='ltr'>ab</span> 
     </span>
     <span class='ocr_line' id='line_1_33' title="bbox 95 2194 1208 2244; baseline -0.002 -14"><span class='ocrx_word' id='word_1_222' title='bbox 95 2195 333 2244; x_wconf 80' lang='lat' dir='ltr'>Karthagine</span> <span class='ocrx_word' id='word_1_223' title='bbox 363 2197 532 2239; x_wconf 87' lang='lat' dir='ltr'>arcessit,</span> <span class='ocrx_word' id='word_1_224' title='bbox 567 2202 807 2244; x_wconf 87' lang='lat' dir='ltr'>maturatque</span> <span class='ocrx_word' id='word_1_225' title='bbox 835 2195 1009 2243; x_wconf 88' lang='lat' dir='ltr'>nuptias:</span> <span class='ocrx_word' id='word_1_226' title='bbox 1044 2200 1082 2228; x_wconf 88' lang='lat' dir='ltr'>et</span> <span class='ocrx_word' id='word_1_227' title='bbox 1108 2194 1208 2228; x_wconf 86' lang='lat' dir='ltr'>inter</span> 
     </span>
     <span class='ocr_line' id='line_1_34' title="bbox 94 2257 1205 2310; baseline -0.001 -17"><span class='ocrx_word' id='word_1_228' title='bbox 94 2258 206 2295; x_wconf 87' lang='lat' dir='ltr'>aliam</span> <span class='ocrx_word' id='word_1_229' title='bbox 225 2261 532 2308; x_wconf 84' lang='lat' dir='ltr'>gratulationem,</span> <span class='ocrx_word' id='word_1_230' title='bbox 551 2267 592 2296; x_wconf 87' lang='lat' dir='ltr'>ut</span> <span class='ocrx_word' id='word_1_231' title='bbox 608 2260 802 2310; x_wconf 88' lang='lat' dir='ltr'>publicum</span> <span class='ocrx_word' id='word_1_232' title='bbox 820 2271 970 2307; x_wconf 82' lang='lat' dir='ltr'>quoque</span> <span class='ocrx_word' id='word_1_233' title='bbox 989 2257 1112 2293; x_wconf 72' lang='lat' dir='ltr'>foedus</span> <span class='ocrx_word' id='word_1_234' title='bbox 1129 2257 1205 2307; x_wconf 83' lang='lat' dir='ltr'>pri-</span> 
     </span>
    </p>
   </div>
   <div class='ocr_carea' id='block_1_5' title="bbox 95 2320 1204 2375">
    <p class='ocr_par' dir='ltr' id='par_1_6' title="bbox 95 2320 1204 2375">
     <span class='ocr_line' id='line_1_35' title="bbox 95 2320 1204 2375; baseline -0.003 -16"><span class='ocrx_word' id='word_1_235' title='bbox 95 2330 182 2360; x_wconf 77' lang='lat' dir='ltr'>vato</span> <span class='ocrx_word' id='word_1_236' title='bbox 202 2323 438 2374; x_wconf 82' lang='lat' dir='ltr'>adjiceretur,</span> <span class='ocrx_word' id='word_1_237' title='bbox 467 2326 627 2366; x_wconf 82' lang='lat' dir='ltr'>societas</span> <span class='ocrx_word' id='word_1_238' title='bbox 656 2325 755 2361; x_wconf 82' lang='lat' dir='ltr'>inter</span> <span class='ocrx_word' id='word_1_239' title='bbox 783 2323 967 2375; x_wconf 87' lang='lat' dir='ltr'>populum</span> <span class='ocrx_word' id='word_1_240' title='bbox 994 2320 1204 2369; x_wconf 82' lang='lat' dir='ltr'>Karthagi—</span> 
     </span>
    </p>
   </div>
   <div class='ocr_carea' id='block_1_6' title="bbox 0 1440 27 2656">
    <p class='ocr_par' dir='ltr' id='par_1_7' title="bbox 0 1440 27 2656">
     <span class='ocr_line' id='line_1_36' title="bbox 0 1440 27 2656; baseline 0 0"><span class='ocrx_word' id='word_1_241' title='bbox 0 1440 27 2656; x_wconf 95' lang='lat' dir='ltr'> </span> 
     </span>
    </p>
   </div>
  </div>
 </body>
</html>
