1507 2656
315 190 471 220 121ssssss
493 188 652 220 xxxv.
685 188 794 221 cn.
816 190 951 222 xvu.
1106 194 1190 240 519

78 282 249 325 termisso,
283 294 361 331 quae
388 294 430 318 ex
446 281 586 330 foedere
619 281 760 325 debent,
796 283 981 330 exigimus.
1041 283 1193 322 Potesne
1205 287 1295 318 U.C.
1313 293 1387 320 559·

78 348 220 383 tandem
239 347 367 389 dicere,
387 351 428 382 ut
447 348 474 382 ii
487 346 617 394 populi
639 358 710 381 non
737 359 803 394 per
820 359 870 389 se,
897 359 968 382 non
996 359 1060 395 per
1079 350 1193 386 alium
1204 331 1244 361 A·
1258 330 1296 362 Ο·
1316 335 1388 363 ¹⁹³⁰

78 423 290 459 quemquam
298 409 422 459 foedus
439 412 668 453 mutaverint,
687 411 739 446 sic
758 411 855 446 Asiae
880 412 1054 455 civitates,
1074 418 1115 449 ut
1139 425 1194 450 se-

76 475 149 511 mel
165 480 333 511 venerunt
354 476 390 510 in
416 472 595 520 majorum
613 475 783 511 Antiochi
805 480 1035 523 potestatem,
1056 479 1093 512 in
1110 490 1195 525 per-

74 544 188 588 petua
209 541 424 587 possessione
443 541 545 587 regni
563 541 670 576 vestri
685 542 932 588 permansisse,
951 545 988 576 et
1012 553 1082 577 non
1101 543 1196 578 alias

77 615 202 640 earum
221 605 258 640 in
278 605 455 654 Philippi,
482 606 575 641 alias
600 607 637 641 in
658 606 843 641 Ptolemaei
860 604 980 653 fuisse
1004 611 1194 654 potestate,

80 668 172 704 alias
189 679 253 715 per
266 669 398 704 multos
417 681 528 705 annos
541 669 642 704 nullo
658 668 858 716 ambigente
876 669 1078 705 libertatem
1091 682 1194 707 usur-

76 733 211 779 passe?
239 733 336 768 Nam
361 735 405 775 si,
427 734 521 781 quod
547 734 743 782 aliquando
767 735 976 776 servierunt,
999 738 1198 782 temporum

82 797 272 843 iniquitate
296 799 422 845 pressi,
441 796 505 843 jus
532 803 611 845 post
643 803 695 834 tot
723 799 841 834 secula
872 799 1059 834 adserendi
1083 800 1196 835 cosin

81 862 285 897 servitutem
294 861 415 909 faciet
426 879 438 906 ‚-
459 863 544 910 quid
558 862 666 905 abest,
684 865 767 911 quin
785 867 905 899 actum
921 863 1017 899 nobis
1030 863 1123 900 nihil
1135 865 1195 907 sit,

82 926 176 973 quod
195 938 217 960 a
239 925 409 974 Philippo
428 927 654 963 liberavimus
674 928 863 970 Gra’ciam,
881 932 916 963 et
935 933 1098 975 repetant
1113 941 1196 976 pos-

84 990 151 1024 teri
166 988 238 1035 ejus
255 990 476 1034 Corinthum,
496 991 715 1034 Chalcidem,
731 993 1017 1034 Demetriadem,
1034 997 1069 1028 et
1088 992 1196 1029 Thes-

82 1054 240 1088 salorum
261 1058 374 1089 totam
396 1060 536 1102 gentem
551 1057 573 1089 ?
605 1056 676 1091 Sed
695 1057 782 1104 quid
806 1067 869 1102 ego
888 1068 1047 1091 caussam
1070 1058 1196 1092 civita-

84 1118 172 1152 tium
190 1129 271 1164 ago,
293 1130 414 1165 quam,
436 1119 519 1165 ipsis
537 1119 733 1165 agentibus,
755 1123 791 1154 et
808 1131 870 1154 nos
888 1123 924 1154 et
942 1130 1059 1166 regem
1080 1120 1197 1167 ipsum

83 1191 289 1227 cognoscere
307 1183 439 1229 aequius
458 1186 508 1217 est
522 1183 542 1217 ‚9

137 1243 269 1280 XVII.
300 1245 436 1280 Vocari
458 1245 590 1282 deinde
611 1245 821 1281 civitatium
840 1245 1192 1296 legationesjussit,

85 1314 313 1357 praeparatas
327 1308 409 1358 jam
433 1315 520 1344 ante
550 1315 587 1344 et
618 1309 819 1345 instructas
841 1309 887 1345 ab
906 1309 1093 1353 Eumene,
1114 1310 1193 1358 qui,

88 1378 433 1421 quantumcumque
455 1373 587 1408 virium
603 1372 801 1408 Antiocho
819 1372 1053 1417 decessisset,
1074 1385 1143 1410 suo
1159 1374 1197 1409 id

87 1447 324 1471 accessurum
357 1449 474 1485 regno
508 1436 680 1472 ducebat.
738 1436 906 1472 Admissi
938 1436 1076 1486 plures,
1108 1438 1196 1474 dum

87 1511 172 1535 suas
205 1501 362 1549 quisque
395 1513 494 1537 nunc
525 1500 708 1549 querelas,
740 1512 840 1536 nunc
871 1494 1195 1549 expostulationes

85 1562 231 1606 inserit,
252 1570 289 1599 et
310 1577 415 1612 aequa
443 1564 580 1613 iniquis
610 1565 782 1606 miscent,
805 1576 824 1599 e
847 1563 1121 1613 disceptatione
1141 1564 1196 1600 al-

85 1627 332 1663 tercationem
352 1627 542 1664 fecerunt:
575 1628 716 1676 itaque,
737 1639 858 1676 neque
874 1627 1031 1664 remissa
1046 1627 1121 1664 ulla
1140 1641 1194 1673 re,

87 1702 208 1738 neque
228 1691 430 1740 inpetrata,
453 1704 556 1740 aeque
583 1704 625 1727 ac
654 1697 849 1733 venerant,
872 1691 1042 1727 omnium
1061 1692 1196 1728 incerti

88 1753 204 1802 legati
232 1754 395 1790 Romam
424 1755 626 1790 redierunt.
683 1753 781 1797 Rex,
803 1754 963 1790 dimissis
991 1755 1049 1797 iis,
1071 1756 1196 1792 consi·
1209 1769 1278 1800 Rex
1294 1773 1399 1803 conss,

89 1816 181 1853 lium
202 1817 247 1853 dc
266 1817 367 1854 bello
386 1817 564 1854 Romano
583 1818 728 1854 habuit.
786 1817 846 1854 lbi
870 1818 964 1854 alius
992 1819 1066 1855 alio
1095 1819 1194 1856 fero·
1208 1813 1413 1889 ξὲῐέοῗξξξξ)

91 1881 169 1917 cius
193 1881 298 1930 (quia
324 1894 398 1929 quo
425 1882 581 1930 quisque
611 1882 776 1930 asperius
803 1881 978 1917 adversus
999 1882 1194 1919 Romanos
1207 1899 1304 1932 bello,

28 1960 45 1967 ν’
87 1945 237 1983 locutus
258 1954 369 1989 esset,
386 1959 431 1982 eo
448 1959 531 1996 spes
551 1948 681 1995 gratiae
699 1946 821 1996 major
837 1948 934 1994 erat)
952 1947 1045 1983 alius
1063 1961 1194 1999 super-

90 2009 194 2046 biam
206 2010 483 2059 postulatorum
498 2011 706 2059 increpare,
721 2019 913 2060 tamquam
925 2011 1068 2047 Nabidi
1082 2013 1197 2055 victo,

92 2075 146 2110 sic
165 2075 375 2117 Antiocho,
396 2075 562 2110 maximo
582 2075 682 2110 Asiae
703 2087 847 2123 regum,
866 2075 1128 2124 imponentium
1145 2075 1198 2112 le-

90 2151 177 2188 ges:
211 2151 425 2187 quamquam
457 2139 591 2174 Nabidi
622 2144 736 2174 tamen
768 2140 1042 2175 dominationem
1071 2141 1108 2175 in
1130 2152 1200 2187 pa-

92 2205 200 2240 triam
217 2216 332 2246 suam,
350 2209 385 2240 et
398 2206 556 2252 patriam
576 2204 880 2245 Lacedaemonem,
897 2204 1102 2240 remissam:
1121 2206 1201 2242 An-

93 2268 208 2305 tiocho
226 2271 256 2304 si
275 2269 430 2316 Smyrna
459 2273 494 2304 et
516 2269 737 2315 Lampsacus
762 2270 940 2315 imperata
956 2267 1120 2315 faciant,
1142 2271 1199 2305 in-

91 2333 237 2382 dignum
257 2335 382 2392 uideri.
438 2332 530 2378 Alii,
546 2345 681 2381 parvas
706 2338 740 2370 ct
768 2335 827 2369 vix
848 2335 947 2385 dictu
969 2334 1096 2382 dignas
1117 2334 1200 2371 belli
