1507 2656
253 190 406 219 menn
430 185 611 216 xxxrv.
645 185 752 213 CAP.
775 185 937 215 xnvn.
1064 172 1147 227 483

45 278 156 315 simul
181 285 288 330 parte
317 278 483 328 adgressi
508 282 608 313 sunt.
666 274 811 311 Consul
836 274 1025 325 extemplo
1046 288 1149 311 arma
1165 282 1204 312 U.
1218 281 1254 312 C.
1270 289 1345 315 558.

45 356 178 393 capere
198 343 333 379 milites
346 342 462 392 jussit
477 355 485 376 ε
517 345 681 377 armatos
702 340 789 375 inde
804 339 1007 389 paullisper
1024 341 1148 375 conti-
1160 326 1200 356 Α·
1214 326 1251 357 C·
1271 334 1339 359 ¹⁹⁴·

43 409 150 454 nuit3
184 414 225 444 ut
250 414 288 444 et
312 402 488 443 stolidam
512 405 684 441 fiduciam
705 405 806 440 hosti
827 411 995 452 augeret,
1017 410 1055 440 et
1074 405 1149 440 dis-

42 470 201 522 theret
229 472 370 522 copias,
405 470 539 520 quibus
567 481 723 519 quaeque
752 469 871 518 portis
898 476 1149 518 erumperent.

42 535 139 572 Duae
175 535 343 584 legiones
381 533 524 571 duabus
568 532 838 583 principalibus
880 532 998 582 portis
1039 532 1150 580 signa

43 599 324 650 efferrejussae:
358 600 420 635 sed
440 599 477 635 in
499 599 580 649 ipso
597 598 700 634 exitu
720 598 773 633 ita
789 596 950 633 conferti
967 596 1149 633 obstitere

42 663 157 707 Galli,
179 670 220 699 ut
235 663 453 700 clauderent
471 662 582 699 viam.
638 661 717 697 Diu
737 661 775 696 in
795 653 978 709 angustiis
1002 673 1147 711 pugna-

41 734 123 765 tum
141 734 215 764 est:
240 740 310 764 nec
330 727 470 764 dextris
492 726 608 775 magis
630 725 836 774 gladiisque
853 724 1055 773 gerebatur
1073 738 1146 768 res,

42 805 154 842 quam
188 793 302 828 scutis
333 790 629 841 corporibusque
659 789 748 839 ipsis
780 788 904 825 obnisi
935 788 1144 838 urgebant;

40 856 221 899 Romani,
244 862 284 892 ut
303 856 412 904 sigua
438 854 539 890 foras
566 852 760 897 efferrent;
794 851 909 896 Galli,
930 858 972 888 ut
991 859 1057 888 aut
1076 853 1148 904 ipsi

41 921 80 957 in
107 926 230 957 castra
258 924 514 971 penetrarent,
536 924 601 954 aut
626 918 728 954 exire
750 916 947 953 Romanos
968 917 1147 967 prohibe-

38 991 135 1021 rent.
191 984 274 1020 Nec
305 990 393 1020 ante
427 984 465 1019 in
493 983 592 1019 hanc
619 989 684 1018 aut
718 982 820 1018 illam
839 987 984 1032 partem
1005 983 1147 1019 moveri

39 1049 137 1086 acies
157 1054 376 1099 potuerunt,
393 1059 505 1096 quam
525 1047 573 1085 Q.
587 1046 780 1097 Victorius
802 1046 912 1096 primi
931 1046 998 1096 pili
1014 1053 1145 1083 centu-

38 1113 110 1156 rio,
131 1119 168 1148 et
196 1112 239 1149 C.
259 1111 410 1148 Atinius
431 1110 603 1146 tribunus
624 1109 800 1152 militum,
822 1116 966 1158 quartae
986 1111 1062 1154 hic,
1084 1110 1147 1146 ille

38 1176 211 1212 secundae
230 1175 405 1224 legionis,
431 1175 527 1222 (rem
553 1174 590 1209 in
615 1173 754 1223 asperis
775 1172 917 1223 proeliis
939 1185 1037 1224 saepe
1060 1181 1145 1211 ten-

37 1241 172 1287 tatam)
195 1240 303 1288 signa
322 1239 468 1275 ademta
491 1237 679 1286 signiferis
701 1238 739 1273 in
761 1238 888 1274 hostes
910 1237 1141 1288 injecerunt:

39 1305 127 1342 dum
156 1303 332 1355 repetunt
365 1303 468 1339 enise
501 1303 664 1352 signum,
700 1302 842 1352 priores
874 1304 1079 1363 secundani
1105 1317 1145 1340 se

36 1375 148 1421 porta
168 1368 322 1418 ejecere.

92 1433 258 1470 XLVII.
286 1432 374 1469 Jam
393 1431 433 1467 hi
459 1438 566 1468 extra
593 1430 730 1468 vallum
752 1432 988 1482 pugnabant,
1009 1443 1144 1482 quarta

34 1497 184 1547 legione
210 1499 249 1534 in
277 1505 386 1548 porta
414 1497 593 1540 haerente,
615 1510 730 1545 quum
758 1497 852 1533 alius
883 1499 1066 1535 tumultus
1095 1513 1141 1537 ex

0 1553 2 1563 Α
34 1574 163 1599 aversa
182 1568 287 1612 parte
306 1568 516 1598 castrorum
535 1567 592 1597 est
607 1568 760 1597 exortus
777 1575 785 1596 t
814 1562 850 1597 in
869 1569 1018 1612 portam
1037 1577 1140 1613 quae-

0 1630 1 1635 ’
33 1628 188 1664 storiam
205 1627 424 1676 inruperant
440 1625 539 1662 Galli
555 1642 563 1671 5
597 1626 891 1676 resistentesque
910 1629 1138 1678 pertinacius

1 1730 3 1743 1
34 1691 251 1727 occiderant
275 1689 321 1727 L.
342 1689 578 1726 Postumium
599 1696 839 1738 quaestorem,
861 1693 920 1727 cui
937 1692 1138 1743 Tympano

31 1755 104 1793 fuit
123 1766 349 1804 cognomen,
376 1760 415 1790 et
434 1753 491 1791 M.
510 1754 698 1797 Atinium,
725 1763 763 1790 et
795 1755 838 1792 P.
857 1756 1135 1807 Sempronium,

0 1841 1 1856 2
29 1819 226 1871 praefectos
247 1818 405 1861 socium,
427 1825 464 1854 et
483 1819 664 1855 ducentos
685 1818 802 1855 ferme
822 1819 971 1858 milites.
1013 1822 1135 1873 Capta

3 1881 4 1894 ³
30 1884 77 1921 ab
98 1897 142 1921 ea
161 1890 266 1934 parte
285 1889 407 1919 castra
426 1889 547 1926 erant,
567 1882 688 1919 donec
715 1883 850 1920 cohors
872 1887 1132 1924 extraordina-

29 1950 97 1993 ria,
118 1949 231 1985 missa
243 1961 265 1984 a
280 1947 434 1985 consule
450 1948 497 1984 ad
513 1948 690 1984 tuendam
708 1950 949 1997 quaestoriam
966 1958 1130 2001 portam,

0 1991 6 2053 l
29 2020 66 2050 et
92 2025 171 2056 eOS,
191 2014 254 2062 qui
283 2013 382 2049 intra
406 2012 543 2048 vallum
571 2019 692 2056 erant,
714 2014 850 2063 partim
870 2017 1022 2059 occidit,
1044 2029 1130 2066 par-

28 2080 94 2115 tim
112 2077 256 2127 expulit
278 2078 423 2121 castris,
444 2084 482 2114 et
511 2078 811 2127 inrumpentibus
842 2079 1003 2116 obstitit.
1050 2081 1129 2118 Eo-

26 2143 111 2180 dem
130 2143 207 2178 fere
226 2148 395 2191 tempore
415 2148 452 2178 et
472 2148 605 2191 quarta
624 2142 722 2191 legio
738 2153 827 2179 ‘cum
843 2144 985 2180 duabus
1003 2152 1127 2182 extra-

28 2207 223 2244 ordinariis
258 2206 477 2243 cohortibus
513 2213 623 2257 porta
659 2208 805 2258 erupit:
838 2209 891 2244 ita
923 2209 1033 2245 simul
1055 2211 1129 2248 tria

26 2271 160 2322 proelia
187 2271 287 2307 circa
311 2264 434 2307 castra
463 2271 555 2307 locis
576 2272 800 2308 distantibus
822 2279 951 2319 erant,
984 2274 1126 2311 clamo-

27 2347 157 2385 resque
186 2334 327 2371 dissoni
356 2335 403 2372 ad
431 2335 595 2371 incertos
625 2348 777 2373 suorum
797 2343 950 2374 eventus
979 2351 1002 2375 a
1029 2351 1125 2389 prae-

3 2375 9 2432 l
539 2400 577 2437 Y
595 2402 618 2437 2

4 2434 12 2629 ἱ
