1523 2666
127 306 221 338 U.C.
239 313 276 337 ⁵4

128 352 169 383 A.
186 351 223 382 C.
238 357 254 382 2

127 2297 242 2329 Classis

128 2341 278 2371 Romana

125 2384 299 2424 populatur

123 2428 280 2461 Africam,

326 205 380 247 85
776 213 823 243 Τ.
852 211 987 243 L1v11

283 313 315 338 5.
326 304 531 356 ejecerunt,
554 309 661 340 scuta
676 315 752 352 prae
769 315 809 338 se
826 309 1015 346 tenentes,
1032 314 1081 339 ne
1098 300 1175 339 tela
1193 302 1327 354 procul
1346 316 1439 341 con-

260 358 554 421 ⁰‘'jicerentur3
591 368 740 404 dextras
779 367 896 403 nudas
935 374 1187 411 ostentanteS,
1215 374 1258 404 ut
1294 368 1438 417 gladios

323 433 509 484 abjecisse
537 432 758 481 adpareret:
790 431 828 467 id
849 437 974 467 utrum
1002 444 1136 481 parum
1165 443 1210 466 ex
1241 431 1442 468 intervallo

323 499 372 535 sit
402 503 662 547 conspectum,
696 508 744 531 an
777 494 885 530 dolus
916 494 1050 543 aliquis
1083 500 1280 545 suspectus
1310 495 1441 539 fuerit,

323 563 601 612 incompertum
640 567 708 596 est.
766 559 923 610 Inpetus
962 559 1111 595 hostilis
1148 561 1188 596 in
1225 560 1443 609 transfugas

324 626 471 664 factus:
503 637 574 662 nec
604 636 725 665 secus,
747 636 859 672 quam
888 624 1043 660 adversa
1067 624 1181 667 acies,
1212 624 1310 660 caesi.
1366 624 1445 660 Ea-

325 691 485 740 demque
504 697 616 740 porta
635 689 744 737 signa
764 688 903 725 infesta
920 689 960 725 in
980 687 1111 724 urbem
1128 688 1270 724 inlata:
1303 693 1341 724 et
1360 687 1443 724 aliis

323 755 496 805 partibus
516 752 707 790 securibus
729 752 969 802 dolabrisque
989 752 1232 788 caedebantur
1252 757 1290 787 et
1308 751 1446 787 refrin-

326 819 514 868 gebantur
542 825 677 868 portae,
699 824 750 860 et,
773 823 815 852 ut
843 817 1002 865 quisque
1031 817 1237 852 intraverat
1253 828 1382 864 equeS,
1400 815 1446 853 ad

325 884 451 920 forum
479 882 741 931 occupandum
775 881 847 928 (ita
874 881 974 916 enim
1003 887 1234 930 praeceptum
1262 879 1360 927 erat)
1392 880 1446 916 ci-

326 954 409 985 tato
437 960 534 996 equo
566 946 759 996 pergebat.
816 945 1000 980 Additum
1038 950 1118 980 erat
1152 950 1190 980 et
1225 944 1445 981 triariorum

327 1011 445 1060 equiti
479 1010 718 1060 prcesidium:
751 1007 949 1056 legionarii
983 1014 1126 1044 ceteras
1156 1013 1282 1057 partes
1311 1019 1446 1057 perva-

329 1076 445 1111 dunt:
480 1074 692 1123 direptione
711 1078 748 1108 et
769 1072 868 1107 crede
898 1071 1111 1113 obviorum,
1135 1071 1208 1106 nisi
1238 1070 1303 1119 qui
1332 1069 1446 1106 armis

329 1152 369 1175 se
396 1138 617 1178 tuebantur,
648 1136 926 1172 abstinuerunt.
983 1134 1329 1182 Karthaginienses
1364 1146 1447 1169 om-

329 1216 395 1240 nes
425 1204 465 1238 in
491 1201 702 1237 custodiam
734 1200 812 1235 dati
842 1207 953 1235 sunt:
986 1199 1261 1249 oppidanorum
1298 1209 1448 1246 quoque

329 1267 490 1304 trecenti
508 1266 641 1308 ferme,
661 1265 725 1313 qui
748 1264 960 1300 clauserant
989 1269 1141 1313 portas:
1176 1262 1308 1298 ceteris
1330 1261 1449 1297 tradi-

330 1339 411 1367 tum
439 1331 632 1381 oppidum,
661 1342 737 1364 suae
764 1328 916 1364 redditae
944 1340 1015 1363 res.
1074 1327 1254 1362 Cecidere
1280 1326 1320 1362 in
1345 1325 1449 1362 urbis

330 1395 410 1445 ejus
432 1395 720 1445 obpugnatione
749 1393 917 1428 hostiurn
948 1392 1024 1428 duo
1051 1390 1170 1428 millia
1187 1391 1332 1436 ferme3
1364 1389 1450 1427 Ro-

330 1472 530 1496 manorum
550 1459 650 1495 haud
672 1457 830 1507 amplius
851 1457 1076 1505 nonaginta.

385 1524 453 1560 IV.
483 1524 592 1559 Laeta
613 1529 648 1558 et
673 1522 778 1571 ipsis,
800 1521 863 1569 qui
880 1533 957 1556 rem
977 1532 1141 1569 gessere,
1160 1518 1263 1555 urbis
1284 1517 1364 1568 ejus
1385 1530 1451 1555 ex·

331 1588 517 1640 pugnatio
536 1587 623 1629 fuit,
644 1592 682 1622 et
702 1585 923 1636 imperatori
943 1591 1146 1633 ceteroque
1172 1583 1354 1619 exercitui
1368 1598 1379 1628 3
1413 1587 1451 1618 et

332 1654 545 1704 speciosum
564 1652 764 1687 adventurn
785 1662 908 1691 suum,
933 1649 1126 1697 ingentem
1155 1646 1307 1684 turbam
1328 1647 1450 1697 capti-

330 1730 464 1753 vorum
491 1729 568 1767 prae
598 1728 637 1751 se
670 1721 840 1763 agentes,
870 1713 1055 1749 fecerunt.
1113 1712 1255 1762 Scipio,
1292 1710 1450 1748 conlau-

332 1782 421 1818 dato
440 1781 570 1823 fratre,
587 1793 717 1830 quum,
739 1784 882 1828 quanto
902 1782 1053 1828 poterat
1069 1775 1271 1812 verborum
1286 1775 1450 1819 honore,

332 1845 564 1894 Karthagini
594 1845 641 1881 ab
662 1857 704 1880 se
730 1850 850 1894 capta:
878 1849 1027 1892 captam
1054 1840 1102 1877 ab
1132 1853 1177 1876 eo
1204 1839 1370 1888 Oringin
1396 1853 1448 1876 ae·

331 1918 497 1960 quasset,
520 1910 608 1958 quia
627 1917 666 1945 et
692 1909 813 1944 hiems
842 1907 1025 1949 instabat,
1046 1912 1089 1942 ut
1106 1918 1180 1941 nec
1199 1910 1348 1941 tentare
1368 1903 1447 1940 Ga-

331 1976 410 2019 des,
431 1988 501 2011 nec
521 1974 720 2024 disjectum
745 1973 885 2023 passim
905 1985 971 2022 per
988 1970 1223 2022 provinciam
1242 1969 1449 2006 exercitum

331 2038 582 2076 Hasdrubalis
604 2038 813 2075 consectari
835 2043 977 2086 posset,
1007 2037 1047 2071 in
1067 2035 1282 2071 citeriorem
1303 2033 1447 2083 Hispa-

327 2104 431 2139 niam
451 2115 582 2138 omnes
604 2114 688 2138 suas
707 2102 835 2151 copias
857 2100 1005 2136 reduxit
1025 2112 1032 2132 ι
1064 2098 1302 2146 dimissisque
1330 2098 1370 2133 in
1389 2097 1447 2133 hi-

325 2167 444 2204 berna
463 2166 692 2216 legionibus,
713 2166 758 2202 L.
779 2166 956 2215 Scipione
975 2164 1092 2200 fratre
1122 2163 1288 2199 Romam
1313 2162 1450 2204 misso,

326 2239 363 2267 et
384 2231 579 2267 Hannone
598 2231 765 2266 hostium
796 2231 1038 2280 imperatore,
1067 2227 1276 2274 ceterisque
1305 2224 1445 2260 nobili-

325 2294 395 2331 bus
432 2296 605 2345 σειρῇ-νίς,
638 2296 718 2345 ipse
750 2294 1008 2330 'sarraconem
1041 2291 1242 2328 concessit.
1298 2289 1448 2326 Eodem

325 2372 428 2398 anno
447 2359 576 2398 classis
594 2359 790 2404 Romana,
810 2372 896 2397 cum
922 2357 980 2398 M.
995 2356 1150 2395 Valerio
1178 2354 1338 2393 Laevino
1356 2365 1451 2407 pro·
