1523 2666
118 271 298 305 U.c.542.

118 316 208 346 A.C.
225 324 301 349 210.

116 982 297 1014 Q.Fulvius

115 1026 257 1057 dictator.

314 186 366 215 10
770 187 816 217 T.
839 186 973 217 mvn

311 288 414 323 quem
438 277 595 324 populus
613 275 786 323 jussisset,
817 280 950 314 diceret
968 278 1192 314 dictatorem.
1239 276 1282 313 Si
1309 275 1430 313 consul

310 340 490 381 noluisset,
506 345 641 388 praetor
657 343 833 389 populum
847 346 1015 390 rogaret:
1042 343 1073 377 si
1091 353 1134 377 ne
1152 343 1182 376 is
1196 341 1338 388 quidem
1352 340 1428 375 vel-

311 405 372 446 let,
395 409 466 440 tum
489 404 621 440 tribuni
639 407 688 441 ad
702 406 841 453 plebem
857 406 1013 454 ferrent.
1071 405 1198 444 Quum
1230 402 1364 440 consul
1390 415 1430 439 se

308 467 489 517 populum
520 474 742 516 rogaturum
771 475 959 518 negasset,
991 469 1092 518 quod
1121 481 1197 504 suae
1226 466 1428 517 potestatis

309 537 421 574 esset,
441 538 717 581 praetoremque
735 533 917 568 vetuisset
945 545 1081 581 rogare
1095 548 1105 577 ;
1136 531 1282 568 tribuni
1307 529 1428 580 plebis

309 601 506 644 rogarunt,
527 595 731 646 plebesque
748 597 870 639 scivit,
892 603 934 633 ut
953 597 1002 636 Q.
1015 596 1184 639 Fulvius,
1201 596 1265 645 qui
1282 602 1362 631 tum
1382 594 1430 630 ad

311 659 481 708 Capuam
519 665 613 701 erat,
644 659 809 695 dictator
838 660 1046 696 diceretur:
1080 660 1159 702 sed,
1190 672 1266 708 quo
1294 658 1356 694 die
1390 657 1431 692 id

310 722 429 772 plebis
450 721 653 758 concilium
672 723 842 759 futurum
865 730 959 766 erat,
981 723 1114 760 consul
1133 723 1228 759 clam
1255 727 1370 757 nocte
1389 721 1430 756 in

307 785 475 822 Siciliam
491 785 585 822 abiit
601 801 608 821 t
632 787 875 836 destitutique
889 786 1021 822 Patres
1038 786 1165 821 literas
1182 786 1228 820 ad
1242 784 1299 820 M.
1314 783 1430 819 Clau-

306 849 409 885 dium
425 850 627 886 mittendas
644 856 885 892 censuerunt,
902 857 945 885 ut
961 850 1117 884 ‹lesertae
1130 848 1178 884 ab
1194 847 1342 895 collega
1355 846 1429 883 rei·

307 912 467 963 publicae
499 913 730 955 subveniret,
763 913 992 961 diceretque,
1021 925 1130 960 quem
1159 910 1321 961 populus
1343 908 1429 959 jus-

309 977 432 1020 sisset,
454 978 691 1013 dictatorem.
740 977 800 1012 Ita
820 990 841 1012 a
859 976 916 1012 M.
931 975 1091 1011 Claudio
1108 974 1263 1011 consule
1275 974 1324 1013 Q.
1337 972 1428 1009 Ful-

309 1043 390 1077 vius
409 1043 573 1078 dictator
592 1042 729 1084 dictus,
751 1048 788 1077 et
809 1055 854 1077 ex
876 1041 1006 1077 eodeni
1033 1040 1234 1090 plebiscito
1255 1037 1358 1075 etab
1378 1038 1428 1077 Q.

310 1105 446 1144 Fulvio
467 1107 653 1142 dictatore
674 1106 715 1142 P.
730 1106 901 1142 Licinius
924 1106 1081 1141 Crassus
1108 1103 1282 1155 pontifex
1308 1102 1428 1139 maxi-

307 1183 391 1208 mus
414 1172 593 1220 magister
613 1170 782 1220 equitum
802 1170 936 1206 dictus.
1288 1218 1289 1222 Ἰ

362 1236 431 1272 VI.
461 1236 640 1272 Dictator
669 1244 870 1285 postquam
900 1235 1065 1271 Romam
1094 1235 1211 1278 venit,
1236 1233 1429 1270 ensem-

307 1302 485 1351 pronium
505 1300 670 1336 Blaesum
690 1300 873 1349 legatum,
894 1313 1005 1349 quem
1025 1300 1071 1335 ad
1092 1299 1265 1348 Capuam
1282 1298 1427 1335 habue-

310 1371 379 1406 rat,
400 1365 441 1399 in
461 1364 655 1399 Etruriam
681 1364 914 1413 provinciam
942 1363 990 1398 ad
1016 1363 1223 1398 exercitum
1250 1362 1366 1404 misit,
1387 1362 1426 1397 in

308 1428 434 1464 locum
462 1427 715 1476 C.Calpurnii
745 1427 941 1477 przetoris,
974 1438 1099 1474 quem,
1131 1432 1173 1460 ut
1193 1425 1333 1474 Capuae
1363 1437 1429 1461 ex-

308 1492 514 1540 ercituique
531 1504 598 1527 suo
614 1497 804 1541 praeesset,
821 1490 938 1525 literis
956 1490 1106 1525 excivit.
1154 1487 1241 1537 Ipse
1257 1488 1426 1531 coniitia,

308 1557 347 1591 in
369 1568 479 1605 quem
507 1556 605 1590 diem
636 1555 797 1604 primum
829 1553 970 1603 potuit,
1002 1552 1142 1588 edixit:
1176 1564 1274 1600 quae,
1305 1558 1427 1588 certa-

308 1621 409 1657 mine
447 1621 545 1656 inter
581 1619 755 1655 tribunos
770 1619 1082 1665 dictatoremque
1111 1614 1268 1665 injecto,
1299 1616 1428 1666 perfici

308 1698 385 1722 non
409 1692 627 1735 potuerunt.
687 1683 841 1719 Galeria
859 1682 1074 1733 juniorum,
1094 1694 1176 1729 quae
1203 1687 1305 1716 sorte
1331 1694 1428 1731 prae-

310 1750 483 1799 rogativa
500 1755 592 1791 erat,
611 1749 660 1787 Q.
675 1748 848 1784 Fulvium
864 1753 901 1783 et
917 1748 964 1785 Q.
978 1745 1139 1782 Fabium
1155 1744 1328 1780 consules
1345 1746 1428 1782 dix-

309 1821 402 1857 erat,
425 1815 631 1862 eodemque
651 1813 738 1862 jure
765 1821 907 1848 vocatae
938 1810 1198 1852 inclinassent,
1219 1809 1257 1845 ni
1286 1809 1430 1846 tribuni

309 1879 427 1929 plebis
446 1879 488 1914 C.
504 1884 541 1914 et
556 1877 600 1913 L.
614 1878 772 1913 Areunii
793 1889 832 1912 se
852 1875 1189 1924 interposuissent:
1223 1873 1301 1921 qui,
1317 1886 1432 1922 neque

309 1946 563 1991 magistratum
592 1943 796 1977 continuari
831 1942 920 1975 satis
948 1939 1049 1975 civile
1076 1949 1165 1979 esse,
1189 1936 1366 1981 aiebant;
1395 1942 1431 1974 et

307 2010 424 2045 ‘multo
443 2007 613 2057 fcfdioris
631 2007 795 2053 exempli,
818 2017 896 2040 eum
926 2006 1039 2051 ipsum
1060 2003 1186 2043 creari,
1202 2002 1263 2049 qui
1282 2003 1430 2038 comitia

308 2074 462 2109 haberet.
521 2073 660 2119 Itaque,
681 2073 710 2106 si
734 2082 837 2106 susum
862 2080 989 2105 nomen
1007 2069 1163 2103 dictator
1185 2068 1373 2114 acciperet,
1393 2079 1430 2103 se

308 2139 461 2176 comitiis
487 2139 756 2173 intercessuros:
784 2136 816 2170 si
840 2135 1008 2174 aliorum,
1036 2135 1278 2179 praeterquam
1305 2132 1428 2179 ipsius,

307 2204 403 2238 ratio
424 2201 622 2243 haberetur,
641 2200 841 2235 oomitiz’sse
858 2209 994 2233 moram
1015 2194 1235 2244 nonfacere.
1291 2193 1427 2230 Dicta-

307 2272 369 2302 tor
389 2277 558 2302 caussam
580 2264 824 2300 comitiorum
844 2261 1074 2298 auctoritate
1100 2264 1266 2300 senatus,
1287 2257 1427 2307 plebis-

307 2331 399 2375 cito,
420 2328 600 2380 exemplis
620 2328 830 2366 tutabatur.
888 2326 1067 2375 Namque,
1090 2324 1154 2362 Cn.
1169 2324 1322 2360 Servilio
1341 2334 1425 2359 con·

1495 1862 1499 1914 Ι
