1507 2656
376 129 531 160 LIBER
553 126 700 156 xxxl.
732 125 840 156 cAP.
864 126 983 156 xxv.
1151 126 1232 170 299

119 221 309 266 intuentes,
338 224 555 270 pugnarent,
583 219 780 265 scirentque
810 216 860 252 ibi
891 218 1008 264 signa,
1040 216 1089 253 ibi
1120 218 1231 254 aciem
1244 219 1286 251 U.
1300 218 1428 251 0552.

119 297 192 321 esse
221 286 355 328 debere,
375 285 434 322 ubi
456 297 516 320 rex
540 287 640 326 esset,
662 282 830 317 concitat
858 281 898 317 in
927 281 1056 317 hostes
1077 295 1228 331 equum,
1242 264 1284 295 A·
1298 263 1334 294 C'
1351 269 1426 294 2⁰⁰·

120 362 199 387 non
225 351 281 386 ira
301 356 465 392 tantum,
486 348 552 384 sed
577 348 693 384 etiam
716 345 837 395 gloria
857 345 1002 391 elatus;
1035 347 1149 395 quod,
1171 348 1228 383 in·
1242 345 1396 376 Proelium

122 413 228 463 genti
247 413 358 449 turba
383 412 581 462 completis
602 412 718 447 etiam
743 410 790 446 ad
818 409 1078 459 spectaculum
1098 411 1226 454 muris,
1240 398 1403 463 ζξῗέὲέἓῗῖ

120 477 289 527 conspici
308 489 347 513 se
367 482 601 526 pugnantem
621 475 813 525 egregium
830 473 1004 510 ducebat.
1044 473 1229 523 Aliquan—

117 547 199 577 tum
219 546 308 577 ante
327 541 446 576 aciem
467 553 552 577 cum
568 539 758 589 equitibus
778 538 908 589 paucis
925 545 1075 575 evectus
1091 539 1131 574 in
1151 552 1230 575 me-

118 606 198 642 dios
218 606 362 649 hostes,
384 606 579 655 ingentem
606 618 722 654 quum
749 604 825 640 suis
850 603 1038 647 ardorem,
1058 610 1140 640 tum
1162 617 1231 655 pa-

117 682 244 706 vorem
272 669 460 713 hostibus,
488 669 638 720 injecit:
671 668 853 718 plurimos
878 679 992 704 manu
1018 681 1086 704 sua
1112 669 1230 705 comi-

115 747 186 771 nus
206 736 424 784 eminusque
444 735 662 771 vulneratos
687 732 979 782 compulsosque
999 733 1039 768 in
1062 740 1228 782 portam,

115 806 340 835 consecutus
361 807 399 835 et
418 801 512 849 ipse,
534 811 648 848 quum
668 795 852 847 majorem
874 796 914 832 in
941 797 1125 844 angustiis
1152 803 1229 833 tre-

114 862 327 912 pidantium
347 863 523 899 edidisset
543 862 696 905 caedem,
714 862 753 898 in
773 862 976 897 temerario
997 861 1151 912 incepto
1166 869 1230 899 tu·

114 933 196 962 tum
215 932 343 962 tamen
369 935 563 977 receptum
585 927 739 963 habuit:
773 927 874 975 quia,
902 926 965 975 qui
995 926 1034 962 in
1065 926 1230 964 turribus

113 999 234 1044 portae
250 999 372 1037 erant,
389 993 629 1030 sustinebant
648 992 736 1036 tela,
755 1004 804 1028 ne
819 992 859 1028 in
878 993 1087 1043 permixtos
1107 994 1229 1030 hosti-

113 1057 184 1096 bus
204 1070 291 1095 suos
313 1057 559 1109 conjicerent.
617 1057 726 1094 Intra
753 1069 880 1093 muros
901 1057 1036 1094 deinde
1061 1059 1228 1095 tenenti-

113 1123 183 1160 bus
203 1123 341 1160 milites
362 1122 676 1166 Atheniensibus,
692 1121 906 1172 Philippus,
928 1123 1039 1171 signo
1059 1125 1228 1174 receptui

114 1188 218 1231 dato,
254 1194 377 1224 castra
413 1188 460 1224 ad
498 1187 736 1237 Cynosarges
788 1185 989 1237 (templum
1034 1187 1226 1232 Herculis,

114 1252 440 1302 gymnasiumque,
468 1258 506 1288 et
531 1252 637 1288 lucus
663 1258 743 1288 erat
767 1251 1049 1302 circumjectus)
1072 1254 1223 1303 posuit:

113 1317 178 1353 sed
215 1316 468 1366 CynosargeS,
507 1323 545 1353 et
587 1317 770 1367 Lyceum,
810 1323 847 1353 et
885 1317 1066 1366 quidquid
1103 1319 1224 1355 sancti
1237 1318 1430 1368 Dimitom·

1237 1372 1290 1393 nia
1304 1372 1387 1395 Circa

113 1382 301 1418 amoenive
326 1382 426 1417 circa
445 1380 575 1417 urbem
602 1387 696 1424 erat,
715 1383 913 1418 incensum
933 1388 1004 1426 est,
1026 1383 1224 1434 dirutaque
1239 1407 1391 1438 Athenas.

110 1457 190 1482 non
218 1451 321 1480 tecta
350 1444 487 1487 solum,
521 1446 587 1481 sed
616 1446 731 1482 etiam
762 1445 956 1495 sepulcra:
999 1459 1069 1483 nec
1106 1448 1223 1485 divini

108 1512 311 1548 humanive
324 1509 421 1561 juris
443 1511 647 1560 quidquam
673 1524 751 1561 prae
778 1512 971 1562 inpotenti
991 1512 1048 1548 ira
1067 1519 1125 1548 est
1144 1524 1222 1548 ser-

110 1582 251 1612 vatum.

163 1639 297 1678 XXV.
324 1639 485 1676 Postero
508 1640 580 1683 die,
601 1653 718 1689 quum
743 1640 867 1690 primo
895 1639 1031 1676 clausae
1060 1640 1223 1679 fuissent

108 1712 243 1756 portae,
264 1704 398 1740 deinde
425 1703 552 1741 subito
576 1711 729 1754 apertae,
751 1705 839 1754 quia
863 1692 1079 1755 praesidium
1097 1706 1221 1744 Attali

109 1769 156 1806 ab
182 1768 339 1816 AEgina,
369 1767 612 1817 Romanique
644 1768 691 1805 ab
722 1768 868 1805 Piraeeo
897 1769 1131 1806 intraverant
1157 1784 1219 1807 ur-

106 1832 209 1876 bem,
240 1838 363 1868 castra
392 1832 439 1869 ab
470 1832 562 1868 urbe
594 1832 724 1869 retulit
754 1845 821 1870 rex
851 1833 925 1869 tria
954 1833 1073 1870 ferme
1100 1835 1220 1872 millia

107 1910 308 1950 passuum:
340 1898 428 1934 inde
454 1897 675 1935 Eleusinem
699 1898 908 1948 profectus,
931 1910 997 1948 spe
1023 1900 1218 1949 inproviso

105 1962 238 2013 templi
258 1962 489 2012 castellique,
517 1963 620 2012 quod
642 1970 682 1999 et
707 1964 869 1999 inminet
888 1970 926 1999 et
945 1964 1219 2004 circumdatum

105 2033 163 2064 est
180 2026 337 2076 templo,
359 2027 547 2077 capiendi,
568 2040 683 2077 quum
709 2028 1000 2077 haudquaquam
1024 2028 1216 2076 neglectas

108 2091 295 2126 custodias
316 2092 655 2135 animadvertisset,
673 2098 711 2128 et
729 2091 888 2128 classem
914 2104 936 2128 a
962 2091 1108 2129 Piraeeo
1127 2095 1215 2131 sub-

106 2155 200 2191 sidio
219 2156 359 2199 venire,
380 2157 521 2192 omisso
541 2157 708 2207 incepto,
735 2156 949 2205 Megaram,
971 2169 1014 2193 ac
1041 2160 1213 2208 protinus

107 2219 333 2256 Corinthum
353 2221 475 2257 ducit:
509 2228 547 2257 et
566 2234 682 2270 quum
700 2222 814 2270 Argis
833 2221 1064 2259 Achaeorum
1084 2225 1212 2260 conci·
1226 2221 1255 2254 Ῑῐ
1271 2224 1371 2264 Αῐὲῡὸ
1392 2224 1430 2255 ad

104 2283 195 2321 lium
212 2296 291 2321 esse
317 2285 495 2331 audisset,
523 2286 810 2337 inopinantibus
842 2287 1008 2331 Achaeis,
1035 2290 1211 2327 concioni
1225 2271 1403 2341 ἷξεῗιξέὲῗω

620 2350 655 2386 O
677 2351 698 2387 6
1225 2363 1310 2387 rum,
