1523 2666
258 152 345 198 514
716 158 760 187 T.
786 156 919 188 mvn

68 250 160 325 gg.
177 250 326 287 559.set,
352 246 644 293 praetermisisset.
701 246 855 284 Nullum
877 248 1071 284 exercitum
1101 247 1306 287 Romanum
1332 233 1372 287 in

100 315 109 324 .
151 315 159 326 .
179 302 249 329 193.

268 310 407 345 Graecia
442 322 540 347 esse:
567 322 631 346 nec
662 317 811 359 propter
853 311 1038 360 Gythium,
1074 317 1139 349 aut
1172 316 1374 351 maritimos

261 375 351 410 alios
379 373 556 417 Laconas,
578 376 726 422 dignam
754 388 916 411 caussam
943 377 1205 414 existimaturos
1234 378 1372 414 Roma-

261 451 336 482 nos,
375 451 438 475 cur
475 440 626 487 legiones
661 442 698 475 in
741 440 916 477 Graeciam
951 453 1074 477 rursus
1112 444 1372 480 transmittant.

261 502 357 539 Haec
377 503 422 538 ad
441 503 674 538 incitandum
694 503 862 540 animum
881 506 1034 553 tyranni
1055 506 1293 549 dicebantur,
1312 511 1370 550 ut,

262 579 378 616 quum
406 567 446 602 in
476 566 661 603 Graeciam
681 567 895 603 Antiochus
924 568 1148 618 trajecisset,
1172 570 1373 607 consolen-

263 632 317 666 tia
331 630 480 667 violatae
499 643 566 680 per
584 631 774 666 sociorum
793 630 950 681 injurias
971 632 1158 669 Romanae
1178 635 1370 678 amicitiae,

264 693 513 744 conjungeret
541 707 580 730 se
600 707 684 730 cum
703 694 912 731 Antiocho.
967 694 1021 731 Et
1050 695 1269 746 Philippum
1296 698 1370 733 Ni-

263 759 401 795 cander
428 758 529 794 haud
558 758 729 794 dissimili
758 759 932 795 oratione
962 759 1170 796 incitabat:
1203 768 1285 797 erat
1313 767 1371 797 et-

262 823 337 860 iam
368 821 489 872 major
511 823 676 857 orationi
705 823 878 865 materia,
898 835 974 871 quo
995 836 1042 859 ex
1060 822 1196 860 altiore
1213 824 1371 873 fastigio

262 899 342 929 rex,
363 899 474 935 quam
504 892 700 935 tyrannuS,
733 886 923 922 detractus
953 893 1048 931 erat,
1070 900 1219 937 quoque
1247 888 1372 939 plures

263 951 421 987 ademtae
459 963 529 987 res.
584 950 646 986 Ad
680 950 754 986 hoc
786 956 936 986 vetusta
969 963 1100 999 regum
1132 951 1370 989 Macedoniae

262 1016 378 1057 fama,
410 1020 703 1065 peragratusque
736 1014 837 1050 orbis
872 1021 1057 1051 terrarum
1086 1017 1253 1053 victoriis
1289 1015 1370 1067 ejus

260 1079 383 1127 gentis
414 1078 656 1114 referebatur.
713 1079 765 1114 Et
786 1083 903 1114 tutum
922 1080 978 1115 vel
999 1081 1150 1128 incepto,
1171 1081 1227 1116 vel
1245 1085 1370 1117 eventu

259 1155 294 1179 se
323 1145 507 1179 consilium
537 1142 705 1191 adferre:
735 1155 819 1179 nam
847 1156 970 1192 neque,
991 1149 1032 1180 ut
1060 1149 1143 1180 ante
1169 1157 1205 1180 se
1232 1151 1374 1182 moveat

262 1207 467 1255 Philippus,
489 1220 594 1254 quam
614 1208 812 1243 Antiochus
841 1220 920 1242 cum
949 1209 1104 1244 exercitu
1131 1210 1312 1245 transierit
1333 1211 1372 1246 in

268 1273 456 1314 Groeciczm,
476 1273 623 1307 suadere
636 1289 649 1316 ‚-
676 1276 725 1313 et,
746 1274 806 1319 qui
823 1274 896 1307 sine
915 1272 1093 1308 Antiocho
1112 1274 1278 1309 adversus
1296 1274 1372 1310 Ro-

261 1349 384 1372 manos
403 1337 616 1384 AEtolosque
646 1341 719 1372 tam
749 1338 808 1372 diu
838 1338 1045 1373 sustinuerit
1071 1337 1216 1380 bellum,
1238 1340 1283 1381 ei,
1304 1340 1372 1375 ad·
1408 1380 1411 1381 ⁷

254 1400 382 1447 juncto
402 1400 591 1442 Antiocho,
612 1402 715 1436 sociis
733 1400 885 1443 AEtolis,
907 1402 968 1448 qui
989 1405 1064 1436 tum
1086 1403 1267 1448 graviores
1292 1402 1373 1439 hos-

264 1471 326 1507 tes,
348 1478 454 1512 quam
475 1464 644 1507 Romani,
655 1463 813 1513 fuerint,
836 1465 958 1512 quibus
987 1466 1129 1501 tandem.
1156 1466 1287 1502 viribus
1313 1479 1370 1503 re-
1423 1461 1426 1463 μ

263 1531 384 1565 sistere
410 1529 593 1564 Romanos
617 1541 718 1577 posse
732 1531 752 1565 ,9
796 1528 1014 1579 Adjiciebat
1033 1529 1078 1566 de
1096 1529 1199 1565 duce·
1218 1530 1370 1567 Hanni-

263 1593 362 1636 bale,
383 1600 475 1628 nato
506 1593 680 1628 adversus
709 1592 907 1629 Romanos
936 1593 1062 1637 hoste,
1087 1594 1151 1643 qui
1178 1594 1302 1644 plures
1332 1602 1371 1632 et

264 1657 374 1693 duces
395 1663 432 1692 et
452 1656 588 1692 milites
610 1669 740 1692 eorum
760 1657 973 1701 occidisset,
996 1670 1108 1706 quam
1127 1664 1220 1706 quot
1239 1671 1369 1709 super·

265 1728 401 1757 essent.
459 1720 553 1756 Haec
574 1720 752 1771 Philippo
769 1721 972 1758 Nicander.
1018 1721 1106 1758 Alia
1123 1722 1367 1760 Dicaearebus

265 1785 459 1822 Antiocho
476 1802 481 1821 z
515 1793 552 1821 et
572 1787 741 1822 omnium
760 1787 936 1836 primum,
953 1789 1119 1835 praedam,
1138 1789 1180 1824 cle
1199 1788 1372 1837 Philippo

267 1851 511 1887 Romanorum
539 1863 608 1887 esse
635 1851 770 1894 dicere,
791 1853 977 1887 victoriam
995 1853 1218 1896 AEtolorum,
1239 1859 1273 1890 et
1291 1856 1372 1891 adi-

268 1922 343 1953 tum
362 1918 397 1952 in
422 1918 594 1952 Graeciam
617 1916 787 1953 Romanis
814 1918 932 1953 nullos
959 1919 1062 1960 aiios,
1084 1931 1191 1967 quam
1210 1920 1369 1964 AEtolos,

268 1981 427 2024 dedisse5
456 1985 490 2016 et
508 1981 556 2016 acl
575 1982 782 2016 vincendum
800 1983 891 2018 vires
910 1983 1048 2018 eosdem
1067 1983 1253 2031 praebuisse
1266 2001 1276 2021 .·
1306 1985 1371 2021 de-

268 2045 355 2082 iude
373 2051 533 2094 quantas
562 2045 729 2094 peditum
755 2047 997 2095 equitumque
1020 2048 1147 2097 copias
1176 2048 1371 2098 praebituri

270 2109 464 2147 Antiocho
490 2109 536 2145 ad
564 2108 704 2145 bellum
731 2116 877 2145 essent:
910 2124 992 2159 quae
1022 2111 1106 2147 loca
1134 2112 1373 2150 terrestribus

270 2175 403 2225 copiis,
433 2186 526 2222 quos
556 2180 687 2223 portus
717 2175 927 2211 maritimis.
983 2175 1082 2212 Tum
1115 2176 1160 2212 de
1192 2176 1371 2228 Philippo

269 2244 308 2276 et
339 2237 490 2275 Nabide
522 2238 641 2275 libero
679 2239 875 2276 mendacio
913 2239 1162 2277 abutebatur:
1197 2247 1372 2290 paratum

270 2308 458 2353 utrumque
485 2305 533 2340 ad
561 2303 802 2341 rebellandum
830 2316 925 2344 esse:
954 2310 988 2343 et
1011 2307 1171 2355 primam
1199 2318 1374 2358 quamque
