1507 2656
377 177 530 206 LIBER
555 175 676 204 xxx.
710 175 817 205 CAP.
840 176 925 206 xv.
1127 177 1206 221 231

93 283 136 308 ac
144 270 298 320 fortiter
305 268 444 318 fecisti,
466 267 611 303 libenter
629 271 662 302 et
676 267 967 311 commemoravi,
989 270 1023 302 et
1042 269 1208 304 memini:
1224 275 1266 306 U.
1281 275 1317 306 C.
1333 282 1409 308 549.

94 341 209 372 cetera
243 340 276 370 te
304 336 418 382 ipsum
448 337 617 380 reputare
654 336 783 374 tecum,
819 343 940 379 quam,
971 342 1027 367 me
1057 319 1410 375 dicente,A·C·²⁰3·

93 401 292 437 erubescere
330 399 440 435 malo.
497 397 646 446 Syphax
688 396 816 445 populi
852 396 1010 432 Romani
1046 399 1213 445 auspiciis

92 467 206 501 victus
238 469 431 513 captusque
465 468 527 499 est.
584 463 713 511 Itaque
746 463 833 509 ipse,
872 459 1012 507 conjux,
1047 473 1211 509 regnum,

94 540 195 576 ager,
216 529 365 576 oppida,
394 527 548 563 homines
567 528 628 574 qui
656 526 828 568 incolunt,
858 526 1034 574 quidquid
1063 526 1214 574 denique

94 592 268 641 Syphacis
289 591 385 640 fuit,
416 592 542 639 praeda
569 591 699 638 popuii
729 589 886 626 Romani
915 593 989 634 est,·
1029 594 1065 625 et
1094 601 1214 637 regem

94 654 343 704 conjugemque
361 653 447 701 ejus,
468 656 608 690 etiamsi
634 666 705 690 non
725 654 809 689 civis
829 652 1142 700 Karthaginiensis
1160 665 1214 689 es-

93 725 158 763 set,
178 721 316 756 etiamsi
334 732 403 755 non
419 724 562 768 patrem
580 717 654 764 ejus
673 720 924 766 imperatorem
946 719 1098 755 hostium
1115 720 1213 755 vide-

95 796 225 827 remuS,
260 783 415 819 Romam
441 788 620 831 oporteret
644 784 754 825 mitti,
783 795 826 819 ac
850 787 993 818 senatus
1017 783 1214 831 populique

95 848 253 885 Romani
272 850 315 885 de
343 861 386 884 ea
404 847 585 894 judicium
604 853 712 896 atque
737 849 925 884 arbitrium
945 861 1029 890 esse,
1051 861 1128 896 quae
1155 860 1213 884 re-

91 926 173 961 gem
191 914 289 949 nobis
306 915 440 949 socium
459 915 643 956 alienasse,
665 918 772 961 atque
799 915 839 948 in
864 926 967 949 arma
986 915 1094 960 egisse
1117 925 1214 961 proe-

95 979 238 1025 cipitem
256 978 409 1013 dicatur.
453 978 558 1012 Vince
577 979 737 1012 animum
750 994 761 1013 .·
791 990 874 1014 cave
893 977 1071 1026 deformes
1097 978 1216 1014 multa

95 1041 185 1077 bona
202 1053 272 1077 uno
290 1042 392 1083 vitio,
413 1045 449 1076 et
469 1044 521 1075 tot
540 1042 746 1076 meritorum
764 1042 923 1087 gratiam
942 1040 1078 1087 majore
1093 1041 1214 1089 culpa,

95 1117 202 1154 quam
222 1117 347 1141 caussa
366 1105 478 1152 culpae
497 1109 562 1147 est,
584 1116 806 1152 conrumpas.

148 1169 238 1206 XV.
266 1169 481 1206 Masinissae
517 1169 598 1204 haec
632 1168 800 1204 audienti
833 1181 910 1204 non
944 1167 1061 1204 rubor
1091 1167 1215 1204 solum

97 1233 288 1277 subfusus,
319 1233 383 1269 sed
411 1232 576 1268 lacrimae
606 1233 719 1268 etiam
750 1231 919 1267 obortae:
953 1238 1004 1275 et,
1035 1244 1151 1282 quum
1179 1244 1216 1269 se

98 1299 239 1346 quidem
255 1299 291 1334 in
303 1302 482 1346 potestate
489 1296 666 1344 futurum
682 1298 908 1344 imperatoris
924 1296 1093 1340 dixisset,
1110 1309 1215 1333 oras-

100 1367 230 1410 setque
251 1374 350 1404 eum,
370 1366 423 1404 ut,
445 1366 618 1410 quantum
636 1372 690 1396 res
716 1362 859 1402 sineret,
869 1361 962 1409 fidei
989 1373 1059 1396 suoe
1089 1366 1215 1397 temere

98 1427 271 1462 obstrictoe
299 1426 517 1469 consuleret5
543 1426 746 1473 promisisse
777 1425 882 1467 enim,
916 1435 987 1459 sese
1016 1426 1052 1459 in
1080 1425 1216 1460 nullius

94 1494 308 1538 potestatem
337 1502 417 1525 eam
447 1491 680 1531 traditurum,
700 1500 747 1524 ex
775 1488 955 1538 praetorio
979 1488 1017 1523 in
1037 1488 1214 1524 taberna-

99 1553 224 1590 culum
244 1566 352 1590 suum
371 1553 550 1590 confusus
573 1552 772 1588 concessit.
822 1551 896 1595 Ibi,
918 1551 1068 1588 arbitris
1089 1565 1213 1589 remo-

98 1619 162 1662 tis,
183 1631 298 1667 quum
318 1618 450 1654 crebro
470 1618 651 1668 suspiritu
670 1623 708 1652 et
727 1617 885 1665 gemitu,
907 1617 1007 1666 quod
1026 1616 1137 1653 facile
1166 1616 1214 1653 ab

101 1683 430 1718 circumstantibus
460 1681 750 1718 tabernaculum
777 1681 943 1717 exaudiri
971 1688 1113 1730 posset,
1145 1680 1215 1716 ali-

100 1753 282 1796 quantum
301 1746 482 1796 temporis
503 1746 795 1790 consumsisset3
829 1745 975 1792 ingenti
1003 1745 1048 1780 ad
1067 1752 1214 1794 postre-

101 1823 202 1846 mum
223 1810 326 1846 edito
352 1810 509 1858 gemitu,
530 1809 645 1846 fidum
666 1822 686 1845 e
712 1810 827 1845 servis
857 1815 983 1851 vocat,
1011 1808 1080 1844 sub
1107 1808 1214 1858 cujus

101 1874 272 1910 custodia
301 1875 407 1923 regio
437 1887 541 1910 more
579 1874 625 1910 ad
657 1874 801 1910 incerta
832 1873 996 1910 fortunae
1027 1885 1215 1909 venenum

101 1946 195 1984 crat,
227 1946 264 1976 et
296 1941 458 1976 mixtum
491 1941 529 1975 in
559 1940 698 1989 poculo
723 1939 821 1975 ferre
856 1939 902 1975 ad
934 1938 1215 1989 Sophonisbam

94 2003 220 2054 jubet,
253 2018 295 2040 ac
322 2004 433 2040 simul
465 2006 670 2050 nunciare3
703 2004 933 2040 Masinissam
967 2004 1113 2039 libenter
1135 2005 1212 2051 pri·
1228 2006 1398 2038 Masinissa

98 2081 195 2105 mam
215 2071 247 2106 ei
261 2070 377 2118 fidem
400 2074 655 2117 praestaturum
675 2069 806 2117 fuisse,
827 2080 934 2117 quam
952 2070 1007 2104 vir
1034 2069 1133 2103 umori
1153 2069 1212 2103 de-
1227 2060 1393 2124 ζῇῖῧῗέἓ]

99 2133 223 2169 buerit.
283 2135 457 2175 Quoniam
477 2134 665 2170 arbitrium
681 2133 766 2179 (jus,
788 2135 848 2181 qui
863 2135 1013 2181 possint,
1034 2134 1212 2175 adimant,
1227 2137 1401 2209 l{optionis-

1249 2188 1315 2211 am·

98 2198 288 2233 secundam
295 2198 411 2246 fidem
427 2203 611 2245 preestare,
633 2211 677 2234 ne
696 2201 777 2234 viva
796 2201 831 2234 in
847 2203 1058 2245 potestatem
1078 2198 1214 2233 Roma-

97 2273 223 2298 norum
241 2265 371 2299 veniat.
401 2263 542 2299 Memor
560 2265 674 2311 patris
691 2264 929 2311 imperatoris,
946 2264 1158 2311 patriaeque‚
1180 2267 1214 2298 et

99 2328 247 2364 duorum
270 2340 404 2376 regum,
427 2328 548 2376 quibus
575 2333 688 2376 nupta
697 2327 844 2377 fuisset,
864 2329 928 2366 sibi
957 2330 1036 2377 ipsa
1056 2328 1212 2364 consule-
