1507 2656
390 201 544 231 LIBER
567 200 688 228 XXX·
721 199 826 228 CAP.
850 199 971 227 XXX.
1156 198 1235 242 251

126 296 260 343 insigne
277 295 422 331 virtutis
436 294 652 341 pietatisque
666 293 803 328 eximiae
823 294 969 340 cepisti:
988 292 1136 328 amissas
1152 292 1237 327 His·
1253 291 1294 322 U·
1308 290 1343 322 C·
1357 298 1430 323 550-

121 362 253 409 panias
266 359 483 407 reciperasti,
501 362 655 405 quatuor
670 358 753 393 inde
772 358 920 393 Punicis
935 357 1142 393 exercitibus
1153 357 1238 405 pul·
1251 336 1290 366 A'
1307 335 1344 366 C'
1359 342 1433 366 ²⁰2⁶

123 426 190 461 sis:
218 423 338 460 consul
363 426 515 465 creatus,
538 434 647 470 quum
666 422 790 457 ceteris
808 423 858 457 ad
878 423 1068 458 tutandam
1088 421 1238 457 Italiam

119 502 250 539 parum
268 490 382 525 animi
397 493 496 531 esset,
519 493 756 536 transgressus
775 490 812 524 in
830 487 1013 537 Africam,
1035 488 1168 524 duobus
1180 488 1239 523 bic

124 554 332 591 exercitibus
348 555 456 597 caesis,
477 553 566 589 binis
580 555 704 590 eadem
720 553 808 590 hora
823 556 938 602 captis
953 554 1060 590 simul
1074 554 1238 589 incensis-

120 631 187 667 que
205 621 342 662 castris,
364 618 530 667 Syphace
554 619 802 666 potentissimo
826 630 909 666 rege
928 623 1046 667 capto,
1069 622 1121 654 tot
1139 618 1239 654 urbi-

120 684 182 720 bus
199 685 301 733 regni
319 683 407 731 ejus,
430 689 483 720 tot
501 684 615 719 nostri
633 685 775 731 imperii
794 685 936 732 ereptis,
957 696 1012 720 me
1034 685 1236 720 seztumde-

120 750 253 785 cimum
261 748 343 795 jam
362 761 497 785 annum
516 749 704 785 haerentem
731 750 768 784 in
794 751 1007 797 possessione
1031 750 1150 784 Italiae
1174 749 1235 784 de-

120 814 273 849 traxisti.
331 814 455 850 Potest
479 814 680 855 victoriam,
702 814 862 862 inquam,
888 814 1010 855 malle,
1033 825 1138 861 quam
1164 824 1236 860 pa·

119 889 207 920 cem,
223 879 373 914 animus.
433 878 524 914 Novi
543 879 691 926 spiritus
717 880 832 925 magis
855 890 1014 926 magnos,
1036 890 1143 925 quam
1162 879 1236 913 'uti-

119 940 169 977 les
183 956 193 976 .·
223 946 258 977 et
276 942 365 978 mihi
386 943 470 978 talis
489 943 686 990 aliquando
694 941 855 991 fortuna
875 942 1041 991 adfulsit.
1082 942 1186 983 Quod
1204 943 1237 977 si

117 1006 155 1041 in
182 1007 341 1042 secundis
368 1006 470 1043 re‘bus
497 1007 625 1042 bonam
645 1019 782 1055 quoque
811 1013 962 1044 mentem
991 1009 1118 1043 clarent
1143 1008 1213 1043 Dii
1221 1024 1235 1052 ‚-

116 1081 189 1105 non
208 1082 250 1105 ea
268 1071 396 1112 solum,
418 1082 496 1118 quae
520 1071 725 1113 evenissent,
745 1071 809 1106 sed
836 1072 943 1106 etiam
973 1083 1028 1113 ea,
1050 1084 1128 1119 quae
1155 1083 1234 1107 ezre-

110 1133 188 1167 nire
213 1137 368 1179 possent,
399 1138 655 1181 reputaremus.
730 1135 779 1170 Ut
815 1136 975 1172 omnium
1014 1135 1234 1171 obliviscaris

116 1198 285 1240 aliorum,
321 1199 409 1234 satis
445 1210 508 1245 ego
546 1200 746 1235 documenti
781 1201 819 1234 in
855 1212 973 1235 omnes
1009 1212 1110 1236 casus
1140 1212 1231 1237 sum.

121 1263 234 1302 Quem
258 1264 376 1305 modo,
399 1265 523 1299 castris
552 1265 645 1299 inter
674 1265 844 1300 Anienem
875 1270 983 1312 atque
1008 1265 1130 1301 urbem
1155 1277 1231 1301 res-

118 1332 209 1362 tram
244 1329 384 1374 positis,
417 1329 520 1374 signa
549 1327 761 1375 inferentem
793 1330 841 1364 aa
872 1331 1001 1365 moenia
1038 1329 1204 1365 Romana
1217 1347 1231 1373 ,-

115 1391 172 1427 liic
200 1393 324 1434 cernis,
357 1392 490 1427 duobus
500 1391 714 1440 fortissimis
739 1394 838 1435 viris,
859 1392 1044 1441 fratribus
1073 1395 1230 1430 clarissi-

113 1456 180 1491 mis
199 1456 481 1503 imperatoribus,
503 1457 679 1499 orbatum,
702 1462 786 1492 ante
815 1460 943 1493 maenia
961 1471 1072 1506 prope
1090 1459 1230 1495 obsessa?

108 1523 252 1570 patrice,
275 1523 398 1570 quibus
421 1526 533 1559 terrui
558 1529 711 1559 vestram
738 1524 871 1566 urbem,
894 1536 935 1559 ea
959 1537 1028 1571 pro
1057 1536 1135 1560 mea
1166 1526 1228 1560 cle-

107 1592 327 1635 precantem.
374 1589 546 1624 Maximce
576 1590 701 1637 cuique
713 1588 879 1637 fortunae
907 1591 1053 1625 minime
1082 1591 1227 1625 creden-

111 1653 197 1687 dum
217 1657 279 1688 est.
325 1653 367 1688 In
386 1653 483 1688 bonis
504 1654 574 1688 tuis
591 1653 703 1694 rebus,
724 1654 853 1688 nostris
872 1654 998 1696 dubiis,
1021 1653 1083 1689 tibi
1103 1655 1227 1701 ampla

110 1729 153 1752 ac
170 1718 325 1764 speciosa
346 1718 449 1753 danti
476 1723 527 1753 est
547 1730 623 1766 pax
636 1733 645 1762 ;
679 1717 776 1753 nobis
802 1719 1000 1765 petentibus
1024 1720 1138 1765 magis
1164 1731 1226 1753 ne-

111 1783 276 1824 cessaria,
298 1795 402 1829 quam
424 1782 579 1818 honesta.
611 1782 743 1818 *Melior
760 1784 939 1830 tutiorque
955 1788 1005 1818 est
1021 1788 1117 1818 certa
1134 1796 1222 1830 pax,

107 1858 212 1894 quam
242 1853 386 1894 sperata
409 1850 582 1884 victoria:
626 1847 699 1883 haec
726 1850 760 1883 in
793 1852 868 1890 tua,
898 1849 963 1883 illa
994 1850 1030 1884 in
1057 1849 1224 1884 Deorum

107 1922 214 1946 manu
236 1915 297 1947 est.
355 1912 412 1947 Ne
441 1918 494 1948 tot
516 1924 691 1948 annorum
707 1911 929 1960 felicitatem
951 1914 986 1947 in
1007 1913 1109 1947 unius
1129 1912 1224 1948 hora>

104 1976 243 2011 dederis
262 1977 459 2013 discrimen.
520 1978 636 2018 Quum
657 1982 735 2012 tuas
756 1978 857 2019 vires,
882 1981 958 2012 tum
974 1979 1047 2012 vim
1057 1976 1224 2025 fortunae

104 2041 332 2089 Martemque
351 2042 435 2077 belli
454 2054 687 2085 communem,
704 2054 866 2090 propone
885 2043 1019 2077 animo.
1085 2042 1222 2078 Utrim-

106 2117 171 2152 que
189 2104 350 2152 ferrum,
381 2119 532 2154 corpora
561 2107 718 2142 humana
743 2112 867 2142 erunt:
896 2118 1069 2154 nusquam
1092 2108 1220 2148 minus,

107 2180 214 2216 quam
232 2171 269 2204 in
289 2169 392 2212 bello,
413 2176 554 2207 eventus
571 2173 796 2219 respondent.
839 2171 921 2206 Non
943 2175 1081 2206 tantum
1101 2171 1149 2205 acl
1168 2172 1219 2212 id,

105 2234 199 2280 quod
218 2234 305 2269 data
322 2247 413 2282 pace
423 2234 505 2280 jam
525 2236 652 2271 habere
663 2241 779 2284 potes,
800 2237 830 2271 si
845 2237 969 2283 proelio
990 2237 1120 2277 cincus,
1140 2236 1219 2282 glo-

104 2298 167 2332 rioe
186 2297 353 2344 adjeceris
366 2316 378 2335 .·
408 2305 581 2348 quantum
600 2302 788 2343 ademeris,
808 2302 839 2336 si
862 2302 948 2349 quid
974 2302 1114 2336 adversi
1143 2311 1220 2335 ere-

100 2364 190 2399 mat.
248 2364 367 2401 Simul
387 2371 501 2414 parta
520 2378 562 2403 ac
580 2371 728 2414 sperata
751 2367 879 2403 decora
909 2368 1011 2402 unius
1029 2363 1218 2413 lzorcefor-

615 2430 658 2466 M
681 2431 701 2466 6
