1507 2656
258 175 411 206 LIBER
435 173 613 204 xxxlv.
646 173 752 201 CAP.
771 172 960 202 xxv111.
1075 158 1158 213 463

55 264 162 301 citari
183 266 338 301 nomina
356 264 554 313 octoginta
572 261 690 298 ferme
710 260 923 311 principum
945 258 1158 309 juventutis
1172 261 1214 292 U.
1229 261 1265 291 C.
1281 266 1354 296 5⁵7.

47 327 191 377 jussit:
223 335 335 378 atque
364 340 442 371 eos,
463 333 505 362 ut
526 326 683 374 quisque
711 324 758 360 ad
787 335 925 359 nomen
955 304 1260 373 responde-A·C·
1278 311 1350 337 ²⁹⁵⁰

56 399 127 435 rat,
148 393 186 428 in
207 391 415 428 custodiam
436 390 615 426 tradidit:
647 395 760 424 nocte
789 387 1001 436 insequenti
1028 398 1160 423 omnes

54 456 255 492 interfecti.
313 455 497 491 Ilotarum
526 453 658 490 deinde
685 452 848 502 quidam,
881 451 938 499 (hi
968 457 1056 487 sunt
1078 450 1162 500 jam

54 520 138 556 inde
167 520 374 568 antiquitus
408 517 618 561 castellani,
649 524 795 567 agreste
825 514 961 566 genus)
994 514 1160 551 transfu-

53 595 140 631 gere
158 583 321 619 voluisse
339 582 560 626 insimulati,
581 594 648 632 per
667 594 796 618 omnes
817 581 919 616 vicos
940 579 1008 616 sub
1028 577 1160 615 verbe-

52 647 154 683 ribus
173 648 249 684 acti
268 654 451 683 necantur
470 662 477 682 z
510 646 584 682 hoc
604 654 748 682 terrore
768 644 1045 694 obstupuerant
1062 641 1160 679 niul-

52 712 224 747 titudinis
255 708 371 748 animi
396 711 443 747 ab
464 711 567 746 omni
597 717 737 746 conatu
765 721 951 745 novorum
981 707 1160 744 consilio-

53 788 149 812 rum.
205 775 315 812 Intra
340 776 570 812 munitiones
591 775 719 825 copias
739 773 974 817 continebat,
996 785 1064 809 nec
1093 785 1161 823 pa·

54 851 133 875 rem
153 851 192 875 se
211 846 328 883 ratus,
349 840 379 875 si
400 840 576 876 dimicare
604 840 683 875 acie
702 838 841 883 vellet3
874 843 912 873 et
941 836 1073 873 urbem
1101 848 1159 873 re·

52 903 235 953 linquere,
256 911 336 940 tam
355 904 544 954 suspensis
563 910 601 940 et
629 904 782 940 incertis
810 902 980 948 omniurn
1009 901 1159 945 animis,

52 975 236 1004 metuens.

105 1033 302 1070 XXVIII.
332 1033 549 1076 Quinctius,
573 1033 663 1069 satis
686 1032 769 1083 jam
798 1030 973 1068 omnibus
1004 1028 1160 1080 paratis,

52 1098 245 1149 profectus
275 1098 323 1135 ab
352 1098 512 1143 stativis,
534 1098 592 1134 die
621 1097 741 1133 altero
762 1096 809 1132 ad
835 1095 1032 1131 Sellasiam
1051 1106 1161 1145 super

52 1164 230 1200 OEnunta
257 1163 412 1199 fluvium
436 1163 607 1214 pervenit
626 1177 633 1198 z
667 1174 742 1210 quo
762 1161 801 1196 in
820 1159 906 1196 loco
926 1159 1161 1208 Antigonus,

0 1263 1 1268 ,
52 1228 309 1266 Macedonum
347 1241 427 1271 rex,
466 1240 551 1264 cum
589 1226 807 1268 Cleomene,
848 1223 1162 1261 Lacedaemonio-

55 1305 138 1329 rum
171 1300 349 1343 tyranno,
380 1293 496 1341 signis
531 1291 691 1328 conlatis
725 1291 922 1327 dimicasse
954 1287 1161 1325 dicebatur.

54 1357 163 1401 Inde,
185 1370 300 1406 quum
318 1357 483 1394 audisset
502 1357 723 1394 adscensum
744 1354 904 1391 difficilis
923 1359 962 1390 et
981 1360 1072 1389 artae
1091 1352 1162 1389 viae

54 1434 149 1466 esse,
170 1421 274 1458 brevi
293 1434 359 1472 per
385 1427 533 1458 montes
563 1420 722 1456 circuitu
751 1418 967 1470 praemissiS,
986 1417 1052 1466 qui
1079 1428 1164 1453 mu·

52 1486 178 1522 nirent
198 1486 310 1529 viam,
331 1486 410 1522 lato
430 1486 520 1521 satis
541 1492 578 1521 et
597 1484 743 1534 patenti
763 1484 884 1520 limite
903 1483 949 1519 ad
976 1482 1164 1518 Eurotam

55 1562 218 1593 amnem,
239 1549 308 1586 sub
334 1549 424 1599 ipsis
453 1561 572 1599 prope
599 1548 779 1585 fluentem
807 1545 1011 1589 moenibus,
1031 1557 1163 1596 perve-

0 1626 2 1634 ’
52 1614 132 1650 nit:
164 1613 230 1650 ubi
262 1620 386 1649 castra
413 1619 599 1649 metantes
630 1611 829 1648 Romanos
862 1610 1162 1658 Quinctiumque

0 1680 2 1730 ᾖ
54 1679 192 1729 ipsum,
219 1690 305 1714 cum
330 1677 518 1726 equitibus
546 1684 660 1726 atque
685 1677 869 1727 expeditis
899 1685 1163 1725 praegressum,

56 1742 255 1779 auxiliares
274 1743 425 1792 tyranni
446 1742 584 1785 adorti,
605 1742 645 1778 in
673 1747 854 1777 terrorem
885 1753 928 1776 ac
956 1737 1164 1775 tumultum

56 1806 315 1857 conjecerunt,
335 1806 431 1842 nihil
456 1806 531 1842 tale
550 1812 826 1856 exspectantes,
848 1805 936 1854 quia
963 1815 1075 1839 nemo
1104 1801 1164 1837 his

57 1869 189 1907 obvius
222 1876 308 1906 toto
340 1870 474 1905 itinere
507 1869 643 1912 fuerat,
678 1882 721 1905 ac
749 1868 865 1905 veluti
898 1875 1035 1918 pacato
1070 1877 1164 1914 agro

56 1934 297 1970 transierant.
351 1932 596 1982 Aliquamdiu
624 1933 813 1983 peditibus
844 1932 1003 1981 equites,
1024 1929 1163 1979 equiti·
1175 1935 1355 1967 Auxiliares

54 1996 124 2033 bus
144 1997 289 2046 pedites
308 1996 546 2040 vocantibus,
561 2010 675 2046 quum
695 1997 734 2033 in
753 2009 792 2033 se
812 1996 946 2045 cuique
966 1994 1163 2031 minimum
1175 1978 1352 2055 ῗὲυίῐῖἓξ.

55 2061 198 2097 fiduciae
221 2068 333 2104 esset,
353 2061 581 2111 trepidatum
611 2068 692 2097 est:
725 2061 879 2097 tandem
908 2059 1016 2107 signa
1044 2057 1163 2107 legio—

54 2138 147 2161 num
176 2132 494 2175 supervenerunt:
526 2134 577 2168 et,
608 2137 723 2173 quum
756 2125 868 2175 primi
905 2122 1065 2172 agminis
1098 2134 1164 2158 co·

1 2167 7 2224 i
56 2189 186 2225 hortes
213 2189 376 2226 inductae
400 2191 438 2226 in
457 2189 632 2240 proelium
653 2195 791 2232 essent,
813 2189 877 2238 qui
896 2187 1009 2224 modo
1030 2186 1165 2223 terrori

2 2266 8 2398 ἰ
57 2251 222 2296 fuerant,
242 2253 472 2303 trepidantes
493 2254 531 2289 in
553 2252 683 2289 urbem
712 2251 896 2303 compulsi
925 2256 1025 2287 sunt.
1082 2249 1165 2286 Ro-

58 2317 175 2360 mani,
197 2329 312 2367 quum
339 2323 488 2355 tantum
517 2330 539 2354 a
566 2329 675 2353 muro
705 2316 960 2359 recessissent,
989 2320 1031 2350 ut
1058 2319 1164 2351 extra

4 2411 9 2431 ,
567 2381 607 2418 Χ
626 2381 649 2416 4
