1523 2666
330 209 411 250 242
780 211 825 239 Τ.
849 211 981 241 mvn

136 307 180 338 U.
194 307 229 336 C.
245 313 315 339 549.
331 301 390 337 bal
408 305 442 336 et
462 300 574 347 Mago
589 312 631 336 ex
647 300 760 336 Italia
780 313 849 337 non
868 306 1131 337 revocarentur.
1191 303 1320 339 Omnia
1332 305 1441 341 simu·

133 351 175 382 A·
190 350 227 381 C·
245 356 318 381 ‘³⁰3‘
333 368 470 402 laturos
490 365 821 412 Karthaginienses,
844 368 947 402 (luces
967 378 1024 402 eos
1041 368 1279 415 exercitusque
1302 381 1442 417 exspec-

332 436 467 468 tantes:
503 432 641 473 deinde,
673 433 833 478 quamvis
865 433 1059 467 recentium
1072 431 1253 479 foederum
1279 437 1312 468 et
1338 434 1442 469 Deo-

327 509 409 533 rum
435 498 594 533 omnium
622 496 759 538 oblitos,
780 496 910 531 bellum
936 501 1110 543 gesturos.
1166 496 1226 532 Eo
1255 497 1373 546 magis
1400 497 1441 534 iu

133 568 183 599 Re
200 568 316 599 infecta
328 561 476 598 Laevini
496 560 723 596 sententiam
743 560 961 597 discessum.
1015 560 1155 610 Legati
1174 573 1267 612 pace
1283 561 1440 606 infecta,

130 613 268 644 dimissi.
330 639 373 662 ac
393 637 511 674 prope
531 625 611 660 sine
631 636 829 673 responso,
851 624 1007 662 dimissi,

132 699 195 730 Cn,
216 700 318 731 Servi-
383 689 536 726 XXIV.
565 689 639 725 Per
668 701 731 724 eos
762 688 839 725 dies
871 688 941 725 Cn.
963 689 1142 726 Servilius
1173 690 1320 734 consul,
1340 690 1442 727 haud

130 743 316 819 ἓίῗίῐῖξνῖὶ·
330 754 479 797 dubius,
515 754 606 804 quin
638 760 782 804 pacatae
815 753 933 790 ltaliae
965 767 1080 804 penes
1109 768 1147 791 se
1173 755 1295 803 gloria
1328 761 1440 799 esset,

131 836 234 862 catur,
296 808 309 814 '
329 819 431 856 velut
451 819 600 870 pulsum
620 819 666 855 ab
683 832 722 854 se
742 818 1002 854 Hannibalem
1021 831 1264 869 persequens,
1284 820 1323 856 in
1344 819 1439 856 Sici-

327 885 431 929 liam,
453 884 540 920 inde
566 885 605 920 in
634 884 804 920 Africam
833 884 1075 928 transiturus,
1106 883 1268 934 trajecit.
1324 885 1439 925 Quod

325 949 392 985 ubi
410 949 548 985 Romae
567 948 763 997 vulgatum
788 953 859 991 est,
890 949 1013 998 primo
1045 955 1272 985 censuerunt
1291 949 1437 993 Patres,

326 1020 367 1050 ut
383 1019 523 1064 praetor
539 1013 719 1048 scriberet
735 1012 894 1055 consuli,
912 1018 1083 1049 senatum
1106 1026 1252 1062 aequum
1269 1026 1436 1056 censere,

324 1079 364 1113 in
385 1078 534 1114 ltaliam
554 1080 689 1114 reverti
710 1091 817 1114 eum:
851 1079 999 1121 deinde,
1021 1092 1136 1128 quum
1157 1085 1311 1130 praetor,
1333 1091 1436 1129 spre-

326 1148 454 1178 turum
470 1155 554 1178 eum
575 1142 701 1178 literas
723 1155 822 1185 suaS,
844 1143 998 1186 diceret,
1021 1143 1185 1179 dictator
1201 1143 1247 1180 ad
1262 1143 1299 1178 id
1316 1144 1439 1193 ipsum

326 1213 474 1242 creatus
495 1206 537 1243 P.
553 1206 754 1256 Sulpicius,
775 1219 843 1256 pro
867 1206 954 1256 jure
983 1206 1137 1257 majoris
1161 1207 1324 1256 imperii,
1346 1219 1438 1243 con-

326 1269 446 1306 sulem
466 1271 503 1305 in
526 1270 677 1306 ltaliam
697 1271 909 1306 revocavit:
944 1270 1129 1319 reliquum
1150 1271 1253 1313 anni,
1275 1266 1359 1306 cum
1379 1270 1437 1307 M.

324 1334 484 1370 Servilio
504 1336 686 1383 magistro
703 1334 886 1383 equitum,
903 1334 1177 1370 circumeundis
1194 1334 1316 1370 Italiae
1333 1334 1437 1371 urbi-

323 1398 409 1442 bus,
431 1392 513 1448 quae
545 1399 646 1436 bello
674 1399 846 1436 alienatae
875 1399 1039 1443 fuerant,
1060 1399 1337 1448 noscendisque
1356 1400 1433 1436 sin-

324 1463 498 1511 gularum
519 1461 659 1500 caussis
681 1464 903 1501 consumsit.
940 1463 1014 1499 Per
1033 1464 1268 1500 induciarum
1287 1469 1436 1513 tempus

324 1535 362 1564 ct
382 1541 427 1565 ex
447 1528 620 1565 Sardinia
639 1528 686 1564 ab
706 1528 874 1564 Lentulo
902 1534 1063 1578 praetore
1083 1534 1234 1564 centum
1254 1528 1436 1563 onerariae

323 1604 451 1636 naves,
472 1605 556 1628 cum
578 1599 792 1629 commeatu
812 1598 849 1628 et
869 1593 1004 1641 viginti
1032 1598 1280 1628 rostratarum
1305 1591 1435 1641 praesi-

322 1657 400 1700 dio,
423 1664 460 1693 et
489 1658 534 1694 ab
565 1658 690 1701 hoste,
708 1663 745 1693 et
775 1656 822 1693 ab
849 1656 1139 1707 tempestatibus
1159 1657 1254 1692 mari
1273 1661 1373 1699 tuto,
1395 1656 1435 1692 in

321 1722 492 1758 Africam
512 1724 813 1759 transmiserunt.
872 1722 942 1758 Cn.
964 1721 1127 1758 Octavio
1149 1721 1318 1757 ducentis
1342 1733 1435 1756 one-

321 1788 443 1831 rariis,
467 1788 624 1836 triginta
650 1787 774 1836 longis
803 1786 962 1823 navibus
991 1799 1037 1823 ex
1065 1785 1194 1822 Sicilia
1215 1784 1435 1835 trajicienti,

322 1864 401 1888 non
430 1853 560 1889 eadem
585 1853 741 1889 fortuna
766 1852 851 1888 fuit.
910 1851 956 1888 In
976 1857 1225 1900 conspectum
1243 1849 1362 1886 ferme
1380 1849 1436 1885 A·

321 1921 424 1957 fricae
444 1935 625 1972 prospero
647 1934 756 1958 cursu
776 1928 924 1957 vectum
944 1921 1067 1970 primo
1083 1920 1257 1956 destituit
1276 1924 1431 1964 ventus3

127 1998 242 2028 (nassis
324 1986 457 2022 deinde
477 1998 603 2022 versus
625 1987 662 2021 in
683 1985 855 2021 Africum
882 1984 1063 2027 turbavit,
1085 1997 1128 2019 ac
1158 1984 1297 2033 passim
1320 1994 1435 2018 naves

127 2043 275 2115 {romana
323 2049 494 2100 disjecit:
527 2051 606 2100 ipse
626 2062 711 2085 cum
731 2049 917 2092 rostratis,
938 2061 1004 2098 per
1025 2048 1199 2084 adversos
1219 2047 1354 2084 fluctus
1374 2046 1434 2082 in-

126 2094 256 2162 ‘vssffigia
322 2115 427 2163 genti
457 2115 642 2163 remigum
670 2113 800 2150 labore
830 2113 969 2156 enisus,
990 2112 1181 2163 Apollinis
1208 2117 1434 2161 promonto-

319 2181 417 2216 rium
438 2180 582 2215 tenuit:
616 2179 811 2221 onerariae,
829 2191 913 2228 pars
935 2178 1102 2214 maxima
1121 2177 1167 2213 ad
1187 2176 1433 2225 AEgimul-um

323 2243 464 2290 (insula
485 2257 529 2279 ea
558 2244 682 2280 sinum
708 2242 755 2279 ab
784 2242 862 2278 alto
889 2242 1046 2285 claudit,
1068 2242 1106 2278 in
1136 2254 1212 2290 quo
1240 2241 1311 2276 sita
1331 2239 1434 2275 Kar-

317 2308 436 2357 thago
456 2314 526 2351 est,
542 2308 700 2356 triginta
717 2306 835 2343 ferme
855 2306 972 2342 millia
991 2306 1038 2342 ab
1062 2305 1172 2350 urbe)
1196 2304 1278 2340 aliae
1299 2304 1431 2341 adver-

317 2383 378 2408 sus
398 2372 527 2409 urbem
543 2372 663 2423 ipsam
679 2371 727 2408 ad
742 2370 892 2408 Calidas
909 2371 1038 2420 Aquas
1056 2369 1188 2406 delatae
1202 2374 1301 2406 suut.
1335 2366 1429 2404 Om-
