1523 2666
260 190 342 243 368
721 200 767 231 τ.
790 201 923 233 mvn

65 296 107 327 1³.
123 298 159 327 C.
176 293 323 335 samiis,
346 299 409 328 aut
431 292 562 329 domos
583 293 762 337 redirent,
785 300 849 330 aut
869 294 915 331 ad
934 293 1132 332 Romanos
1153 294 1369 333 transirent³

66 342 102 370 Α·
119 342 154 372 L·
177 350 245 377 197.
260 356 310 392 Et
328 358 364 393 id
381 357 530 406 qiudem
547 358 728 408 inpetrari
748 360 893 408 nequiit
909 374 915 395 :
949 360 987 395 in
1005 360 1042 396 id
1061 360 1149 397 data
1168 361 1257 398 fides
1279 374 1371 397 con-

259 421 330 457 suli
352 429 421 465 est,
438 428 478 458 ut
497 423 534 458 in
557 423 636 459 acie
656 430 722 459 aut
741 425 992 472 quiescerent,
1014 430 1093 468 aut,
1108 425 1138 461 si
1158 438 1232 474 qua
1251 425 1367 461 etiam

259 487 409 524 occasio
429 487 576 529 fnisset,
599 487 822 537 adjuvarent
838 489 1047 526 Romanos.
1089 489 1185 526 Haec
1205 490 1258 526 ita
1278 502 1369 526 con-

256 552 404 587 venisse
434 551 612 587 Insubres
647 553 901 600 ignorabant:
935 554 1088 591 suberat
1111 561 1238 591 tamen
1268 566 1371 603 quae-

256 614 342 650 dam
369 616 534 665 suspicio
562 615 711 658 animis,
733 615 860 652 labare
889 617 1001 654 fidem
1029 619 1232 655 sociorum.
1289 617 1370 654 Ita-

257 691 343 727 que,
365 692 480 727 quum
510 679 549 714 in
574 679 693 714 aciem
724 679 956 724 eduxissent,
984 689 1158 718 neutrum
1185 683 1230 718 iis
1251 693 1370 718 cornu

255 743 494 779 committere
524 743 619 785 ausi,
641 755 702 786 ne,
730 744 762 778 si
791 744 880 780 dolo
904 746 1117 788 cessissent,
1145 756 1223 781 rem
1249 751 1372 781 totam

254 806 498 850 inclinarent,
526 813 612 857 post
641 808 749 856 signa
775 808 813 843 in
841 809 1016 845 subsidiis
1047 821 1111 845 eos
1137 809 1371 845 locaverunt.

255 872 400 908 Consul
415 873 603 922 principio
620 884 758 922 pugnae
777 873 882 909 vovit
899 873 1013 910 aedem
1032 874 1192 925 Sospitae
1208 874 1368 918 Junoni,

255 938 284 972 si
306 950 351 973 eo
372 938 431 973 die
457 937 585 973 hostes
615 936 689 973 fusi
716 937 914 987 fugatique
937 945 1075 976 essent.
1130 940 1164 975 A
1186 938 1369 975 militibus

254 1000 398 1038 clamor
421 1000 606 1044 sublatus,
629 1009 845 1052 compotem
866 1003 944 1038 voti
966 1002 1160 1039 consulem
1181 1015 1220 1039 se
1244 1002 1368 1039 factu-

251 1076 330 1108 ros,
352 1073 389 1102 et
409 1066 559 1115 inpetus
587 1066 625 1101 in
651 1065 781 1101 hostes
813 1074 869 1101 est
891 1065 1027 1104 factus.
1086 1066 1178 1102 Non
1199 1066 1369 1102 tulerunt

253 1130 432 1167 Insubres
459 1131 624 1180 primum
652 1143 900 1166 coneursum:
933 1131 1086 1180 quidam
1119 1138 1157 1168 et
1189 1144 1212 1168 a
1241 1132 1368 1168 Ceno·

252 1196 388 1240 manis,
422 1205 529 1245 terga
560 1202 715 1246 repente
746 1196 784 1231 in
816 1196 900 1246 ipso
931 1197 1138 1233 certamine
1164 1197 1366 1246 adgressis,

253 1260 458 1296 tumultum
487 1260 692 1309 ancipitem
723 1258 905 1309 injectum
933 1266 1107 1297 auctores
1128 1267 1230 1304 sunt,
1251 1273 1369 1297 caesa-

254 1338 325 1374 que
359 1326 397 1360 in
425 1325 547 1361 medio
579 1324 745 1373 quinque
778 1330 817 1360 et
849 1325 1010 1373 triginta
1039 1324 1157 1361 millia
1183 1325 1366 1370 hostium,

253 1391 419 1439 quinque
445 1389 564 1425 millia
587 1395 625 1426 et
651 1389 912 1439 septingentos
943 1390 1047 1425 vivos
1071 1395 1228 1440 capt0s5
1261 1389 1300 1426 in
1321 1390 1366 1426 iis

254 1454 513 1493 Hamilcarem
529 1454 736 1491 Poenorum
754 1454 1038 1504 imperatorem,
1054 1454 1119 1503 qui
1133 1453 1222 1490 belli
1236 1467 1367 1492 caussa

252 1521 406 1558 fuisset:
440 1520 549 1568 signa
567 1519 747 1555 militaria
763 1525 916 1554 centum
937 1518 1107 1566 triginta,
1129 1524 1167 1554 et
1186 1525 1365 1569 carpenta

253 1597 366 1635 supra
403 1584 577 1621 ducenta.
636 1583 801 1634 Oppida,
833 1596 916 1633 quae
950 1582 1203 1620 defectionem
1236 1590 1365 1623 secuta

253 1656 373 1692 erant,
395 1648 617 1685 dediderunt
638 1661 676 1684 se
696 1647 896 1685 Romanis.

305 1712 464 1749 XXXL
493 1712 687 1748 Minucius
709 1712 843 1748 consul
862 1712 984 1762 primo
1001 1712 1125 1749 effusis
1147 1711 1364 1764 populatio·

250 1778 362 1814 nibus
379 1783 645 1828 peragraverat
665 1777 757 1813 fines
778 1777 986 1814 Boiorum:
1010 1778 1158 1821 deinde,
1179 1784 1235 1821 ut,
1256 1777 1365 1815 relic-

252 1844 299 1877 tis
321 1842 560 1885 Insubribus,
588 1842 634 1878 ad
661 1854 728 1878 sua
758 1842 900 1878 tuenda
928 1849 1146 1892 receperant
1168 1855 1262 1885 sese,
1284 1855 1365 1879 cas-

251 1908 319 1943 tris
353 1919 392 1943 se
424 1907 562 1949 tenuit,
598 1907 677 1942 acie
705 1906 959 1942 dimicandum
994 1919 1077 1943 cum
1109 1907 1219 1943 hoste
1249 1914 1366 1944 ratus.

250 1971 335 2008 Nec
354 1970 442 2006 Boii
464 1970 741 2006 detractassent
770 1982 950 2019 pugnam,
972 1971 1009 2005 ni
1037 1970 1139 2006 fama
1158 1971 1277 2006 victos
1300 1970 1366 2006 In-

252 2035 381 2070 subres
404 2034 530 2070 adlata
549 2034 695 2069 animos
716 2033 904 2081 fregisset.
948 2034 1096 2083 Itaque,
1118 2033 1252 2070 relicto
1272 2034 1366 2071 duce

252 2101 474 2148 castrisque,
506 2098 678 2146 dissipati
709 2109 775 2147 per
805 2098 921 2139 vicos,
944 2110 1011 2133 sua
1041 2104 1081 2134 ut
1110 2098 1268 2147 quisque
1302 2097 1367 2134 de-

250 2163 464 2206 studerent,
492 2163 678 2198 rationem
712 2162 864 2210 gerendi
897 2162 984 2198 belli
1018 2162 1117 2197 hosti
1146 2169 1364 2201 mutarunt:

252 2228 392 2265 omissa
406 2228 505 2263 enini
520 2240 584 2277 spe
601 2239 666 2276 per
678 2239 787 2262 unani
800 2227 1083 2263 dimicationem
1096 2228 1148 2263 rei
1162 2228 1365 2265 decernen-

251 2293 323 2336 dae,
344 2305 470 2329 rursus
491 2291 663 2344 populari
695 2304 821 2340 agros,
849 2298 887 2327 et
915 2305 1021 2329 urere
1046 2299 1161 2336 tecta,
1190 2292 1366 2342 vicosque

252 2369 470 2408 expugnare
491 2356 620 2407 coepit.
678 2356 750 2393 Per
778 2356 928 2394 cosdem
953 2357 1029 2393 dics
1059 2356 1282 2393 Clastidium
1310 2358 1364 2393 in⁷
