1507 2656
365 181 519 210 mmm
544 178 700 208 xxxv.
733 176 839 206 cAr.
864 178 907 205 L.
1104 176 1187 222 555

60 273 222 323 factam.
251 272 332 309 Hoc
350 273 422 309 dici
440 276 524 320 apte
542 271 581 306 in
600 269 721 317 copias
739 269 844 316 regis,
866 280 943 315 quae
958 267 1086 316 paullo
1105 273 1189 304 ante
1201 272 1242 303 U.
1257 274 1293 304 C.
1310 279 1383 305 560.

20 373 21 378 ,
62 336 216 384 jactatae
233 339 319 380 sint,
338 349 450 386 posse.
513 335 621 371 Varia
647 335 740 369 enim
762 345 896 381 genera
925 345 1122 376 armorum,
1154 338 1190 369 et
1202 317 1291 348 A'C·
1310 324 1381 350 ¹9²·

70 404 188 439 multa
206 404 351 439 nomina
367 402 527 449 gentium
546 400 808 440 inauditorum,
831 398 974 440 Dahas,
989 403 1024 434 et
1044 399 1185 442 Medos,

19 480 20 490 ¹
68 471 104 504 et
138 468 346 509 Cadduflos,
376 471 411 502 et
441 466 632 513 Elymaeos,
663 465 773 512 Syros
803 475 923 500 omnes
954 475 1050 500 esse:
1087 463 1188 500 haud

19 554 20 557 =
64 533 192 581 paullo
215 533 478 580 mancipiorum
505 531 644 573 melius,
674 534 824 578 propter
850 529 996 566 servilia
1020 530 1183 576 ingenia,

67 608 175 644 quam
189 597 347 633 militum
363 607 483 644 genus,
516 595 566 630 Et
585 596 724 630 utinam
739 592 907 640 subjicere
922 594 1033 629 oculis
1046 595 1182 636 vestris,

66 661 200 704 Achaei,
219 674 356 710 possem
375 662 676 697 concursationem
703 661 796 706 regis
823 660 945 705 magni
971 658 1016 694 ab
1044 659 1182 695 Deme-

18 727 19 730 ’
67 727 197 769 triade,
221 739 314 763 nunc
340 727 508 763 Lamiam
542 727 579 760 in
611 725 800 761 concilium
828 724 1053 766 AEtolomm,
1088 736 1183 759 nunc

18 794 19 814 ³
67 790 298 827 Chalcidem!
331 791 506 827 Videretis
523 791 581 826 vix
600 790 754 826 duarum
772 789 867 825 male
884 789 1074 836 plenarum
1091 789 1180 836 legi-

18 887 19 893 ,
63 857 278 892 uncularum
294 858 408 892 instar
423 858 460 892 in
476 856 600 891 castris
610 856 704 902 regis
719 871 731 891 .·
749 854 915 890 videretis
934 865 1066 901 regem,
1087 865 1182 889 nunc

64 923 327 958 mendicantem
342 933 456 970 prope
474 919 705 969 frumentum
723 919 767 955 ab
785 919 936 962 AEtolis,
957 920 1053 968 quod
1070 920 1182 955 militi

17 976 18 995 ³
63 986 285 1022 admetiatur
299 1003 311 1029 ;
340 998 434 1021 nunc
456 992 601 1020 mutuas
622 985 795 1032 pecunias
816 983 960 1032 fienore
984 985 1022 1019 in
1043 984 1179 1031 stipen-

17 1083 18 1086 ,
62 1050 162 1086 dium
181 1054 415 1097 quoerentem5
444 1061 537 1084 nunc
562 1049 611 1084 acl
638 1052 762 1096 portas
790 1047 972 1083 Chalcidis
998 1052 1178 1091 stantem,-

17 1140 18 1148 1
61 1119 96 1149 et
115 1126 195 1149 mox
215 1115 293 1149 inde
312 1115 504 1155 exclusum,
525 1112 617 1148 nihil
642 1112 744 1148 aliud
772 1124 881 1160 quam
908 1112 1042 1148 Aulide
1069 1117 1178 1160 atque

62 1179 202 1226 Euripo
220 1179 402 1226 spectatis,
423 1179 460 1213 in
488 1177 670 1213 AEtoliam
697 1177 916 1213 redeuntem.
971 1176 1074 1212 Male
1100 1189 1176 1213 cre·

60 1244 228 1279 (fiderunt
247 1248 281 1278 et
299 1242 498 1278 Antiochus
515 1241 667 1283 AEtoli3‚
687 1246 722 1277 et
740 1242 863 1278 AEtoli
881 1242 989 1288 regioe
1005 1243 1174 1279 vanitati.

16 1314 17 1345 i
60 1309 138 1349 Quo
156 1309 272 1344 minus
290 1319 350 1344 vos
369 1308 484 1354 decipi
512 1306 655 1348 debetis,
675 1306 736 1342 secl
760 1311 911 1355 experta>
934 1308 1057 1355 potius
1074 1319 1174 1355 spec-

16 1404 17 1427 }
58 1376 209 1420 tatoeque
234 1372 479 1407 Romanorum
495 1371 590 1419 fidei
623 1372 773 1406 credere.
829 1371 927 1406 Nam
956 1372 1050 1419 quod
1077 1373 1172 1420 opti-

16 1459 17 1488 3
51 1448 155 1472 mmm
174 1448 245 1472 esse
264 1437 400 1478 dicant,
420 1447 491 1471 non
520 1436 697 1483 interponi
721 1447 781 1470 vos
800 1434 891 1470 bello
905 1451 918 1478 ,·
946 1434 1039 1471 nihil
1064 1437 1172 1472 immo

16 1508 17 1519 ¹
56 1507 131 1537 tam
150 1501 305 1537 alienum
327 1501 428 1536 rebus
445 1501 648 1536 vestris-est.
692 1500 833 1548 Quippe
850 1501 924 1535 sine
939 1501 1076 1548 gratia,
1097 1501 1172 1538 sine

15 1557 16 1605 Ῐ
52 1566 244 1613 dignitate,
262 1568 449 1614 pra’mium
470 1566 613 1601 victoris
628 1566 737 1601 eritis.

105 1629 151 1666 L.
181 1630 264 1666 Nec
285 1629 445 1667 absurde
461 1630 634 1666 adversus
656 1635 837 1679 utrosque
856 1629 1095 1680 respondisse
1110 1630 1165 1667 vi·
1178 1635 1290 1667 Achaei
1308 1638 1375 1668 bel-

1178 1678 1248 1710 lum
1269 1681 1383 1712 Antio-

15 1751 16 1761 2
1177 1723 1239 1753 cho
1253 1732 1284 1754 et
1300 1725 1358 1754 AE-

51 1758 204 1796 auribus
224 1758 342 1809 accipi
363 1773 370 1794 :
404 1757 508 1794 nulla
526 1758 627 1795 enim
646 1771 716 1795 nec
736 1758 976 1809 disceptatio,
997 1772 1066 1795 nec
1096 1760 1163 1797 du-
1177 1765 1248 1796 tolis
1264 1768 1380 1798 nuncio

1176 1811 1219 1841 ari
1234 1810 1361 1850 jubent.

15 1657 16 1678 i

15 1696 16 1728 1
53 1707 115 1731 sus
136 1700 206 1737 est,
227 1701 266 1730 et
284 1694 395 1731 facile
411 1701 491 1731 erat
511 1694 723 1730 orationem
743 1694 843 1745 apud
861 1694 1030 1731 faventes
1048 1695 1162 1744 aequis

14 1828 16 1858 ἒ
50 1822 189 1858 bit-atio
217 1822 304 1865 fuit,
335 1822 426 1871 quin
454 1834 599 1865 omnes,
627 1822 778 1861 eosdem
808 1824 912 1873 genti
933 1824 1164 1861 Achaeorum

13 1896 15 1930 3
51 1887 180 1923 hostes
201 1893 239 1923 et
255 1888 411 1930 amicos,
433 1899 526 1936 quos
547 1887 708 1937 populus
724 1886 922 1923 Romanus
939 1889 1161 1932 censuisset,

14 1951 15 2005 i
41 1950 274 2004 judicarent,
294 1951 511 2001 bellumque
537 1958 576 1988 et
597 1952 807 1996 Antiocho,
829 1959 867 1989 et
892 1953 1036 1990 AEtolis
1064 1967 1162 1991 nuu-

47 2016 139 2052 ciari
150 2015 345 2066 juberent.
374 2015 530 2052 Auxilia
542 2016 670 2058 etiam,
687 2029 763 2064 quo
780 2018 926 2053 censuit
941 2018 1160 2062 Quinctius,

14 2076 15 2127 i
45 2081 340 2130 quingentorum
356 2079 519 2116 militum
537 2080 768 2123 Chalcidem,
784 2081 1080 2129 quingentorum
1095 2083 1160 2119 Pi-

14 2176 15 2193 *
42 2157 181 2181 raeeum
201 2144 393 2195 extemplo
413 2145 608 2182 miserunt.
664 2146 759 2182 Erat
787 2147 885 2182 enim
906 2146 1007 2183 haud
1027 2147 1160 2197 procul

13 2223 15 2263 ᾗ
45 2209 230 2246 seditione
264 2210 426 2246 Athenis
464 2222 537 2253 res,
572 2209 811 2246 trahentibus
845 2210 892 2247 ad
921 2211 1157 2250 Antiochum

13 2267 15 2309 Ϊ
43 2274 265 2324 quibusdam
286 2287 351 2326 spe
371 2275 616 2324 largitionum
637 2275 806 2312 venalem
832 2276 954 2326 pretio
984 2276 1156 2314 multitu-

41 2339 164 2378 dinem
181 2355 192 2386 i
240 2340 361 2378 donec
395 2340 442 2378 ab
475 2341 535 2385 iis,
568 2340 631 2390 qui
666 2339 850 2378 Romanae
880 2342 998 2393 partis
1032 2349 1153 2386 erant,

535 2406 571 2443 B
590 2405 612 2443 b
630 2407 657 2443 2
