1507 2656
305 164 458 193 mmm
483 162 650 192 xxvii.
685 162 791 191 cAr‘.
815 164 995 194 xxxix.
1153 157 1204 198 61

97 254 204 296 riam,
226 260 387 290 erectam
414 254 451 290 in
472 265 576 304 spem
596 266 719 290 rerum
740 266 937 297 novarum,
960 253 1200 292 sollicitaret:

97 323 135 353 et
161 317 415 353 Hannibalem
444 330 512 353 suo
540 318 695 367 proprio
722 318 985 367 occupandum
1010 318 1126 362 bello,
1157 333 1206 356 ne

93 393 284 429 emergere
304 393 349 417 ex
368 381 529 416 Bruttiis
551 387 664 430 atque
684 381 834 417 obviam
854 381 964 417 fr-atri
983 383 1037 418 ire
1056 385 1203 432 posset)

92 442 223 480 Livius
243 444 505 487 cunctabatur,
527 457 659 494 parum
682 445 797 481 fidens
819 457 971 481 suarum
991 447 1206 496 provincia-

88 519 174 545 rum
201 508 450 544 exercitibus:
484 508 669 557 collegam
697 522 743 545 ex
767 509 914 545 duobus
943 510 1205 548 consularibus

88 572 250 620 egregiis
277 572 519 614 exercitibus,
548 579 585 607 et
610 573 739 616 tertio,
768 574 825 608 cui
855 573 1097 612 QCIaudius
1128 574 1205 611 Ta-

89 636 187 671 renti
201 641 390 684 praeesset,
408 635 632 671 electionem
647 635 807 671 babere:
832 636 1085 686 intuleratque
1098 650 1204 674 men—

88 700 230 736 tionem
252 700 296 735 de
316 699 514 735 volonibus
545 700 765 736 revocandis
793 701 839 736 ad
866 701 985 749 signa.
1044 701 1203 738 Senatus

89 763 246 799 liberam
282 769 511 812 potestatem
549 764 766 799 consulibus
796 764 900 806 fecit,
933 770 970 800 et
1006 765 1206 815 supplendi

90 828 189 863 unde
220 827 369 869 vellent,
409 835 445 863 et
482 828 645 876 eligendi
674 828 719 863 de
748 828 924 863 omnibus
962 830 1203 872 exercitibus,

90 904 184 940 qvos
211 891 363 934 vellent,
386 893 713 941 permutandique,
735 898 772 927 et
797 905 841 927 ex
870 893 1087 941 provinciiS,
1109 907 1202 942 quos

90 954 321 1003 erepublica
348 964 545 990 censerent
575 967 669 997 esse,
699 956 932 992 traducendi.
989 957 1049 992 Ea
1075 958 1203 993 omnia

90 1032 174 1055 cum
203 1032 347 1054 summa
368 1019 570 1055 concordia
591 1019 788 1055 consulum
814 1028 909 1055 acta.
967 1020 1135 1056 Volones
1164 1022 1204 1057 in

89 1083 404 1118 undevicesimum
425 1089 461 1118 et
479 1083 692 1118 vicesimam
713 1082 882 1130 legiones
900 1084 1041 1133 scripti.
1087 1084 1202 1133 Mag-

90 1148 127 1183 ni
149 1146 295 1183 roboris
319 1146 459 1183 auxilia
478 1160 523 1183 ex
548 1147 736 1196 Hispania
757 1160 906 1195 quoque
927 1161 948 1183 a
968 1148 1009 1183 P.
1025 1148 1203 1198 Scipione

89 1211 146 1247 ΖΜ.
159 1211 271 1247 Livio
291 1212 405 1247 missa
424 1212 575 1260 quidam
596 1212 641 1247 ad
668 1212 706 1247 id
724 1211 864 1247 bellum
886 1218 1059 1247 auctores
1087 1220 1198 1249 sunt:

87 1282 178 1312 octo
199 1275 314 1311 millia
335 1276 595 1325 Hispanorum
617 1276 902 1324 Gallorumque,
925 1283 961 1311 et
982 1276 1057 1312 duo
1086 1276 1205 1312 millia

89 1340 134 1376 de
154 1339 302 1387 legione
322 1339 497 1382 militum,
520 1341 689 1388 equitum
717 1339 834 1382 mille,
856 1340 995 1375 mixtos
1016 1340 1201 1375 Numidas

89 1403 369 1452 Hispanosque.
417 1403 473 1439 M.
490 1404 710 1439 Lucretium
727 1404 794 1439 has
812 1404 939 1453 copias
960 1404 1119 1439 navibus
1138 1404 1201 1440 ad-

84 1467 237 1502 duxisse
253 1481 259 1501 :
292 1473 329 1501 et
349 1467 630 1514 sagittariorum
646 1467 956 1515 funditorumque
976 1467 1023 1502 ad
1039 1475 1201 1516 quatuor

88 1529 205 1565 millia
225 1542 270 1564 ex
292 1529 419 1564 Sicilia
441 1529 712 1565 CAEIamilium
733 1531 889 1567 misisse.

1217 260 1260 291 U.
1274 261 1311 292 C.
1327 268 1402 292 54⁵.

1217 305 1256 336 A.
1273 305 1309 337 C.
1326 311 1401 341 207.

142 1593 342 1629 XXXIX.
372 1594 573 1628 Auxerunt
604 1593 737 1629 Romae
766 1593 973 1629 tumultum
1003 1594 1121 1630 literae
1152 1607 1195 1631 ex
1213 1605 1391 1638 Hasdruba}

87 1656 215 1692 Gallia
247 1656 381 1692 adlatae
408 1656 453 1691 ab
478 1656 523 1692 L.
545 1657 682 1692 Porcio
716 1664 900 1706 praetore:
934 1652 1320 1694 Ilasdrtcbalem‘sanSit

86 1723 233 1757 mot-isse
255 1733 296 1756 ex
314 1721 476 1763 hibernis,
498 1720 623 1767 etjam
643 1723 753 1769 Alpes
774 1725 925 1757 transire
938 1739 950 1759 .·
980 1728 1057 1758 octo
1084 1724 1199 1759 millia

88 1786 264 1832 Ligurum
291 1787 487 1832 conscripta
513 1790 739 1833 armataque,
761 1784 994 1831 conjunctura
1021 1798 1057 1822 se
1083 1791 1200 1822 trans-

83 1862 203 1895 gresso
231 1851 265 1884 z'n
287 1849 434 1884 Italiam
461 1861 543 1891 esse,
571 1851 638 1885 nisi
667 1852 870 1885 mitteretur
900 1852 935 1885 in
956 1850 1118 1897 Ligures,
1141 1853 1202 1899 qui

85 1926 145 1950 eos
165 1914 253 1949 bello
279 1919 468 1960 occuparet
481 1930 493 1949 .·
520 1926 555 1949 se
584 1926 663 1949 cum
698 1915 853 1949 invalido
883 1916 1052 1955 exercitu,
1082 1916 1201 1962 quoad

85 1986 205 2017 tutum
230 1984 392 2027 putaret,
422 1992 701 2028 progressurum.
760 1979 832 2014 Hae
865 1978 983 2014 literae
1010 1978 1198 2021 consules,

88 2045 224 2094 raptim
253 2044 429 2079 confecto
449 2044 609 2086 delectu,
633 2044 829 2086 maturius,
851 2056 962 2091 quam
991 2042 1199 2077 constitue-

88 2114 187 2150 rant,
218 2108 319 2143 exire
354 2108 392 2142 in
421 2108 633 2156 provincias
665 2113 885 2156 coegerunt,
917 2118 961 2141 ea
989 2111 1129 2147 mente,
1158 2112 1200 2141 ut

88 2178 246 2220 uterque
271 2171 420 2207 hostem
447 2172 485 2206 in
513 2184 580 2207 sua
605 2172 801 2221 provincia
830 2170 1056 2210 contineret,
1077 2180 1199 2216 neque

87 2234 284 2283 conjungi,
319 2241 385 2271 aut
421 2235 593 2272 conferre
630 2236 668 2270 in
707 2247 823 2270 unum
861 2234 954 2269 vires
993 2238 1198 2281 pateretur.

87 2298 297 2336 Plurimum
324 2300 362 2336 in
394 2312 475 2337 eam
505 2312 584 2336 rem
613 2298 758 2350 adjuvit
779 2298 909 2350 opinio
939 2295 1194 2334 Hannibalis:

1211 1693 1318 1733 Alpes.
