1523 2666
141 300 184 331 U.
198 300 235 332 C.
250 307 323 333 560.

142 345 181 375 A.
195 345 232 376 C.
252 352 323 378 192.

337 204 423 250 544
782 203 830 233 τ.
863 201 996 234 mvn

337 295 499 332 buissent.
562 293 694 329 Graves
711 292 830 342 fuisse
865 292 1086 329 Macedonas
1118 292 1300 337 dominos5
1331 295 1445 331 multo

336 361 453 395 minus
479 358 676 395 tolerabiles
693 356 848 405 futuros
865 357 1022 394 AEtolos.
1077 355 1341 394 Romanorum
1363 371 1443 395 ma-

335 424 437 461 xime
451 428 642 473 respectus
662 422 833 458 civitates
853 422 985 465 movit,
1008 427 1046 457 et
1064 421 1241 458 virtutem
1266 434 1386 472 nuper
1405 422 1445 459 in

333 486 450 530 bello,
472 492 509 523 et
538 486 577 522 in
605 485 765 522 victoria
785 483 977 534 justitiam
1004 484 1356 534 benignitatemque
1377 497 1444 523 ex-

333 557 458 602 pertas
475 565 483 587 z
515 550 657 599 itaque,
677 548 779 598 quod
794 547 941 584 roboris
957 548 1208 599 injuventute
1228 555 1322 592 erat,
1341 554 1444 585 utra-

333 627 406 663 que
439 613 570 649 civitas
604 612 764 649 armavit
792 612 980 661 misitque.
1038 612 1112 648 His
1139 613 1279 649 tuenda
1303 613 1447 650 moenia

333 676 525 713 Chalcidis
545 676 724 727 oppidani
747 689 862 725 quum
889 676 1144 719 tradidissent,
1165 677 1237 726 ipsi
1268 676 1443 714 omnibus

331 741 451 791 copiis
472 741 698 788 transgressi
725 739 927 790 Euripum,
954 740 1001 776 ad
1030 739 1216 788 Salganea
1234 746 1444 789 posuerunt

331 810 478 841 castra:
511 804 599 840 inde
628 803 854 840 caduceator
882 804 1059 853 primum,
1091 803 1222 839 deinde
1251 803 1366 851 legati
1396 803 1442 840 ad

330 868 485 906 AEtolos
515 868 619 904 missi
652 873 953 918 percunctatum,
975 880 1050 916 quo
1076 880 1145 903 suo
1171 868 1273 903 dicto
1291 867 1442 904 factove

330 933 424 968 socii
446 939 559 982 atque
585 932 697 968 amici
716 932 763 967 ad
784 944 822 967 se
843 931 1118 981 obpugnandos
1139 932 1334 967 venirent?
1362 930 1442 968 Re-

329 996 483 1046 spondit
501 996 630 1032 Thoas
651 996 724 1032 dux
744 996 979 1040 AEtolorum,
1003 998 1086 1033 Non
1105 999 1155 1034 ad
1175 998 1439 1046 obpugnandos,

326 1063 387 1096 sed
416 1063 464 1097 ad
493 1061 692 1097 liberandos
711 1061 755 1097 ab
784 1061 971 1104 Romanis,
993 1064 1112 1098 venire
1137 1074 1220 1099 sese.
1272 1063 1441 1110 Splendi-

328 1126 427 1161 diore
447 1138 540 1161 nunc
559 1138 615 1161 eos
634 1131 775 1168 catena,
795 1128 856 1162 sed
874 1128 988 1162 'multo
1005 1128 1183 1174 graviore,
1204 1128 1339 1163 vinctos
1357 1139 1439 1170 esse,

328 1202 437 1238 quam
457 1202 562 1238 quum
585 1191 793 1238 praesidium
813 1191 1053 1226 Maceclonzmz
1073 1193 1110 1226 in
1129 1203 1211 1227 arce
1230 1191 1442 1228 habuissent.

328 1254 376 1291 Se
404 1266 499 1297 vero,
533 1266 672 1303 negare
703 1254 983 1297 Chalcidenses,
1015 1261 1079 1290 aut
1110 1258 1240 1291 servire
1269 1256 1349 1298 ulli,
1376 1261 1442 1292 aut

323 1320 492 1368 praesz'dio
511 1318 717 1367 cujusquam
736 1331 846 1366 egere.
904 1318 963 1354 Ita
990 1319 1146 1368 digressi
1170 1332 1214 1356 ex
1235 1319 1440 1369 conloquio

325 1383 441 1431 legati
458 1384 504 1419 ad
522 1396 622 1420 suos.
669 1383 798 1419 Thoas
815 1389 852 1419 et
869 1383 1005 1426 AEtoli,
1025 1391 1064 1419 ut
1081 1385 1144 1433 qui
1165 1397 1268 1435 spem
1285 1397 1437 1421 omnem

325 1447 365 1482 in
385 1459 444 1490 eo,
466 1454 507 1482 ut
528 1447 720 1497 inproviso
741 1447 1014 1497 obprimerent,
1035 1447 1270 1491 habuissent,
1292 1449 1337 1485 ad
1351 1448 1438 1498 jus·

325 1516 406 1545 tum
426 1510 567 1547 bellum
586 1510 987 1561 obpugnationemque
1012 1511 1112 1548 urbis
1141 1512 1234 1547 mari
1263 1525 1307 1548 ac
1338 1518 1437 1549 terra

324 1574 480 1611 munitae
507 1574 797 1624 haudquaquam
827 1587 950 1625 pares,
971 1576 1125 1611 domum
1144 1576 1298 1613 rediere.
1354 1576 1434 1612 Eu-

323 1638 526 1686 thymidas,
548 1645 748 1689 postquam
770 1646 892 1676 castra
918 1640 1156 1689 popularium
1176 1640 1223 1676 ad
1249 1640 1435 1689 Salganea

324 1714 418 1745 esse,
439 1703 706 1753 profectosque
726 1704 880 1740 [Etolos
901 1706 1057 1747 audivit,
1086 1712 1122 1740 et
1152 1706 1230 1754 ipse
1250 1718 1273 1741 a
1291 1705 1433 1742 Thebis

322 1767 493 1802 Athenas
524 1768 646 1804 rediit.
702 1769 754 1805 Et
784 1768 1022 1811 Herodoriffi,
1050 1782 1163 1818 quum
1194 1782 1259 1818 per
1287 1769 1434 1819 aliquot

322 1830 400 1866 dies
431 1831 598 1867 intentus
629 1831 675 1868 ab
696 1832 878 1869 Atalanta
908 1834 1057 1881 signum
1086 1834 1335 1883 nequidquam
1368 1847 1433 1870 ex-

322 1902 543 1944 spectasset,
574 1896 687 1932 missa
711 1897 962 1947 speculatoria
993 1911 1101 1942 nave,
1125 1905 1177 1941 ut,
1200 1899 1288 1947 quid
1318 1907 1432 1935 morae

322 1966 434 2001 esset,
456 1960 582 2002 sciret,
604 1968 804 2009 postquam
835 1975 912 1997 rem
937 1963 1114 1998 omissam
1141 1976 1162 1998 a
1191 1963 1301 2000 sociis
1322 1964 1430 2006 vidit,

322 2022 548 2067 Thronium,
572 2025 668 2061 unde
690 2032 855 2069 venerat,
877 2028 1025 2077 repetit.

373 2087 577 2125 XXXIX.
601 2088 803 2128 Quinctius
817 2104 981 2139 quoque,
995 2092 1051 2127 his
1066 2092 1216 2135 auditis,
1230 2092 1277 2128 ab
1292 2093 1430 2129 Corin-

318 2151 387 2187 tho
421 2153 572 2188 veniens
608 2154 781 2198 navibus,
811 2156 849 2191 in
881 2156 1070 2193 Chalcidis
1098 2157 1242 2207 Euripo
1266 2157 1429 2194 Eumeni

316 2216 396 2263 regi
417 2215 597 2254 obcurrit.
653 2218 816 2263 Placuit,
845 2221 1071 2270 quingentos
1099 2222 1236 2258 milites
1262 2222 1427 2272 praesidii

315 2291 447 2315 caussa
477 2280 638 2332 relinqui
666 2283 844 2321 Chalcide
877 2285 923 2322 ab
957 2286 1129 2323 Eumene
1162 2299 1268 2335 rege:
1302 2287 1427 2336 ipsum

314 2342 484 2380 Athenas
505 2345 570 2383 ire.
628 2346 846 2394 Quinctius,
867 2362 942 2399 quo
962 2349 1155 2402 profectus
1173 2357 1265 2395 erat,
1284 2350 1426 2388 Deme-
