1523 2666
137 303 230 334 U.C.
249 312 322 336 555.

137 347 179 378 Α.
192 348 230 379 C.
250 354 322 384 197.

142 2265 297 2298 Proelium

145 2312 184 2341 ad
201 2310 321 2349 Cynos-

141 2353 302 2395 cephalas.

332 199 417 256 386
789 214 836 242 T.
861 213 995 243 111v11

335 315 375 340 se
397 304 591 354 conspecti
618 310 757 347 essent,
779 304 1054 349 constiterunt3
1086 304 1246 340 nuncios
1268 304 1307 341 in
1327 311 1451 342 castra

334 367 527 411 remissos,
561 369 639 417 qui,
663 368 752 417 quid
778 368 864 411 sibi,
889 381 1005 417 quum
1035 374 1172 418 praeter
1198 381 1302 419 spem
1328 369 1449 405 hostis

333 432 578 476 obcurrisset,
599 432 813 469 faciendum
835 439 947 475 esset,
968 432 1224 476 consulerent,
1242 433 1361 482 quieti
1380 432 1450 469 ob-

333 497 535 548 perientes.
596 497 644 532 Et
678 496 743 532 illo
776 497 926 545 quidem
956 497 1030 540 die,
1057 496 1163 533 nullo
1196 497 1293 533 inito
1328 503 1449 533 certa-

332 563 450 604 mine,
478 562 516 597 in
550 567 673 597 castra
706 561 873 597 revocati
906 567 1006 598 sunt.
1063 562 1227 598 Postero
1262 562 1322 598 die
1349 562 1450 598 circa

333 627 485 663 eosdem
506 625 671 661 tumulos
693 631 866 674 equestre
889 624 1065 676 proelium
1084 626 1180 663 fuit:
1214 627 1252 662 in
1274 639 1350 676 quo
1369 639 1449 663 non

331 692 531 728 minimum
565 690 786 727 AEtolorum
825 703 942 740 opera
973 691 1068 740 regii
1094 691 1233 741 fugati,
1268 698 1381 740 atque
1410 692 1450 727 in

332 763 458 793 castra
490 755 676 806 compulsi
711 762 810 792 sunt.
866 755 1056 805 Magnum
1098 757 1266 805 utrisque
1303 756 1450 806 inpedi-

332 829 504 859 mentum
524 822 569 858 ad
590 835 666 858 rem
694 821 897 871 gerendam
917 822 990 858 fuit
1010 835 1101 871 ager
1121 823 1289 859 consitus
1310 821 1449 859 crebris

334 888 548 930 arboribus,
570 887 761 936 hortique,
789 893 830 922 ut
850 887 888 922 in
909 887 1136 924 suburbanis
1155 887 1264 931 locis,
1285 893 1323 923 et
1342 900 1450 923 coar-

333 962 414 992 tata
440 955 575 991 itinera
596 954 782 997 maceriis,
811 960 847 989 et
875 953 1099 1002 quibusdam
1119 953 1212 990 locis
1233 954 1449 991 interclusa,

334 1020 470 1069 Itaque
500 1020 642 1070 pariter
670 1019 827 1055 ducibus
856 1019 1056 1055 consilium
1076 1019 1150 1055 fuit
1176 1019 1383 1056 excedendi
1405 1031 1450 1055 ea

332 1086 503 1134 regione,
521 1092 571 1127 ct,
593 1085 695 1120 velut
716 1098 760 1120 ex
787 1084 983 1134 praedictO,
1006 1084 1118 1120 ambo
1140 1085 1358 1120 Scotussam
1382 1097 1448 1135 pe-

331 1151 498 1196 tierunt,
532 1149 744 1199 Philippus,
780 1161 845 1199 spe
875 1149 1130 1185 frumentandi
1163 1150 1270 1196 inde3
1303 1149 1448 1186 Roma-

332 1229 419 1259 nus,
437 1222 479 1251 ut
495 1227 722 1265 praegressus
744 1221 1011 1264 conrumperet
1026 1216 1129 1250 hosti
1144 1215 1347 1251 frumenta.
1378 1214 1451 1250 Per

333 1282 433 1318 diem
458 1288 597 1323 totum,
619 1280 706 1328 (pria
740 1279 854 1314 colles
886 1287 1070 1329 perpetuo
1097 1279 1196 1329 jugo
1226 1281 1447 1322 intererant,

332 1347 439 1384 nullo
460 1353 666 1396 conspecta
692 1346 790 1380 inter
816 1358 854 1380 se
882 1344 967 1380 loco
996 1346 1149 1394 agmina
1172 1346 1310 1381 ierunt.
1365 1344 1448 1381 Ro-

331 1412 436 1449 mani
465 1412 510 1448 ad
533 1411 719 1446 Eretriam
747 1409 958 1445 Phthiotici
987 1410 1081 1458 agri,
1112 1408 1308 1459 Philippus
1339 1421 1450 1459 super

332 1490 482 1514 amnem
508 1477 744 1512 Onchestum
766 1476 895 1524 posuit
915 1481 1050 1511 castra.
1108 1475 1169 1510 Ne
1189 1480 1344 1524 postero
1365 1474 1447 1523 qui-

335 1542 419 1578 dem
440 1542 514 1583 die,
536 1553 650 1589 quum
674 1539 870 1589 Philippus
899 1539 945 1575 ad
964 1538 1228 1581 Melambium,
1257 1538 1357 1586 quod
1384 1550 1449 1572 vo-

335 1612 425 1643 cant
463 1605 663 1641 Scotussaei
710 1604 805 1652 agri,
850 1603 1055 1640 Quinctius
1093 1603 1193 1638 circa
1228 1602 1449 1638 Thetidium

334 1670 542 1708 Pharsaliae
562 1676 669 1705 terrae
691 1668 879 1718 posuisset
899 1673 1035 1709 castra,
1054 1673 1119 1702 aut
1139 1667 1193 1709 hi,
1212 1672 1278 1702 aut
1295 1665 1364 1707 illi,
1385 1665 1448 1702 ubi

335 1736 457 1772 hostis
496 1741 607 1777 esset,
645 1734 735 1769 satis
771 1738 1007 1782 compertum
1033 1730 1260 1767 habuerunt.
1317 1730 1450 1767 Tertio

335 1801 396 1838 die
415 1801 538 1852 primo
558 1799 708 1835 nimbus
730 1798 882 1840 effusus,
908 1797 994 1832 dein
1015 1795 1138 1845 caligo
1158 1795 1280 1831 noctis
1302 1795 1448 1831 similli-

334 1879 398 1903 ma
417 1866 615 1902 Romanos
637 1870 738 1899 metu
760 1862 980 1898 insidiarum
1000 1861 1135 1897 tenuit.

389 1930 480 1966 Vll.
510 1929 709 1978 Philippus
742 1927 957 1963 maturandi
995 1926 1140 1961 itineris
1178 1938 1323 1967 caussa,
1362 1930 1449 1975 post

336 1995 496 2033 imbrem
515 1993 680 2030 nubibus
704 1993 742 2028 in
769 1998 906 2027 terram
927 1991 1096 2026 demissis
1118 1989 1212 2025 nihil
1233 1990 1448 2032 deterritus,

337 2061 448 2110 signa
466 2059 556 2095 ferri
570 2057 706 2109 jussit:
740 2056 803 2091 sed
824 2063 901 2091 tam
923 2055 1037 2091 densa
1053 2053 1176 2103 caligo
1193 2053 1452 2089 obcaecaverat

338 2126 452 2169 diem,
474 2131 516 2160 ut
535 2135 656 2171 neque
675 2120 847 2169 signiferi
868 2120 980 2162 viam,
998 2132 1067 2155 nec
1087 2119 1197 2167 signa
1215 2117 1354 2153 milites
1371 2131 1450 2154 cer-

338 2195 473 2228 nerent
484 2205 493 2234 3
527 2199 662 2237 agmen
694 2185 741 2222 ad
774 2186 938 2220 incertos
974 2183 1156 2219 clamores
1187 2194 1324 2230 vagum
1351 2181 1453 2218 velut

340 2267 466 2293 errore
494 2258 685 2290 nocturno
714 2250 941 2286 turbaretur.
1000 2247 1239 2299 Supergressi
1271 2246 1455 2290 tumulos„

339 2321 402 2371 qui
424 2315 721 2369 Cynoscephalae
742 2320 939 2356 vocantur,
967 2312 1099 2349 relicta
1127 2311 1179 2347 ibi
1205 2311 1370 2347 statione
1390 2310 1452 2346 fir-

339 2399 402 2424 ma
421 2384 590 2437 peditum
610 2382 868 2432 equitumque,
890 2383 1098 2430 posuerunt
1115 2382 1249 2414 castra.
1307 2375 1451 2412 Roma-
