1523 2666
79 249 171 282 U.C.
191 258 262 288 547.

78 295 119 326 Α.
136 295 173 325 C.
189 303 263 327 205.

74 1800 179 1834 Scipio
197 1809 243 1830 res

73 1843 190 1872 Siciliae
219 1870 225 1874 .

71 1886 249 1925 componit.

50 2270 181 2304 Bellum
198 2270 230 2300 in

52 2315 217 2354 Hispania.

278 149 358 204 158
733 161 780 189 T.
805 159 938 190 mvn

275 251 450 298 extemplo
466 250 611 285 domum
631 249 752 292 ducas,
773 262 947 292 exerceas,
969 250 1163 286 docendum
1181 263 1280 287 cures
1298 263 1387 300 equo

275 317 464 362 armisque.
531 314 641 350 Laeto
675 314 934 349 conditionem
965 315 1168 364 accipienti
1193 328 1311 351 unum
1341 327 1389 352 ex

274 379 468 421 trecentis,
496 390 589 426 quos
620 378 780 413 inermes
811 377 990 420 habebat,
1022 379 1148 414 tradit.
1208 378 1285 415 Ubi
1312 379 1386 415 hoc

273 443 388 478 modo
409 449 696 478 exauctoratum
718 443 883 491 equitem
899 456 984 478 cum
1005 444 1126 491 gratia
1146 444 1386 492 imperatorIS

273 509 389 544 ceteri
411 508 598 550 viderunt,
620 519 658 543 se
674 508 832 556 quisque
852 521 1044 550 excusare,
1066 515 1104 544 et
1123 509 1304 544 vicarium
1323 519 1387 543 ac-

274 573 411 621 cipere.
470 572 530 607 Ita
555 573 734 608 trecentis
767 572 900 607 Siculis
932 573 1097 609 Romani
1125 574 1269 621 equites
1297 571 1387 607 sub-

274 637 413 679 stituti,
449 637 529 672 sine
560 636 711 685 publica
742 637 910 686 inpensa.
966 637 1239 673 Docendorum
1273 642 1388 684 atque

273 701 568 736 exercendorum
585 713 711 736 curam
727 700 843 735 Siculi
862 701 1096 737 habuerunt:
1121 701 1208 749 qnia
1226 700 1389 735 edictum

272 765 510 814 imperatoris
533 772 626 806 erat,
646 766 767 814 ipsum
789 765 1052 807 militaturum,
1073 766 1136 814 qui
1157 765 1211 799 ita
1232 776 1311 799 non
1330 763 1386 799 fe-

273 830 397 865 cisset.
455 829 658 878 Egregiam
691 830 791 865 hanc
817 830 914 866 alam
945 831 1114 879 equitnm
1145 829 1306 865 evasisse
1331 827 1388 864 fe-

270 899 375 935 runt,
398 893 599 941 multisque
620 893 762 942 proeliis
783 893 1053 943 rempublicam
1074 892 1272 944 adjuvisse.
1309 891 1387 928 Le-

272 958 404 1006 giones
426 957 510 993 inde
530 970 646 1006 quum
673 958 889 1007 inspiceret,
911 958 1157 1008 plurimorum
1178 957 1387 1006 stipendio-

271 1035 352 1058 rum
385 1035 428 1058 ex
465 1023 508 1057 iis
537 1022 674 1057 milites
709 1022 872 1071 delegit3
906 1024 1070 1060 maxime
1100 1023 1163 1071 qui
1194 1021 1262 1057 sub
1294 1021 1387 1056 duce

269 1086 456 1122 B‘Iarcello
477 1087 754 1123 militaverant:
780 1100 874 1136 quos
889 1100 1002 1136 quum
1020 1088 1164 1136 optima
1185 1085 1385 1135 disciplina

269 1150 466 1186 institutos
484 1150 674 1193 credebat,
692 1157 772 1186 tum
789 1152 903 1186 etiam
918 1151 964 1186 ab
982 1150 1095 1200 longa
1114 1151 1384 1200 Syracusarum

269 1214 468 1251 obsidione
484 1217 731 1265 peritissimos
749 1230 829 1252 esse
852 1217 1001 1252 urbium
1018 1217 1380 1267 obpugnandarmn:

268 1278 363 1313 nihil
381 1280 480 1314 enim
501 1293 672 1328 parvum,
690 1281 755 1315 sed
774 1281 1024 1329 Karthaginis
1038 1280 1120 1330 jam
1141 1280 1286 1316 excidia
1303 1280 1385 1328 agi-

268 1341 373 1377 tabat
392 1343 532 1379 auimo.
591 1343 684 1379 Inde
705 1344 911 1379 exercitum
939 1357 1005 1393 per
1031 1344 1169 1394 oppida
1189 1344 1380 1394 dispertit:

268 1405 499 1442 frumentum
521 1406 733 1443 Siculorum
753 1407 969 1443 civitatibus
990 1409 1171 1457 imperat3
1205 1421 1251 1443 ex
1272 1407 1386 1443 Italia

269 1471 427 1506 advecto
455 1473 594 1521 parcit:
628 1478 770 1508 veteres
805 1486 917 1508 naves
948 1473 1080 1515 reficit,
1102 1480 1139 1509 et
1166 1486 1250 1509 cum
1270 1474 1314 1508 iis
1340 1473 1383 1510 C.

269 1534 430 1571 Laelium
451 1536 489 1571 in
505 1537 675 1572 Africam
696 1537 905 1586 praedatum
926 1538 1068 1582 mittit3
1102 1550 1219 1573 novas
1237 1538 1383 1573 Panor-

268 1600 320 1634 mi
351 1599 539 1642 subducit,
571 1601 659 1648 quia
691 1614 737 1636 ex
774 1601 884 1636 viridi
916 1602 1075 1637 materia
1102 1603 1239 1651 raptim
1271 1601 1382 1637 factae

269 1670 390 1706 erant,
410 1672 451 1700 ut
471 1665 509 1700 in
529 1666 630 1700 sicco
645 1665 904 1702 hibernarent.
962 1666 1188 1716 Praeparatis
1205 1666 1381 1702 omnibus

268 1728 315 1763 ad
334 1727 489 1771 bellum,
513 1729 730 1778 Syracusas,
751 1730 920 1765 nondum
948 1744 992 1766 ex
1023 1731 1169 1778 magnis
1190 1729 1279 1766 belli
1299 1743 1382 1766 mo-

267 1791 368 1827 tibus
397 1794 486 1828 satis
517 1792 754 1842 tranquillaS,
779 1795 894 1830 venit.
954 1794 1078 1830 Graeci
1104 1807 1161 1830 res
1186 1808 1208 1831 a
1227 1794 1383 1844 quibus-

269 1856 354 1892 dam
374 1856 499 1892 Italici
523 1858 685 1906 generis,
710 1858 840 1894 eadem
860 1859 909 1902 vi,
932 1873 1004 1908 qua
1024 1872 1090 1909 per
1110 1859 1250 1895 bellum
1271 1871 1381 1909 cepe-

268 1927 368 1963 rant,
388 1921 653 1964 retinentibus,
676 1934 874 1958 concessas
899 1923 970 1958 sibi
997 1923 1044 1959 ab
1065 1931 1212 1966 senatu,
1234 1930 1382 1972 repete·

266 1983 372 2021 bant.
431 1984 611 2021 Omnium
633 1987 795 2035 primum
811 1993 913 2022 ratus
934 1988 1031 2023 tueri
1047 1987 1237 2037 publicam
1253 1987 1381 2031 fidem,

266 2050 405 2099 partim
426 2050 565 2092 edicto,
586 2051 724 2099 partim
737 2049 893 2099 judiciis
914 2053 1026 2087 etiam
1048 2053 1086 2087 in
1106 2052 1317 2101 pertinaces
1334 2053 1382 2089 ad

268 2112 514 2149 obtinendam
542 2112 719 2163 injuriam
749 2114 916 2158 redditis,
938 2127 1022 2151 suas
1049 2128 1106 2150 res
1135 2116 1378 2164 Syracusanis

266 2179 445 2215 restituit.
504 2178 596 2214 Non
625 2179 716 2228 ipsis
749 2184 899 2215 tantum
927 2192 970 2215 ea
1000 2193 1072 2223 reS,
1104 2181 1169 2216 sed
1202 2181 1379 2218 omnibus

269 2242 406 2278 Siciliae
427 2243 590 2292 populis,
613 2249 721 2291 grata
740 2243 835 2288 fuit,
869 2256 988 2293 eoque
1009 2245 1147 2281 enisius
1171 2245 1218 2281 ad
1237 2245 1378 2282 bellum

267 2305 506 2358 adjuverunt.
570 2308 718 2347 Eadem
752 2314 882 2347 aestate
910 2310 951 2347 in
983 2309 1174 2363 Hispania
1205 2316 1380 2349 coortum
