1507 2656
380 182 534 211 LIBER
559 179 738 209 xxxlv.
772 178 878 207 CAP.
902 179 948 207 V.
1132 177 1216 220 439

104 276 167 318 rit,
192 274 361 323 parabit:
391 285 468 321 quae
493 284 566 308 non
590 271 738 319 poterit,
759 270 876 306 virum
897 268 1048 317 rogabit.
1104 268 1216 318 Mise-
1231 277 1320 308 uc.
1338 284 1411 315 ⁵⁵7·

104 352 183 376 rum
204 341 308 376 illum
325 340 456 381 virum,
476 342 510 373 et
529 338 590 385 qui
614 339 792 378 exoratus,
813 339 849 370 et
871 335 934 382 qui
958 346 1028 370 non
1053 337 1218 369 exoratus
1231 322 1269 352 Α·
1283 321 1320 353 C·
1338 327 1410 354 ¹9⁵·

103 405 170 440 erit
187 406 200 440 J
219 416 338 452 quum,
355 402 449 451 quod
467 403 541 450 ipse
559 413 630 436 non
649 400 801 442 dederit,
820 400 946 434 dutum
963 398 1006 434 ab
1026 399 1099 434 alio
1118 399 1216 434 vide-

104 468 164 504 bit.
221 468 328 504 Nunc
351 468 456 514 vulgo
482 467 617 502 alienos
641 466 735 501 viros
755 468 899 512 rogant,
921 468 969 506 et,
990 463 1084 511 quod
1103 461 1220 509 majus

104 538 168 576 est,
202 533 310 580 legem
336 536 371 568 et
397 533 575 581 suffragia
602 534 747 579 rogant,
775 534 810 566 et
834 542 856 565 a
883 528 1093 577 quibusdam
1118 529 1218 576 inpe-

106 601 218 640 trant,
240 598 405 634 adversus
425 601 470 640 te,
488 601 523 632 et
540 604 615 632 rem
632 600 745 638 tuam,
766 600 800 631 et
821 595 945 631 liberos
962 599 1040 630 tuos
1055 595 1220 629 inexora-

104 661 199 697 biles.
256 661 376 698 Simul
406 661 460 697 lex
484 662 630 696 modum
653 660 823 696 sumtibus
856 659 976 695 uxoris
1003 663 1072 694 tuae
1088 656 1221 706 facere

104 726 260 768 desierit,
282 730 321 761 tu
346 737 541 773 numquam
550 724 708 773 faciessu
742 724 867 760 Nolite
890 723 1013 759 eodem
1033 723 1109 758 loco
1129 723 1220 758 exis-

105 790 247 833 timare,
271 790 440 832 Quirites,
451 788 626 838 futuram
643 800 732 831 rem,
754 787 928 836 quofuit,
950 791 1145 834 antequam
1164 786 1222 822 Zea:

105 855 148 890 de
163 853 414 903 hocferretur.
472 854 535 896 Et,
554 853 731 890 hominem
749 852 936 900 inprobum
952 863 1024 887 non
1043 852 1218 893 accusari,

106 922 220 957 tutius
244 926 308 964 est,
329 933 436 970 quam
455 920 609 957 absolvi:
637 925 672 956 et
699 920 843 956 luxuria
870 930 941 954 non
963 922 1060 953 mota
1087 918 1219 953 tolera-

103 984 209 1021 bilior
236 991 336 1028 esset,
369 998 475 1034 quam
503 987 571 1021 erit
598 997 706 1028 nunc,
727 985 811 1033 ipsis
831 985 996 1026 vinculis,
1023 984 1115 1019 sicut
1128 981 1221 1030 fera

103 1048 228 1092 bestia,
248 1051 410 1093 irritata,
438 1050 564 1085 deinde
582 1051 719 1085 emissa.
776 1049 857 1096 Ego
874 1049 975 1084 nullo
995 1048 1098 1083 modo
1116 1046 1220 1082 abro-

99 1115 262 1161 gandam
281 1116 394 1163 legem
414 1116 569 1164 Oppiam
589 1128 707 1153 censeo
721 1132 733 1152 .·
763 1127 823 1151 vos
841 1116 936 1164 quod
944 1113 1093 1163 faxitis,
1118 1114 1221 1150 Deos

103 1191 222 1215 omnes
229 1179 429 1228 fortunare
447 1181 564 1217 velim.

155 1243 203 1281 V.
234 1244 328 1281 Post
345 1245 427 1281 haec
446 1245 591 1282 tribuni
609 1257 760 1294 quoque
786 1243 927 1295 plebei,
948 1244 1013 1293 qui
1039 1256 1078 1279 se
1100 1226 1223 1282 intest-5

105 1319 275 1344 cessuros
296 1308 456 1359 proiessi
477 1316 598 1352 erant,
613 1322 726 1358 quum
747 1322 871 1358 pauca
886 1309 925 1344 in
942 1307 1112 1345 eamdem
1133 1318 1220 1342 sen-

103 1372 263 1408 tentiam
283 1372 530 1423 adjecissent;
562 1379 643 1409 tum
670 1372 717 1409 L.
737 1372 909 1409 Valerius
929 1385 998 1422 pro
1018 1371 1220 1421 rogatione

104 1435 153 1472 ab
180 1448 221 1472 se
244 1436 487 1487 promulgata
516 1438 570 1473 ita
595 1437 785 1475 disseruit.
842 1437 886 1474 Si
902 1438 1038 1484 privati
1058 1441 1218 1472 tantum·
1231 1441 1340 1490 Orqtio
1355 1442 1419 1473 Va·

102 1503 209 1538 modo
234 1504 284 1538 ad
306 1505 529 1539 suadendum
547 1504 894 1551 dissuadendumque
918 1503 970 1545 id,
991 1503 1087 1550 quod
1108 1515 1131 1538 a
1153 1513 1219 1537 no·
1231 1485 1414 1560 lc‘ggtg'xlgl·

104 1567 155 1603 bis
172 1573 334 1615 rogatur,
351 1570 614 1616 processissent,
641 1580 706 1616 ego
725 1580 874 1617 quoque,
896 1580 1004 1616 quum
1027 1568 1116 1603 satis
1144 1567 1220 1602 dic-
1230 1582 1319 1613 gem·

106 1636 183 1668 tum
207 1645 277 1680 pro
307 1637 459 1680 utraque
488 1638 597 1681 parte
622 1634 874 1674 existimarem,
896 1634 1027 1668 tacitus
1044 1632 1222 1681 suffragia

102 1702 220 1733 vestra
235 1702 498 1745 exspectassem.
556 1698 677 1740 Nunc,
696 1710 803 1745 quum
822 1699 878 1733 vir
894 1698 1125 1745 gravissimus
1136 1707 1221 1731 con·

103 1762 160 1798 sul
178 1763 233 1799 M.
247 1763 411 1806 Porcius,
432 1766 740 1801 non-auctoritate
757 1765 886 1807 solum,
908 1776 986 1812 quoe
1005 1764 1118 1798 tacita
1134 1763 1223 1798 satis

104 1829 274 1863 momenti
299 1828 486 1870 habuisset,
507 1830 569 1865 sed
594 1829 754 1865 oratione
778 1831 888 1865 etiam
914 1830 1021 1875 longa
1047 1832 1082 1864 et
1108 1828 1222 1863 adcu-

104 1895 189 1927 rata
218 1893 409 1928 insectatus
438 1894 486 1928 sit
514 1895 736 1940 rogationem
763 1898 936 1935 nostram,
967 1903 1146 1928 necessum
1170 1895 1223 1927 est

101 1958 229 2004 paucis
246 1958 456 2005 respondere
469 1973 481 1993 .·
512 1959 573 2006 qui
590 1962 708 1994 tomen
724 1959 836 2006 plura
856 1957 960 1993 verba
983 1959 1020 1992 in
1039 1957 1222 2003 castigan-

105 2020 162 2055 dis
189 2022 377 2064 matronis,
411 2034 516 2069 quam
546 2023 583 2057 z'n
612 2024 797 2069 rogatione
821 2026 945 2057 nostra
968 2021 1220 2062 dissuadenda,

107 2086 296 2120 consumsit
310 2100 320 2129 3
354 2090 388 2121 et
407 2087 561 2133 quidem,
583 2091 625 2122 ut
648 2088 686 2122 in
712 2087 816 2123 dubio
839 2091 1002 2135 poneret,
1023 2090 1144 2121 utrum
1169 2085 1222 2127 id,

108 2149 200 2196 quod
219 2149 502 2197 reprehenderet,
524 2156 696 2187 matronoe
712 2164 778 2188 sua
797 2156 933 2200 sponte,
955 2163 1001 2187 an
1020 2150 1117 2187 nobis
1136 2161 1227 2185 auc-

108 2213 253 2255 toribus,
266 2213 451 2262 fecissent.
510 2215 602 2252 Rem
629 2214 833 2264 defendam,
864 2229 935 2253 non
963 2229 1045 2260 nos;
1075 2216 1113 2250 in
1139 2225 1225 2262 quos

99 2276 189 2322 jecit
207 2281 321 2326 magis
347 2279 411 2316 hoc
436 2282 558 2317 consul
577 2280 680 2318 verbo
701 2286 812 2326 tenus,
835 2294 943 2330 quam
961 2286 1001 2318 ut
1020 2292 1059 2316 re
1077 2280 1225 2316 insimu-

622 2344 702 2382 U4
