1507 2656
300 201 453 230 LIBER
478 196 669 228 XXXIII.
702 197 808 227 CAP.
831 197 975 225 XXXI.
1107 194 1188 239 413

86 302 152 337 que
171 291 317 326 reddere
337 289 547 337 Philippum
567 286 751 329 Romanis,
773 291 808 322 et
825 298 930 322 naves
945 297 1061 321 omnes
1082 289 1192 320 tectas
1207 289 1246 319 U.
1260 287 1296 318 C.
1312 293 1387 319 556.

88 357 240 397 tradere,
262 355 346 402 quin
364 359 398 389 et
418 353 554 400 regiam
573 363 683 387 unam
702 351 868 386 inhabilis
884 361 995 397 prope
1011 350 1193 396 magnitu-
1204 333 1243 362 A·
1258 332 1296 363 C·
1315 335 1385 363 ¹9⁶‘

86 419 191 461 (linis,
227 431 330 467 quam
362 418 534 453 sexdecim
561 428 679 452 versus
714 427 889 451 remorum
918 413 1081 461 agebant.
1138 413 1195 448 Ne

79 483 164 529 plus
191 483 390 530 quingentis
417 485 640 516 armatorum
669 480 823 522 haberet,
853 491 939 514 ‘neve
966 477 1195 526 elephantum

83 546 209 581 ullum.
254 546 397 581 Bellum
415 550 517 581 extra
535 545 760 581 Macedoniae
766 545 860 594 fines
879 555 922 579 ne
938 541 1071 588 injussu
1089 553 1193 577 sena·

87 613 141 644 tus
166 613 314 655 gereret.
371 609 479 644 Mille
513 608 688 644 talentzlm
717 610 820 644 daret
848 608 984 656 populo
1006 606 1194 642 Romano.-

84 674 270 709 dimidium
293 685 461 721 prcesens,
484 675 670 709 dimidium
690 672 915 720 pensionibus
941 672 1059 706 decem
1081 681 1192 705 armo-

83 749 174 772 rum.
230 736 402 773 Valerius
435 737 586 780 Antias,
618 735 845 786 quaternum
871 734 1032 770 millium
1064 732 1191 783 pondo

86 801 233 848 argenti
260 800 420 849 vectigal
449 802 488 836 in
515 801 643 837 decem
674 812 809 843 annos,
830 799 989 847 triginta
1009 803 1193 846 quaterna

84 864 202 900 miliia
238 865 379 914 ponde,
426 871 463 901 et
506 866 681 908 ducenta,
729 876 892 915 praesens
930 862 1066 911 viginti
1107 859 1193 896 mil·
1241 855 1244 857 ’

82 928 133 964 lia
169 929 318 978 pondo:
351 929 449 964 idem
486 930 713 965 nominatim
750 927 940 979 adjectum
967 926 1111 969 scribit,
1145 937 1193 961 ne

83 1006 168 1030 cum
186 993 372 1037 Eumene,
393 994 516 1030 Attali
536 994 628 1038 filio,
664 995 801 1041 (novus
832 994 862 1029 is
891 999 972 1029 tum
997 1005 1063 1028 rex
1092 992 1190 1037 erat)

82 1057 223 1093 bellum
242 1065 400 1106 gereret.
456 1057 503 1094 In
522 1059 604 1095 haec
629 1058 780 1094 obsides
801 1058 960 1106 accepti,
980 1056 1080 1091 inter
1098 1067 1192 1104 quos

81 1119 298 1157 Demetrius
323 1121 489 1171 Philippi
516 1121 625 1158 filius.
682 1120 829 1171 Adjicit
847 1120 1019 1156 Valerius
1040 1119 1190 1161 Antias,

81 1185 214 1222 Attalo
230 1185 377 1221 absenti
393 1186 576 1234 AEginam
592 1185 754 1222 insulam
770 1185 1070 1236 elephantosque
1091 1183 1191 1219 dono

82 1250 206 1293 datos,
240 1256 277 1285 et
305 1249 470 1286 Rhodiis
501 1250 782 1286 Stratoniceam
809 1249 929 1285 Cariae
956 1253 1070 1296 atque
1098 1246 1190 1282 alias

82 1313 207 1356 urbes,
228 1325 319 1362 quas
349 1312 548 1364 Philippus
579 1314 783 1349 tenuisset:
816 1310 1112 1348 Atheniensibus
1133 1310 1192 1344 in-

82 1375 181 1412 sulas
202 1376 322 1419 datas,
343 1376 484 1419 Paron,
506 1376 692 1420 Imbrum,
713 1375 868 1417 Delum,
890 1374 1059 1424 Scyrum.

137 1439 296 1476 XXXI.
326 1439 514 1476 Omnibus
532 1439 690 1475 Graeciae
710 1438 928 1475 civitatibus
944 1438 1042 1473 hanc
1061 1448 1193 1487 pacem

83 1505 394 1556 adprobantibus,
412 1505 484 1541 soli
498 1504 622 1541 AEtoli
640 1505 676 1540 id
697 1505 887 1540 decretum
903 1504 1031 1539 deceni
1045 1503 1192 1550 legato-

84 1583 166 1622 rum
194 1569 290 1606 clam
320 1576 532 1608 mussantes
559 1569 784 1620 carpebant:
818 1570 941 1604 literas
961 1569 1080 1603 inanes
1100 1578 1193 1602 vana
1206 1566 1390 1608 AEtolo'rum

81 1637 198 1683 specie
217 1635 390 1671 libertatis
409 1635 644 1671 adumbratas
662 1646 743 1671 esse.
803 1633 876 1668 Cur
895 1634 988 1668 enim
1008 1633 1100 1667 alias
1121 1631 1194 1667 Ro·
1206 1610 1353 1652 querelae.

83 1701 199 1734 manis
219 1700 316 1734 tradi
335 1699 447 1741 urbes,
466 1711 531 1734 nec
546 1699 726 1734 nominari
744 1710 816 1740 eas,
837 1697 930 1732 alias
948 1697 1141 1737 nominari,
1162 1699 1197 1730 et

82 1764 158 1799 sine
178 1765 370 1799 traditione
379 1761 500 1809 juberi
521 1764 649 1799 liberas
667 1763 769 1798 esse?
795 1763 862 1797 nisi
881 1765 935 1804 ut,
957 1772 1034 1808 quae
1053 1761 1089 1796 in
1108 1760 1198 1795 Asia

82 1829 168 1869 sint,
207 1828 410 1870 liberentur,
447 1828 706 1875 longinquitate
738 1828 817 1874 ipsa
855 1827 1022 1861 tutiores:
1050 1835 1128 1871 quae
1160 1825 1198 1859 in

90 1893 228 1927 Graecia
245 1894 330 1935 sint,
351 1904 394 1928 ne
411 1894 602 1928 nominatae
627 1892 915 1939 intercipiantur,
939 1888 1142 1930 Corinthus,
1163 1893 1198 1924 et

87 1956 241 1999 Chalcis,
261 1962 297 1992 et
318 1958 462 1999 Oreum,
484 1969 564 1993 cum
589 1957 737 1992 Eretria
756 1960 789 1991 et
809 1955 1057 1991 Demetriade.
1113 1952 1199 1988 Nec

84 2025 169 2055 tota
194 2033 241 2056 ex
265 2033 363 2056 vano
390 2021 606 2056 criminatio
627 2027 729 2056 erat:
764 2018 1012 2055 dubitabatur
1035 2017 1134 2053 enim
1154 2016 1198 2052 de

85 2083 288 2126 Corintho,
317 2090 357 2119 et
385 2084 429 2120 de
461 2084 656 2127 Chalcide,
688 2090 726 2119 et
758 2081 1017 2124 Demetriade,
1045 2081 1134 2130 quia
1161 2081 1200 2116 in

88 2147 434 2191 senatusconsulto,
468 2161 544 2197 quo
577 2148 681 2184 missi
718 2148 845 2183 decem
879 2145 994 2194 legati
1025 2144 1073 2180 ab
1108 2143 1201 2180 urbe

87 2217 209 2254 erant,
230 2217 363 2248 ceterae
384 2212 540 2249 Graeciae
561 2217 675 2261 atque
694 2212 796 2247 Asiae
817 2210 916 2246 haud
932 2209 1043 2245 dubie
1063 2208 1201 2244 libera-

87 2277 249 2314 bantur:
282 2277 328 2314 de
347 2279 405 2314 his
425 2278 545 2314 tribus
577 2277 732 2314 urbibus
757 2277 888 2325 legati,
910 2275 1012 2324 quod
1032 2281 1204 2324 tempora

89 2341 306 2393 reipublicae
337 2342 609 2393 postulassent,
630 2341 667 2376 id
697 2354 716 2377 e
746 2339 938 2390 republica
964 2339 1109 2388 fideque
1138 2350 1206 2376 sua

599 2404 635 2441 T
654 2406 676 2441 3
