1507 2656
376 179 530 210 LIBER
555 180 710 209 XXXV·
742 180 849 208 CAP.
872 180 952 208 XL.
1124 177 1209 224 545

40 313 43 323 Ι
103 270 261 307 triadem
282 270 497 315 contendit3
529 275 631 305 ratus
653 269 873 305 Chalcidem
898 269 1096 306 liberatam
1124 283 1207 307 mo·
1220 273 1262 305 U.
1273 273 1310 305 C.
1328 280 1404 306 560.

45 330 46 337 ¹
106 333 221 370 menti
242 333 382 383 aliquid
400 334 498 384 apud
517 333 718 381 Magnetas
749 334 795 369 ad
821 335 1062 383 repetendam
1088 335 1207 370 socie·
1219 317 1259 400 *ἒ
1273 316 1310 346 C
1330 324 1402 375 ¹.⁹²'

40 416 42 430 ι
101 403 217 432 tatem
240 397 450 441 Romanam
474 396 672 432 facturam.
729 395 795 439 Et,
817 402 859 432 ut
881 397 1044 446 praesidii
1069 397 1209 446 aliquid
1223 377 1397 452 Mqignncquss

0 486 4 493 .
43 494 46 512 2
101 465 199 495 esset
225 473 299 496 suae
320 461 435 509 partis
463 459 697 504 hominibus,
718 460 898 496 Eunomo
918 461 1072 510 praetori
1088 461 1209 497 Thes·
1221 462 1334 487 tentat.

101 522 264 558 salorum
284 523 446 573 scripsit,
469 529 511 558 ut
534 529 696 560 armaret
719 522 976 573 juventutem,
997 529 1036 559 et
1053 522 1210 559 Villium

103 584 149 620 ad
163 584 446 622 Demetriadem
454 586 640 636 praemisit
656 586 702 622 ad
717 586 922 622 tentandos
939 587 1084 622 animos
1101 601 1109 623 :
1131 598 1210 622 non

102 647 224 691 aliter,
245 649 314 684 nisi
335 662 420 699 pars
450 649 576 698 aliqua
601 649 799 686 inclinaret
819 649 864 685 ad
884 655 1094 699 respectum
1114 651 1210 700 pris-

102 713 192 747 tinae
218 712 423 756 societatis,
446 725 524 749 rem
550 713 806 761 adgressurus.
863 712 997 749 Villius
1027 714 1210 762 quinque-

102 777 194 811 remi
214 788 308 812 nave
337 777 383 812 ad
402 777 542 813 ostium
568 783 698 827 portus
721 783 777 812 est
795 776 979 814 invectus.
1034 777 1094 813 Eo
1113 776 1212 813 mul-

39 849 40 860 *
99 838 224 874 titudo
238 838 463 887 Magnetum
484 840 606 875 omnis
624 852 740 888 quum
760 852 799 875 se
816 840 1020 883 effudisset,
1038 839 1210 888 quaesivit

101 901 251 945 Villius,
274 909 397 939 utrum
418 904 464 939 ad
484 904 640 947 amicos,
661 917 709 940 an
725 903 770 940 ad
791 904 933 946 hostes,
954 915 1035 940 sese
1064 904 1212 940 venisse

101 965 281 1002 mallent?
309 966 525 1017 Respondit
549 967 844 1016 Magnetarches
870 967 1123 1017 Eurylochus,
1150 968 1212 1004 Aa

100 1030 233 1066 anticos
259 1033 390 1067 venisse
418 1043 525 1068 eum:
551 1033 614 1068 sed
646 1032 837 1068 abstineret
859 1036 984 1080 portu,
1014 1036 1048 1067 et
1082 1033 1235 1068 sineret.

99 1095 291 1142 Magnetas
319 1096 357 1130 in
385 1097 573 1131 concordia
601 1101 636 1132 et
665 1096 829 1132 libertate
857 1108 939 1138 esse,
959 1108 1023 1132 nec
1043 1108 1111 1144 per
1129 1109 1213 1132 con-

103 1159 214 1206 loquii
239 1160 389 1206 speciem
424 1160 692 1196 multitudinem
722 1161 945 1196 sollicitaret.
1000 1158 1213 1196 Altercatio

101 1222 203 1264 inde,
223 1234 301 1258 non
321 1234 458 1265 sermo,
478 1222 574 1258 fuit:
607 1235 722 1271 quum
751 1222 949 1260 Romanus
980 1230 1023 1259 ut
1041 1223 1212 1272 ingratos

101 1286 314 1336 increparet
332 1285 550 1334 Magnetas,
571 1287 872 1336 inminentesque
897 1287 1117 1337 praediceret
1135 1286 1213 1323 cla-

105 1348 168 1384 des
178 1365 190 1394 3
238 1348 442 1385 multitudo
472 1349 721 1400 obstreperet,
757 1363 858 1387 nunc
888 1356 1074 1393 senatum,
1111 1362 1213 1387 nunc

104 1413 327 1452 Quinctium
346 1414 583 1450 accusando:
615 1414 670 1450 ita
696 1414 805 1450 irrito
831 1415 985 1465 incepto
1006 1413 1141 1450 Villius
1166 1413 1214 1450 ad

104 1476 327 1515 Quinctium
357 1488 437 1512 sese
466 1477 620 1525 recepit.
676 1477 731 1512 At
756 1477 973 1520 Quinctius,
999 1477 1140 1513 nuncio
1169 1476 1216 1513 ad

105 1528 306 1589 prietorem
325 1540 454 1582 misso,
475 1546 518 1576 ut
545 1540 741 1577 reduceret
773 1540 926 1577 domum
959 1540 1102 1591 copias,
1135 1541 1216 1591 ipse

107 1603 263 1640 navibus
285 1603 513 1640 Corinthum
531 1604 654 1642 rediit.

157 1666 244 1704 XL.
274 1666 525 1703 Abstulerant
544 1680 604 1703 me
629 1667 732 1704 velut
759 1668 804 1704 de
829 1668 955 1718 spatio
976 1667 1133 1704 Graeciae
1156 1679 1217 1703 res

104 1731 273 1766 inmixtae
300 1729 510 1766 Romanis:
542 1744 622 1767 non
652 1732 741 1780 quia
773 1733 872 1782 ipsas
907 1744 1030 1782 operae
1053 1731 1216 1781 pretium

108 1801 206 1830 esset
228 1793 472 1844 perscribere,
497 1795 560 1830 sed
585 1796 674 1844 quia
697 1808 838 1831 caussae
857 1795 1011 1831 fuerunt
1030 1807 1114 1831 cum
1134 1796 1216 1831 An-

107 1857 238 1893 tiocho
256 1856 359 1894 belli.
416 1856 645 1894 Consulibus
673 1858 893 1906 designatis,
925 1858 1029 1904 (inde
1053 1869 1216 1905 namque

109 1920 349 1967 diverteram)
377 1921 423 1958 L.
446 1921 648 1960 Quinctius
672 1927 709 1957 et
736 1922 806 1957 Cn.
826 1921 1020 1956 Domitius
1042 1920 1216 1956 consules
1229 1924 1289 1956 Res
1307 1923 1416 1955 haim,

109 1984 146 2019 in
176 1985 388 2034 provincias
414 1985 575 2035 profecti
601 1991 712 2021 sunt:
745 1982 948 2024 Quinctius
975 1986 1013 2020 in
1040 1984 1216 2032 Ligures,

110 2047 303 2084 Domitius
327 2049 502 2085 adversus
527 2049 659 2085 Boios.
715 2049 804 2084 Boii
830 2049 1071 2097 quieverunt:
1104 2052 1218 2095 atque

112 2112 227 2147 etiam
259 2118 409 2148 senatus
440 2125 569 2148 eorum
598 2124 683 2148 cum
714 2110 857 2153 liberis,
878 2116 916 2146 et
943 2109 1111 2160 praefecti
1132 2121 1217 2147 cum

113 2177 283 2224 equitatu
313 2179 475 2224 (summa
499 2177 668 2212 omnium
694 2175 796 2212 mille
825 2182 862 2211 et
884 2175 1099 2224 quingenti)
1125 2187 1217 2210 con-

114 2239 185 2274 suli
203 2239 425 2276 dediderunt
444 2252 537 2277 sese.
592 2239 653 2276 Ab
674 2239 793 2276 altero
813 2237 967 2275 consule
987 2250 1076 2286 ager
1099 2236 1218 2285 Ligu-

115 2313 197 2340 rum
233 2302 309 2341 late
345 2309 402 2341 est
436 2308 616 2348 vastatus,
650 2301 877 2353 castellaque
907 2301 1051 2352 aliquot
1083 2306 1217 2352 capta:
