1507 2656
312 216 467 246 LIBER
492 214 658 244 XXVII*-
691 212 798 242 CAP.
820 214 961 243 XLIX.
1136 211 1193 257 75

84 303 158 340 lem
186 303 326 340 frustra
354 304 463 352 signa
489 303 631 351 erigere
661 308 818 338 conatus
846 309 958 345 esset,
987 309 1188 353 postquam
1202 304 1244 337 U.
1256 303 1299 360 C.¹
1312 312 1384 337 5⁴5.

85 380 131 404 ea
149 368 303 416 regione
322 366 511 417 penetrari
531 366 577 402 ad
596 366 744 402 hostem
764 378 841 401 non
870 365 1021 402 videbat
1049 377 1158 416 posse
1175 383 1186 413 3
1204 348 1241 379 A'
1255 348 1293 380 C·
1309 354 1327 380 ²
1353 353 1368 384 ⁷

85 432 261 468 cohortes
282 431 426 480 aliquot
445 429 646 467 subductas
668 443 687 466 e
706 430 840 466 dextro
867 441 999 473 cornu,
1020 430 1085 467 ubi
1113 437 1193 468 stas

85 496 231 532 tionem
249 495 368 543 magis
389 507 557 543 segnem,
578 507 688 542 quani
718 506 896 543 pugnarn,
918 494 1081 531 futuram
1112 507 1192 532 cer-

84 559 214 602 nebat,
248 565 337 609 post
366 558 484 594 aciem
520 558 788 594 circumducit:
822 564 872 600 et,
903 571 980 594 non
1018 558 1190 595 hostibus

83 623 210 665 modo,
240 623 305 659 sed
338 623 452 659 etiam
481 622 556 658 suis
595 622 895 671 inopinantibus,
928 623 963 657 in
998 623 1192 661 sinistrum

84 687 251 724 hostium
281 686 378 723 latus
408 687 588 723 incurrit:
621 693 805 735 tantaque
832 685 1005 722 celeritas
1027 687 1114 730 fuit,
1136 694 1191 730 ut,

85 760 202 801 quum
228 751 483 788 ostendissent
513 763 552 786 se
583 750 629 786 ab
657 749 786 792 latere,
808 762 897 786 mox
927 752 965 786 in
990 758 1096 800 terga
1108 751 1192 801 jam

84 821 310 866 pugnarent.
366 814 428 850 Ita
447 827 493 850 ex
512 813 686 850 omnibus
710 812 894 862 partibus,
916 814 964 850 ab
983 814 1123 859 fronte,
1144 815 1192 853 ab

84 878 216 921 latere,
243 878 290 915 ab
320 885 443 927 tergo,
471 877 708 914 trucidantur
737 876 902 927 Hispani
930 877 1189 928 Liguresque:

84 948 123 978 et
143 943 188 979 ad
209 941 340 979 Gallos
360 942 442 992 jam
469 943 585 978 caedes
616 948 848 992 pervenerat.
906 941 965 978 Ibi
996 944 1193 981 minimum

85 1007 300 1043 certaminis
329 1006 426 1043 fuit:
460 1019 548 1042 nam
574 1012 612 1041 et
638 1018 722 1056 pars
749 1018 888 1054 magna
913 1006 961 1043 ab
989 1008 1104 1056 signis
1125 1008 1193 1044 ab·-

85 1077 206 1113 erant,
237 1076 350 1106 nocte
384 1070 531 1119 dilapsi,
564 1070 747 1118 stratique
777 1082 912 1105 somno
950 1072 1088 1120 passim
1126 1083 1192 1122 per

84 1146 219 1182 agros:
252 1140 303 1176 et,
325 1134 388 1182 qui
417 1134 587 1175 aderant,
609 1133 743 1168 itinere
773 1146 816 1168 ac
846 1133 982 1182 vigiliis
1009 1134 1112 1178 fessi,
1133 1136 1191 1172 in·-

84 1197 380 1234 tolerantissima
416 1197 555 1233 laboris
586 1210 759 1247 corporat
795 1198 856 1233 vix
889 1211 993 1234 arma
1025 1199 1196 1235 humeris,

83 1260 295 1308 gestabant.
352 1261 405 1297 Et
431 1260 512 1310 jam
543 1261 617 1297 diei
648 1261 813 1297 medium
842 1268 935 1304 erat,
968 1263 1123 1311 sitisque
1153 1269 1192 1299 et

84 1323 187 1359 calor
206 1314 354 1361 hiantes
383 1326 578 1362 caedendos
606 1327 883 1376 capiendosque
910 1326 1065 1364 adfatim
1094 1341 1193 1379 p1·ae-.

81 1387 209 1424 bebat.

138 1452 289 1489 XLIX.
332 1452 538 1502 Elephanti
583 1454 706 1503 plures
749 1454 795 1490 ab
838 1452 926 1504 ipsis
965 1456 1187 1499 rectoribus,
1203 1470 1370 1510 Elephanti

84 1529 196 1566 quam
225 1518 272 1554 ab
307 1519 430 1559 hoste,
465 1517 680 1554 interfecti:
717 1516 852 1553 fabrile
888 1518 1074 1568 scalprum
1105 1515 1403 1561 cumarectoribQ

84 1581 220 1618 malleo
240 1581 457 1627 habebant3
491 1582 541 1624 id,
563 1582 628 1618 ubi
649 1582 778 1617 saevire
797 1581 930 1618 belluae
951 1596 994 1619 ae
1014 1596 1120 1620 ruere
1150 1586 1189 1623 in
1204 1558 1368 1588 'merstem'

84 1657 170 1680 suos
187 1652 395 1695 coeperant,
417 1647 596 1694 magister
611 1647 710 1682 iuter
726 1658 832 1682 aures
849 1647 1029 1696 positum,
1050 1649 1133 1698 ipso
1148 1650 1190 1686 in

83 1709 256 1751 articulo,
279 1721 353 1758 quo
367 1708 544 1758 jungitur
563 1710 676 1759 capiti
698 1711 838 1752 cervix,
859 1718 1001 1758 quanto
1022 1713 1190 1750 maximo

82 1778 233 1822 poterat
252 1773 343 1816 ictu,
365 1773 552 1821 adigebat.
610 1773 667 1808 Ea
687 1772 880 1810 celerrima
898 1774 958 1810 via
987 1776 1117 1811 mortis
1148 1777 1187 1813 iu

80 1841 196 1871 tantae
223 1835 332 1872 molis
359 1836 484 1871 bellua
511 1838 662 1873 inventa
693 1843 785 1878 erat,
809 1837 869 1872 ubi
901 1838 1053 1885 regendi
1081 1851 1186 1889 spem

78 1900 279 1936 vicissentz
312 1901 528 1949 primusque
552 1901 587 1936 id
614 1900 832 1937 Hasdrubal
862 1901 1091 1946 instituerat,
1112 1905 1186 1941 dux
1199 1922 1381 1956 Hasdmba,

79 1976 195 2013 quum
231 1977 329 2013 saepe
366 1964 456 2000 alias
490 1965 759 2007 memorabilis,
791 1972 871 2001 tuln
906 1965 971 2001 illa
1000 1968 1186 2018 praecipue
1199 1968 1236 2041 his
1253 1968 1374 1998 fortitu·

1221 2021 1252 2047 0,
1271 2018 1302 2041 et

77 2040 217 2079 pugna.
276 2028 344 2063 Ille
381 2037 593 2078 pugnantes
627 2029 832 2073 hortando,
864 2031 1079 2080 pariterque
1117 2032 1186 2068 ob-
1201 2063 1293 2085 mors.

79 2093 202 2128 eundo
222 2091 401 2142 pericula,
434 2093 634 2128 sustinuit:
668 2092 730 2128 ille
757 2093 876 2129 fessos
903 2094 1188 2144 abnuentesque

78 2156 191 2191 taedio
220 2162 257 2191 ct
283 2156 425 2198 labore,
457 2169 556 2192 nunc
582 2157 787 2206 precando,
817 2170 918 2193 nunc
948 2159 1186 2206 castigando,

80 2220 273 2257 accendit:
301 2219 361 2255 ille
381 2220 569 2268 fugientes
590 2222 795 2264 revocavit,
818 2222 1070 2270 omissamque
1090 2236 1187 2272 pug-

81 2295 168 2320 nam
197 2282 342 2332 aliquot
371 2284 463 2320 locis
492 2285 681 2321 restituit:
714 2292 921 2335 postremo,
946 2299 1060 2335 quum
1088 2287 1191 2327 haud

78 2346 190 2389 dubie
224 2347 380 2384 fortuna
410 2348 576 2387 hostium
609 2355 720 2393 esset,
752 2361 800 2387 ne
836 2358 1046 2401 superesset
1078 2358 1187 2387 tanto

590 2413 625 2450 E
644 2415 667 2449 2
