1523 2666
78 295 171 327 EC.
188 302 261 327 542.

77 340 116 369 Δ.
131 339 167 369 C.
186 345 261 370 210.

77 683 156 721 Conj
162 693 232 714 ura-

77 728 122 757 tio
138 727 234 757 Carn-

76 779 246 809 panomm.

271 195 297 235 6
733 206 778 234 T.
802 205 934 235 mvn

273 307 358 332 rens
372 311 383 341 3
413 294 634 339 Marcellus,
656 295 730 331 nisi
757 300 860 331 certa
876 293 974 337 luce,
996 300 1033 330 et
1059 292 1257 344 explorato
1282 300 1385 337 ante,

271 371 349 395 non
370 366 599 409 sequeretur.

323 422 399 460 III.
431 423 571 473 Capuae
591 422 742 458 interim
763 421 918 458 Flaccus
935 422 1024 457 dum
1041 421 1152 458 bonis
1174 420 1387 470 principum

268 486 486 529 vendendis,
509 498 614 535 agro,
636 486 699 534 qui
725 485 940 535 publicatus
960 485 1098 528 fuerat,
1125 483 1288 520 locando
1311 482 1386 531 (lo-

269 550 368 585 cavit
388 556 512 586 autem
534 561 685 585 omnem
703 547 912 595 frumento)
936 555 1084 598 tempus
1110 548 1200 583 terit
1213 563 1223 593 3
1255 560 1303 583 ne
1323 546 1387 582 de-

268 619 367 648 esset
392 614 550 649 materia
574 613 614 648 in
636 613 850 662 Campanos
881 611 1071 655 saeviendi,
1091 623 1234 647 novum
1261 611 1302 646 in
1322 622 1387 646 oc-

270 676 373 713 culto
396 676 555 726 gliscens
580 690 647 727 per
673 676 852 712 indicium
882 681 1118 725 protractum
1145 680 1203 710 est
1227 674 1387 711 facinus.

268 740 414 777 Milites
436 740 600 778 aedificiis
622 747 784 783 emotos,
798 739 910 775 simul
928 746 971 774 ut
989 751 1074 775 cum
1091 751 1183 787 agro
1202 744 1305 774 tecta
1322 750 1388 773 ur-

269 804 328 841 bis
347 805 506 841 fruenda
524 804 753 847 locarentur,
771 802 882 839 simul
898 808 1083 844 metuens,
1099 814 1148 837 ne
1164 813 1272 837 suum
1289 812 1388 850 quo-

270 882 343 918 que
366 870 587 911 exercitum,
609 869 706 903 sicut
735 865 979 908 Hannibalis,
1000 865 1118 901 nimia
1137 864 1240 901 urbis
1270 876 1390 900 amoe-

269 933 369 968 nitas
387 932 588 974 emolliret,
606 932 642 967 in
659 931 778 981 portis
796 930 987 978 murisque
1002 929 1154 965 sibimet
1167 929 1270 979 ipsos
1287 933 1391 964 tecta

270 996 485 1033 militariter
505 1002 682 1045 coegerat
700 995 883 1032 aedificare
899 1009 905 1029 :
939 1001 1046 1030 erant
1063 999 1190 1029 autem
1208 992 1389 1042 pleraque

272 1075 317 1100 ex
343 1064 509 1100 cratibus
540 1069 606 1099 aut
634 1061 773 1099 tabulis
803 1061 919 1103 facta,
951 1060 1026 1097 alia
1055 1059 1237 1097 arundine
1265 1064 1387 1102 texta,

272 1134 480 1164 stramento
500 1129 642 1164 intecta
662 1127 804 1170 omnia,
824 1127 927 1163 velut
946 1126 991 1162 de
1013 1125 1210 1167 industria,
1232 1122 1392 1160 alimen-

270 1193 319 1228 tis
340 1193 450 1242 igniS.
507 1192 603 1229 Haec
628 1192 752 1228 noctis
781 1204 853 1227 una
874 1191 969 1225 hora
995 1195 1036 1225 ut
1056 1188 1186 1225 omnia
1210 1187 1390 1224 incende-

271 1263 370 1299 rent,
392 1263 542 1292 centum
569 1257 813 1306 septuaginta
840 1254 1038 1304 Campani,
1059 1251 1292 1303 principibus
1311 1252 1389 1289 fra·

270 1319 391 1355 tribus
411 1319 567 1364 BlosiiS,
588 1319 902 1369 conjuraverant:
935 1317 1074 1352 indicio
1095 1315 1175 1366 ejus
1194 1316 1248 1352 rei
1268 1329 1315 1353 ex
1331 1316 1392 1353 fa-

271 1383 374 1419 milia
400 1383 619 1420 Blosiorum
637 1382 755 1425 facto,
776 1381 894 1432 portis
921 1386 1077 1430 repente
1088 1378 1200 1430 jussu
1225 1392 1391 1430 procon-

271 1447 361 1484 sulis
388 1448 539 1491 clausis,
560 1461 674 1497 quum
695 1448 742 1483 ad
768 1459 872 1483 arma
891 1446 1001 1494 signo
1023 1445 1112 1481 dato
1137 1444 1276 1481 milites
1296 1457 1390 1481 con-

272 1512 476 1548 curri-ssent
490 1529 499 1557 3
533 1512 796 1562 comprehensi
820 1522 965 1552 omnes,
988 1510 1051 1558 qui
1080 1509 1120 1544 in
1145 1521 1246 1546 noxa
1266 1514 1389 1552 erant,

272 1583 323 1619 et,
346 1578 555 1625 quaestione
575 1577 710 1613 acriter
725 1575 871 1618 habita,
887 1574 1053 1611 damnati
1073 1574 1296 1623 necatique:
1329 1574 1390 1609 in-

273 1640 419 1676 dicibus
449 1640 619 1683 libertas,
641 1647 678 1676 et
708 1640 788 1675 aeris
811 1640 905 1674 dena
934 1637 1052 1673 millia
1071 1638 1168 1674 (lata.
1225 1638 1391 1674 Nuceri-

272 1716 342 1740 nos
364 1712 399 1740 et
420 1706 632 1740 Acerranos
654 1711 868 1752 querentes,
890 1702 952 1737 ubi
980 1701 1211 1744 habitarent,
1232 1714 1309 1737 non
1330 1714 1388 1737 es-

271 1781 325 1811 se,
342 1769 492 1804 Acerris
510 1781 555 1804 ex
572 1776 678 1818 parte
695 1768 871 1809 incensis,
888 1767 1056 1802 Nuceria
1072 1765 1207 1809 deleta,
1225 1765 1391 1802 Romam

271 1831 426 1868 Fulvius
447 1832 491 1868 ad
510 1838 681 1867 senatum
702 1831 814 1867 misit.
873 1831 1074 1866 Acerranis
1094 1829 1332 1879 permissum,
1348 1836 1391 1865 ut

273 1897 515 1938 aedificarent,
544 1910 625 1944 quae
654 1897 806 1930 incensa
834 1904 963 1930 erant:
997 1895 1181 1930 Nucerini
1208 1893 1388 1936 Atellam,

272 1962 361 2010 quia
380 1962 418 1997 id
443 1960 668 2001 maluerant,
693 1959 894 2008 (Atellanis
918 1959 1104 1994 Calatiam
1124 1959 1287 2007 migrare
1305 1956 1392 2007 jus-

272 2026 340 2072 sis)
373 2026 549 2062 traducti.
608 2024 714 2060 Inter
751 2023 886 2059 multas
926 2035 1157 2071 magnasque
1190 2035 1262 2065 res,
1293 2035 1392 2071 quae,

271 2103 373 2126 nunc
393 2090 578 2132 secundm,
601 2102 701 2125 nunc
722 2089 899 2129 adversae,
922 2087 1161 2135 occupabant
1187 2087 1392 2135 cogitatio-

273 2167 339 2190 nes
354 2155 566 2196 hominum,
583 2166 630 2189 ne
649 2153 867 2189 Tarentinae
882 2151 1031 2200 quidem
1048 2151 1142 2186 arcis
1159 2151 1299 2186 excidit
1313 2163 1392 2186 me-

272 2219 405 2254 moria.
463 2217 520 2254 M.
534 2217 723 2266 Ogulnius
744 2223 781 2251 et
802 2216 842 2252 Ρ.
859 2214 1045 2264 Aquillius
1066 2214 1105 2249 in
1125 2214 1317 2249 Etruriam
1338 2213 1391 2249 le-

273 2284 354 2333 gati
370 2283 416 2319 ad
431 2283 664 2321 frumentum
681 2281 939 2323 coemendum,
958 2279 1058 2329 quod
1073 2279 1282 2314 Tarentum
1302 2291 1391 2329 por-

275 2353 431 2390 taretur,
449 2346 611 2398 profecti
627 2361 634 2382 ε
658 2354 695 2382 et
710 2344 811 2382 mille
827 2344 964 2380 milites
982 2343 1026 2379 de
1043 2343 1210 2379 exercitu
1230 2341 1390 2385 urbano,
