1523 2666
95 246 138 279 U.
150 247 187 278 C.
206 252 278 282 547.

94 291 136 320 A.
151 291 187 321 C.
204 297 279 322 205.

94 333 210 363 P1oe1io

93 376 170 406 victi
189 376 264 407 His-

95 419 183 457 pani.

296 145 376 187 160
753 153 799 182 T.
822 152 956 183 mvn

290 246 384 282 lium
403 250 576 294 equestre
594 242 681 286 fuit,
701 243 803 280 haud
822 256 912 279 sane
932 242 1177 279 memorando
1197 242 1237 279 in
1257 250 1404 295 partem

292 310 406 347 ullam
427 316 575 346 eventu.
634 308 721 344 Sole
741 309 901 350 oriente,
923 314 1076 358 postero
1101 307 1160 343 die
1184 310 1319 345 armati
1343 310 1404 346 in-

291 374 499 423 structique
519 385 649 409 omnes
671 372 772 407 mille
791 372 909 407 ferme
928 382 1059 420 passus
1081 371 1214 419 procul
1233 385 1254 407 a
1270 373 1403 409 castris

289 438 476 475 Romanis
504 438 620 474 aciem
649 436 861 472 ostendere.
916 434 1036 470 Medii
1059 435 1245 471 Ausetani
1268 442 1399 473 erant:

289 515 433 538 cornua
447 501 621 537 dextrum
641 498 836 547 Ilergetes,
859 497 993 533 laevum
1013 497 1198 546 ignobiles
1220 499 1405 536 tenebant.

288 566 454 616 Hispani
475 563 617 614 populi.
675 562 781 598 Inter
802 575 944 598 cornua
967 568 1003 597 et
1025 563 1184 598 mediam
1207 564 1324 599 aciem
1343 564 1403 600 in-

287 629 444 666 tervalla
465 628 635 678 patentia
655 627 745 662 satis
763 626 838 662 late
857 625 1027 662 fecerant
1038 642 1049 671 3
1083 639 1157 675 qua
1176 628 1402 676 equitatum,

288 693 354 730 ubi
375 700 521 742 tenipus
540 698 652 734 esset,
670 692 899 727 emitterent.
933 691 986 726 Et
1005 690 1188 734 Romani,
1208 704 1314 727 more
1334 705 1404 728 suo

287 758 496 794 exercitum
517 768 630 805 quum
648 756 929 797 instruxissent,
952 755 989 790 id
1002 755 1115 790 modo
1133 755 1300 791 hostium
1317 756 1404 791 imi-

286 821 358 857 tati
378 828 480 863 sunt,
502 827 543 855 ut
563 820 662 854 inter
681 818 850 865 legiones
872 825 910 853 et
929 819 999 867 ipsi
1018 825 1190 867 patentes
1212 819 1328 867 equiti
1345 832 1405 855 re-

284 884 501 933 linquerent
527 884 617 918 vias.
675 882 853 916 Ceterum
880 880 1081 923 Lentulus,
1104 882 1138 916 ei
1166 883 1264 931 parti
1293 894 1402 918 usum

287 948 423 996 equitis
450 947 532 983 fore
558 952 676 988 ratus,
699 958 780 993 quae
807 946 911 994 prior
939 945 978 980 in
1003 945 1258 980 dehiscentem
1285 946 1403 981 inter-

287 1011 392 1048 vallis
409 1011 576 1047 hostium
595 1011 713 1046 aciem
732 1010 878 1057 equites
900 1009 1098 1051 emisisset,
1122 1009 1200 1044 Ser.
1220 1008 1402 1046 Cornelio

287 1076 442 1111 tribuno
461 1075 622 1110 militum
642 1074 817 1123 imperat,
835 1074 977 1122 equites
999 1086 1066 1123 per
1086 1080 1256 1123 patentes
1273 1074 1312 1108 in
1327 1073 1400 1109 ho-

287 1140 401 1175 stium
417 1140 496 1174 acie
518 1139 594 1174 vias
612 1138 831 1187 permittere
851 1150 967 1185 equos
982 1137 1138 1186 jubeat:
1163 1137 1257 1185 ipse,
1275 1145 1400 1187 coepta

286 1216 419 1253 parum
454 1215 629 1252 prospere
663 1200 827 1250 pedestri
862 1213 1003 1249 pugna,
1032 1207 1182 1235 tantum
1212 1208 1394 1244 moratus,

283 1268 372 1304 dum
392 1267 538 1303 cedenti
559 1266 787 1302 duodecimae
815 1264 972 1313 legioni,
1000 1278 1082 1313 quae
1102 1265 1141 1299 in
1165 1264 1259 1300 laevo
1277 1278 1396 1302 cornu

286 1332 461 1368 adversus
483 1331 662 1379 Ilergetes
690 1329 815 1365 locata
845 1336 938 1371 erat,
964 1329 1116 1364 tertiam
1144 1329 1324 1364 decimam
1343 1329 1398 1365 le-
1431 1357 1438 1359 -

285 1398 438 1445 gionem
465 1410 510 1432 ex
540 1395 715 1431 subsidiis
737 1395 774 1428 in
796 1394 953 1443 primam
981 1393 1100 1428 aciem
1120 1392 1399 1430 firmamentum

285 1464 412 1508 ducit,
446 1470 645 1512 postquam
669 1467 816 1509 aequata
837 1460 887 1496 ibi
909 1472 1037 1509 pugna
1057 1466 1127 1503 est,
1148 1460 1194 1496 ad
1218 1460 1264 1495 L.
1283 1460 1398 1496 Man-

285 1528 391 1571 lium,
413 1530 511 1564 inter
531 1528 651 1577 prima
672 1527 781 1575 sigua
799 1525 1034 1567 hortantem,
1053 1538 1094 1560 ac
1116 1525 1295 1568 subsidia,
1313 1526 1396 1574 qui-

283 1593 353 1629 bus
374 1605 432 1628 res
454 1591 671 1642 postulabat
691 1591 797 1633 locis,
820 1590 1076 1634 inducentem,
1098 1591 1223 1627 venit:
1255 1591 1397 1627 indicat

285 1666 367 1694 tuta
387 1659 433 1694 ab
453 1658 548 1693 hero
572 1670 689 1692 cornu
719 1669 817 1691 esse:
844 1655 926 1705 jam
948 1656 1102 1691 missum
1123 1655 1169 1691 ab
1191 1668 1229 1690 se
1251 1655 1395 1699 Corne-

283 1723 375 1759 lium
403 1723 570 1758 Servium
603 1720 770 1771 procella
802 1721 965 1769 equestri
991 1721 1120 1756 hostes
1149 1718 1394 1755 circumfusu-

282 1801 377 1823 rum.
418 1787 493 1822 Vix
513 1787 592 1822 haec
614 1786 715 1821 dicta
735 1785 900 1827 dederat,
920 1797 1034 1833 quum
1053 1785 1217 1820 Romani
1235 1784 1397 1832 equites,

282 1852 321 1887 in
341 1851 483 1886 medios
506 1850 643 1885 invecti
673 1850 817 1890 hostes,
839 1848 950 1884 simul
977 1848 1166 1897 pedestres
1197 1848 1294 1883 acics
1314 1853 1394 1882 tur-

279 1915 434 1957 barunt,
464 1913 574 1949 simul
613 1913 801 1962 equitibus
841 1913 1103 1963 Hispanorum
1132 1913 1231 1948 viam
1264 1913 1393 1948 inmit-

278 1979 383 2014 tendi
405 1989 520 2027 equos
543 1976 770 2012 clauserunt.
805 1976 954 2025 Itaque,
973 1978 1112 2013 omissa
1131 1988 1259 2026 pugna
1278 1988 1391 2024 eque-

279 2044 360 2085 stri,
383 2043 429 2078 ad
455 2042 666 2092 pedestrem
690 2040 855 2090 Hispani
882 2041 1167 2077 descenderunt.
1223 2039 1392 2077 Romani

278 2108 539 2157 imperatores,
562 2112 603 2142 ut
622 2106 794 2142 turbatos
821 2107 989 2142 hostium
1018 2106 1182 2147 ordines,
1209 2112 1247 2140 et
1274 2107 1390 2155 trepi-

275 2171 469 2207 dationem
487 2184 753 2221 pavoremque,
771 2177 809 2206 et
828 2171 1050 2206 fluctuantia
1070 2170 1245 2205 viderunt
1264 2171 1386 2218 signa,

274 2235 490 2277 hortantur,
512 2240 624 2270 orant
654 2234 806 2277 milites,
834 2240 873 2271 ut
894 2236 1076 2284 perculsos
1106 2235 1293 2276 invadant,
1320 2247 1389 2271 neu

273 2301 415 2336 restitui
445 2301 558 2337 aciem
582 2301 796 2350 patiantur:
827 2312 907 2338 non
937 2299 1207 2338 sustinuissent
1231 2305 1310 2336 tam
1330 2300 1390 2336 in-

1494 2264 1503 2274 *
1494 2084 1513 2222 “ffamz
1500 2043 1513 2068 .:.
1510 1971 1513 2008 „⁴
