1507 2656
306 172 460 200 LIBER
485 170 653 199 XXVII.
688 169 795 198 CAP.
821 170 993 199 XXVII.
1151 170 1205 215 45

93 267 319 311 occupatum
339 260 386 297 ab
406 261 532 303 hoste,
549 273 619 296 nec
635 265 828 309 receptum
847 258 894 295 ab
914 266 1025 308 tergo
1046 260 1206 298 circum-
1220 252 1262 326 [AL
1275 251 1311 326 g·
1330 259 1406 328 {32⁰
1427 257 1430 260 ⁴

92 326 194 361 venti
215 325 399 362 haberent
414 340 423 370 3
457 324 606 360 extrahi
625 328 753 359 tamen
770 323 910 359 diutius
928 330 1118 360 certamen
1137 337 1207 375 po·
1253 319 1260 326 ”
1304 318 1313 326 ’
1396 317 1405 328 “

91 389 240 432 unisset,
261 389 301 424 ni
327 394 454 438 coepta
484 387 530 423 ab
551 387 724 423 Etruscis
746 387 838 436 fuga
866 399 1046 437 pavorem
1074 390 1208 426 ceteris

91 451 294 502 injecisset.
351 451 443 488 Non
463 459 590 488 tamen
618 452 779 487 omisere
810 464 978 501 pugnam
998 452 1135 488 deserti
1161 451 1210 489 ab

90 516 261 552 Etruscis
282 515 512 566 Fregellani,
534 517 653 553 donec
683 516 824 565 integri
847 515 1019 552 consules
1050 517 1209 554 hortan-

90 580 152 622 do,
186 581 332 631 ipsique
370 593 418 617 ex
454 588 562 632 parte
598 580 806 631 pugnando
843 593 922 616 rem
956 580 1208 617 sustinebant.

90 644 178 688 Sed,
199 652 403 695 postquam
432 646 649 682 vulneratos
680 645 793 681 ambo
824 644 1011 688 consules,
1041 644 1207 682 Marcel-
1219 624 1401 698 ἓξὲἷὲῇιὲῖῧ

88 708 166 744 lum
187 710 301 745 etiam
331 710 555 746 transfixum
588 709 721 745 lancea
749 708 1013 759 prolabentem
1033 722 1080 746 ex
1109 722 1207 759 equo
1221 711 1388 749 Crispinus

88 773 358 810 moribundum
373 775 512 817 videre,
530 780 612 810 tum
632 780 669 810 et
688 774 761 824 ipsi
780 773 977 823 (perpauci
997 780 1124 810 autem
1145 786 1206 811 su·
1220 754 1410 838 {ffglfffmus

87 838 282 887 pei-erant)
305 850 390 875 cum
411 838 590 889 Crispino
610 837 766 874 consule
784 836 933 873 duobus
951 835 1092 887 jaculis
1112 838 1206 882 icto,

89 907 128 936 et
145 900 332 938 Marcello
362 903 615 947 adolescente,
637 904 766 940 saucio
796 909 834 939 et
862 904 959 952 ipso,
981 903 1208 953 effugerunt.

89 968 318 1006 Interfectus
339 971 387 1006 A.
403 970 572 1007 Manlius
595 971 769 1007 tribunus
790 971 968 1013 militum,
989 977 1027 1007 et
1047 983 1093 1007 ex
1112 970 1208 1007 duo-

87 1034 158 1070 bus
178 1034 365 1085 praefectis
393 1035 540 1073 socium
558 1036 627 1072 M‘.
642 1036 777 1072 Aulius
797 1037 959 1079 occisus,
980 1035 1026 1073 L.
1040 1036 1207 1072 Arenni-

89 1110 131 1134 us
153 1105 308 1150 captus3
341 1106 380 1136 et
396 1100 547 1137 lictores
569 1100 768 1138 consulum
784 1101 951 1150 quinque
965 1101 1039 1135 vivi
1055 1101 1095 1136 in
1115 1101 1205 1136 hos-

89 1163 182 1199 tium
202 1169 434 1213 potestatem
454 1171 663 1200 venerunt:
696 1165 811 1201 ceteri
831 1171 898 1201 aut
916 1165 1122 1208 interfecti,
1140 1171 1206 1201 aut

87 1240 173 1264 cum
189 1228 344 1265 consule
361 1229 574 1278 effugerunt
589 1245 597 1266 ι
630 1230 776 1278 equites
792 1235 867 1265 tres
884 1235 922 1265 et
937 1230 1204 1278 quadraginta,

88 1297 154 1326 aut
173 1291 212 1327 in
231 1292 382 1342 proelio,
405 1299 470 1328 aut
496 1293 534 1328 iu
555 1292 662 1341 fuga,
691 1293 921 1336 ceciderunt,
943 1293 1206 1342 duodeviginti

87 1355 162 1390 vivi
195 1357 307 1406 capti.
363 1356 655 1393 Tumultuatum
692 1365 730 1393 et
758 1358 797 1393 in
832 1359 964 1394 castris
994 1357 1132 1400 fuerat,
1163 1364 1205 1393 ut

87 1420 305 1457 consulibus
326 1421 424 1457 irent
445 1421 637 1466 subsidi03
671 1435 786 1470 quum
807 1421 1002 1458 consulem
1029 1429 1066 1458 et
1086 1421 1205 1458 filium

86 1483 238 1520 alterius
266 1485 430 1521 consulis
462 1487 624 1529 saucios,
648 1487 879 1534 exiguasque
898 1486 1059 1522 infelicis
1091 1499 1204 1536 expe-

85 1548 239 1584 ditionis
257 1548 447 1598 reliquias,
465 1549 510 1584 ad
529 1556 653 1585 castra
665 1550 860 1585 venientes
878 1555 1051 1586 cernunt.
1094 1549 1204 1586 Mors

84 1610 257 1647 BIarcelli
288 1625 403 1661 quum
440 1612 582 1661 alioqui
611 1613 838 1649 miserabilis
869 1613 956 1657 fuit,
988 1621 1072 1649 tum
1103 1614 1204 1662 quod

86 1687 156 1710 nec
182 1688 252 1725 pro
279 1683 404 1718 aetate,
436 1676 576 1725 (major
606 1676 689 1726 jam
719 1678 820 1713 enim
859 1679 1060 1727 sexaginta
1094 1679 1204 1714 annis

88 1740 185 1782 erat)
208 1752 330 1789 neque
355 1753 425 1790 pro
445 1742 580 1777 veteris
606 1742 807 1791 prudentia
826 1743 944 1785 ducis,
965 1749 1044 1779 tam
1071 1744 1206 1794 inpro-

85 1804 169 1839 vide
189 1816 241 1847 se,
271 1804 544 1855 collegamque,
566 1814 603 1841 et
630 1820 748 1857 prope
768 1813 893 1844 totam
914 1808 1202 1857 rempublicam,

86 1867 124 1902 in
146 1880 311 1919 praeceps
333 1869 497 1906 dederat.
554 1869 701 1906 hiultos
722 1872 823 1907 circa
844 1884 955 1907 unam
977 1884 1055 1908 rem
1082 1873 1205 1910 ambi-

85 1937 146 1966 tus
165 1931 333 1974 fecerim,
355 1934 400 1975 si,
421 1946 503 1981 quae
524 1933 570 1969 (le
596 1933 773 1970 Marcelli
800 1942 922 1971 morte
943 1936 1090 1971 variant
1117 1950 1205 1974 auc·

86 2001 202 2038 tores,
224 1997 353 2032 omnia
381 1998 534 2045 exsequi
556 1997 682 2034 velim.
741 1998 797 2034 Ut
823 2000 1000 2035 omittam
1028 1999 1137 2043 alios,
1158 2001 1205 2038 L.

87 2059 230 2096 Coelius
251 2060 438 2111 triplicem
459 2063 511 2098 rei
533 2068 647 2111 gestae
669 2063 840 2099 ordinem
860 2063 960 2099 edit:
993 2076 1107 2100 unam
1127 2071 1205 2101 tra-

87 2123 204 2160 ditam
233 2124 357 2171 fama3
391 2126 547 2162 alteram
578 2128 757 2177 scriptam
783 2127 1003 2163 laudatione
1031 2127 1112 2170 filii,
1141 2130 1206 2178 qui

87 2188 141 2223 rei
161 2194 275 2236 gestae
296 2190 533 2237 interfuerit3
566 2193 733 2236 tertiam,
755 2205 867 2240 quam
889 2193 968 2241 ipse
988 2203 1057 2241 pro
1077 2193 1203 2241 inqui-

88 2252 161 2288 sita
179 2266 222 2291 ae
243 2254 314 2292 sibi
334 2263 528 2307 comperta
553 2257 687 2295 adfert.
746 2257 925 2294 Ceterum
946 2256 999 2294 ita
1017 2256 1119 2294 fama
1139 2270 1201 2294 va-
