1507 2656
333 217 487 246 LIBER
511 217 690 246 XXXIV.
722 217 829 247 CAP.
854 218 955 246 LIV.
1114 204 1198 259 489

88 306 145 342 tia
174 306 242 343 Cn.
266 305 458 342 Domitius
487 310 627 355 praetor
652 304 816 340 urbanus
847 305 885 340 in
916 304 1107 355 Capitolio
1126 305 1193 341 ha·
1208 308 1249 339 U.
1264 309 1389 341 0558,

87 369 183 408 buit.
240 369 356 406 AEdes
386 383 431 406 co
465 382 566 405 anno
596 368 741 418 aliquot
765 368 945 405 dedicatae
975 376 1086 405 sunt:
1120 352 1386 406 unaA.C.194.

86 433 251 470 Junouis
286 435 445 484 Sospitae
478 434 517 469 in
550 433 635 469 foro
669 433 837 476 olitorio,
870 439 960 469 vota
993 433 1193 482 locataque

85 497 333 546 quadriennio
370 504 458 533 ante
495 510 517 533 a
562 497 606 533 C.
638 496 817 533 Cornelio
854 496 1009 533 consule
1042 496 1191 534 Gallico

83 561 208 608 bello;
242 576 376 599 censor
393 564 491 599 idem
512 562 720 599 dedicavit:
753 562 872 599 altera
886 562 1030 599 Fauni:
1064 562 1188 599 aediles

84 638 166 662 eam
192 627 348 664 biennio
378 634 467 664 ante
493 640 538 664 ex
568 626 780 663 multaticio
800 633 958 676 argento
978 627 1190 664 faciendam

80 689 266 734 locarant,
288 692 331 728 C.
353 691 586 733 Scribonius,
609 699 647 726 et
667 691 737 727 Cn.
757 690 976 736 Domitius5
1009 692 1072 739 qui
1093 704 1190 742 prae-

79 759 142 790 tor
162 754 324 791 urbanus
345 768 427 790 eam
447 755 644 791 dedicavit.
691 754 743 790 Et
770 754 886 790 aedem
906 754 1085 790 Fortunae
1103 755 1186 790 Pri-

2 867 4 871 Δ
79 819 250 868 migeniae
268 820 304 855 in
321 820 416 857 colle
431 818 618 859 Quirinali
635 818 821 855 dedicavit
840 818 888 857 Q.
904 817 1072 854 Marcius
1090 817 1185 853 Ral-

1 877 6 926 ᾗ
77 882 126 925 la,
148 881 319 919 duumvir
336 884 383 919 ad
400 883 435 919 id
452 884 573 933 ipsum
593 888 739 918 creatus
755 897 764 917 ε
788 888 941 917 voverat
958 893 1040 917 eam
1057 881 1186 919 decem

2 942 3 946 ¹
76 946 184 981 annis
205 952 292 982 ante
314 946 457 982 Punico
477 946 578 982 bello
605 945 649 983 P.
671 945 915 995 Sempronius
941 944 1104 995 Sophus,
1124 945 1183 981 lo-

76 1015 226 1045 caverat
245 1009 342 1046 idem
363 1023 508 1047 censor.
564 1010 616 1046 Et
645 1011 684 1046 in
713 1009 836 1046 insula
863 1010 969 1046 Jovis
1001 1010 1117 1046 aedem
1137 1010 1183 1047 C.

0 1112 6 1126 ff
77 1073 254 1110 Servilius
287 1074 458 1109 duumvir
493 1074 702 1110 dedicavit:
738 1080 829 1110 vota
861 1080 941 1110 erat
974 1086 1038 1110 sex
1071 1074 1180 1110 annis

0 1132 10 1184 ll
75 1143 162 1174 ante
195 1137 343 1175 Gallico
373 1138 473 1174 bello
506 1138 553 1174 ab
587 1137 634 1175 L.
664 1137 780 1175 Furio
810 1138 1055 1188 Purpurcone
1083 1150 1181 1188 prae-

75 1207 181 1247 tore,
214 1201 261 1238 ab
296 1201 427 1238 eodem
463 1207 598 1256 postea
631 1201 786 1238 consule
817 1201 954 1241 locata.
1011 1200 1106 1241 Haec
1134 1214 1180 1242 eo

76 1278 178 1301 anno
198 1272 294 1303 acta.

127 1329 232 1366 LIV.
261 1330 304 1367 P.
327 1330 454 1381 Scipio
481 1344 528 1367 ex
556 1332 751 1382 provincia
780 1332 905 1368 Gallia
930 1333 976 1368 ad
1004 1331 1176 1369 consules

9 1411 11 1437 i
71 1392 332 1442 subrogandos
353 1396 467 1431 venit.
501 1395 667 1431 Comitia
686 1395 882 1431 consulum
900 1395 1018 1439 fuere,
1039 1395 1175 1446 quibus

10 1475 11 1478 ¹
69 1459 187 1494 creati
222 1466 309 1494 sunt
345 1458 391 1495 L.
420 1459 618 1495 Cornelius
655 1459 806 1496 Merula
841 1466 877 1496 et
907 1460 955 1498 Q.
981 1460 1175 1501 Minucius

11 1527 12 1530 ’
68 1522 266 1559 Thermus.
322 1523 482 1559 Postero
499 1524 558 1559 die
578 1525 693 1560 creati
712 1530 800 1560 sunt
816 1531 995 1574 praetores
1015 1523 1061 1561 L.
1079 1525 1175 1560 Cor?

68 1585 187 1622 nelius
219 1587 360 1636 Scipio,
390 1586 447 1623 M.
468 1586 620 1623 Fulvius
646 1587 839 1630 Nobilior,
872 1588 915 1625 C.
937 1587 1171 1631 Scribonius,

12 1620 19 1733 ἱ
68 1649 124 1686 Μ.
142 1649 316 1698 Valerius
327 1650 519 1694 Messalla,
540 1650 586 1687 L.
603 1651 757 1687 Porcius
777 1650 948 1695 Licinus,
970 1658 1007 1688 et
1027 1651 1070 1689 C.
1082 1651 1169 1688 Fla·
1182 1657 1287 1689 Ludos
1303 1657 1367 1690 Ro.

13 1735 21 1900 ἶ
66 1714 217 1750 minius.
271 1713 494 1762 Megalesia,
518 1713 624 1750 ludos
652 1715 835 1758 scenicos,
860 1715 903 1751 C.
924 1715 1062 1751 Atilius
1083 1715 1168 1752 Ser-
1183 1711 1296 1732 manos
1313 1710 1385 1732 “³¹¹¹

1203 1755 1225 1774 Π
1374 1760 1387 1768 ·

69 1790 196 1821 ranus,
216 1777 261 1814 L.
285 1778 501 1814 Scribonius
521 1778 622 1814 Libo
636 1778 758 1815 aediles
779 1778 924 1815 curules
944 1780 1054 1829 primi
1069 1780 1168 1817 fece·
1180 1754 1377 1829 Eatriffsngesg

1179 1837 1223 1860 tat
1235 1839 1254 1860 a
1265 1830 1384 1871 populo

70 1848 169 1878 runt.
225 1841 375 1878 Horum
399 1843 561 1879 aedilium
579 1842 687 1879 ludos
712 1842 909 1880 Romanos
929 1845 1090 1893 primum
1110 1858 1168 1882 se·
1179 1881 1328 1905 secretus.

66 1912 176 1941 natus
207 1919 229 1942 a
250 1905 392 1956 populo
418 1913 581 1943 secretus
608 1908 804 1957 spectavit,
826 1908 1060 1958 praebuitque
1090 1922 1167 1946 ser-

18 2004 19 2007 ,
65 1982 209 2013 mones,
243 1971 358 2017 (sicut
390 1972 511 2007 omnis
546 1973 694 2008 novitas
728 1972 841 2019 solet)
877 1973 974 2016 aliis,
1009 1975 1166 2018 tandem,

18 2055 19 2058 =
63 2035 158 2082 quod
176 2034 286 2069 multo
306 2039 388 2070 ante
414 2035 584 2078 debuerit,
607 2036 790 2079 tributum,
812 2036 1066 2080 censentibus,
1090 2050 1168 2074 am-

59 2099 220 2146 plissimo
247 2099 386 2142 ordini3
427 2098 524 2141 aliis,
560 2101 717 2136 demtum
749 2113 791 2136 ex
820 2102 997 2148 dignitate
1025 2103 1166 2150 populi,

62 2161 236 2210 quidquid
264 2160 444 2207 majestati
474 2163 628 2198 Patrum
656 2162 833 2209 adjectum
857 2170 955 2207 esset,
983 2166 1167 2216 interpre-

62 2223 254 2260 tantibus:
287 2230 322 2260 et
353 2227 473 2261 omnia
505 2227 710 2263 discrimina
743 2229 846 2270 talia,
876 2229 999 2276 quibus
1031 2231 1168 2267 ordines

60 2290 354 2332 discernerentur,
373 2295 408 2326 et
427 2293 635 2334 concordiae,
653 2297 687 2328 et
708 2293 882 2328 libertatis
896 2306 991 2341 oeque
1005 2295 1166 2331 minuen-

57 2353 112 2388 ἄιε
130 2364 211 2389 esse.
247 2354 307 2390 Ad
326 2356 639 2406 quingentesimum
658 2357 985 2405 quinquagesimum
1005 2363 1167 2396 octavum

577 2417 656 2458 Y5

26 2445 33 2656 ἶ
