1507 2656
275 185 430 214 LIBER
454 182 610 214 XXXV.
644 183 751 212 CAP.
774 184 1000 215 xxxvln.
1089 187 1172 232 543

69 280 158 312 tuor
176 280 214 312 et
231 275 367 325 viginti
386 273 718 325 quinqueremibus
737 274 784 310 ad
804 274 988 323 Gythium
1003 277 1172 314 accessit.
1190 286 1229 317 U.
1243 287 1279 318 c.
1295 294 1370 322 550,

67 337 207 376 Iisdem
225 340 355 377 diebus
375 340 474 377 circa
490 337 709 375 Chalcidem
727 339 870 381 Thoas,
886 352 953 389 per
972 341 1172 391 Euthymi-
1185 329 1225 360 A·
1239 331 1276 362 C·
1295 340 1368 365 192.

1183 385 1290 416 Thoas
1307 387 1390 417 frus-

66 403 153 439 dam
172 404 394 454 principem,
414 402 562 454 pulsum
578 402 713 452 opibus
737 414 882 446 eorum,
903 404 968 452 qui
987 403 1171 444 Romanae
1185 436 1230 458 “a
1243 429 1371 459 Chalci-

65 468 256 504 societatis
277 474 397 511 erant,
418 474 506 518 post
532 468 578 504 T.
599 468 772 507 Quinctii
799 467 1086 518 legatorumque
1106 471 1170 508 ad·
1184 473 1258 503 dem
1271 478 1382 505 tentat.

63 537 232 574 ventum,
250 537 287 568 et
307 531 550 569 Herodorum
563 532 725 568 Cianum
740 539 1002 576 mercatorem,
1023 534 1086 570 sed
1101 547 1171 584 po-

61 600 204 631 tentem
226 595 406 632 Chalcide
425 603 580 646 propter
599 596 763 638 divitias,
784 597 1004 645 praeparatis
1019 597 1065 633 ad
1081 611 1170 648 pro-

62 658 244 696 ditionem
264 661 324 703 iis,
346 661 409 710 qui
428 661 670 710 Euthymidae
688 661 866 697 factionis
888 668 1010 704 erant,
1026 674 1168 711 nequa-

61 735 174 773 quam
210 724 379 761 eamtlem
404 724 611 767 fortunam,
651 737 726 773 qua
752 724 968 760 Demetrias
994 738 1061 775 per
1088 726 1169 762 Eu-

62 787 258 837 rylochum
288 796 474 839 occupata
510 795 604 832 erat,
639 788 785 825 habuit.
840 789 1103 838 Euthymidas·
1121 790 1168 827 ab

61 852 223 889 Athenis
259 855 361 901 (eum
391 853 583 889 domicilio
614 852 804 902 delegerat
836 853 979 899 locum)
1015 854 1167 891 Thebas

60 918 237 967 primum,
273 918 363 954 hinc
401 917 586 966 Salganea
621 918 828 967 processit,
864 917 1088 955 Herodorus
1121 919 1168 955 ad

59 983 283 1019 ssronium.
340 982 434 1018 Inde
455 982 556 1018 haud
575 981 706 1032 procul
735 982 775 1017 in
798 981 967 1018 Maliaco
988 983 1071 1019 sinu
1092 983 1167 1019 duo

58 1047 177 1083 millia
194 1047 363 1097 peditum
381 1046 509 1082 Thoas
531 1052 568 1082 et
590 1047 772 1082 ducentos
795 1047 952 1095 equites,
974 1047 1164 1083 onerarias

57 1111 155 1147 leves
176 1110 222 1146 ad
241 1111 398 1158 triginta
417 1109 601 1146 habebat:
635 1121 696 1145 eas
717 1121 803 1144 cum
821 1111 1008 1145 sexcentis
1028 1111 1165 1160 pediti—

56 1175 127 1212 bus
147 1175 369 1211 Herodorus
398 1173 571 1224 trajicere
598 1174 638 1209 in
663 1173 825 1209 insulam
845 1173 1067 1210 Atalantam
1079 1174 1164 1224 jus-

57 1252 118 1276 sus
133 1256 144 1285 3
175 1246 218 1275 ut
236 1239 337 1281 inde,
358 1251 473 1288 quum
499 1238 688 1287 pedestres
709 1237 838 1287 copias
862 1237 1165 1289 adpropinquare

51 1304 134 1354 jam
152 1303 280 1340 Aulidi
299 1310 412 1352 atque
436 1302 582 1351 Euripo
605 1302 796 1344 sensisset,
819 1301 1038 1340 Chalcidem
1057 1303 1165 1353 traji-

56 1375 180 1405 ceret:
213 1368 291 1417 ipse
311 1374 453 1403 ceteras
474 1366 617 1416 copiaS,
638 1367 834 1402 nocturnis
863 1367 1026 1403 maxime
1051 1368 1165 1404 itine-

55 1433 172 1476 ribus,
194 1440 335 1482 quanta
354 1439 504 1483 poterat
524 1432 728 1474 celeritate,
751 1430 970 1467 Chalcidem
989 1432 1163 1470 ducebat.

107 1496 346 1533 XXXVIII.
375 1496 513 1532 Mictio
529 1502 570 1531 et-
582 1494 828 1537 Xenoclides,
844 1507 959 1544 penes
974 1508 1067 1544 quos
1083 1503 1164 1533 tum

56 1574 201 1597 summa
219 1573 357 1604 rerum,
378 1560 488 1610 pulso
508 1559 754 1608 Euthymida,
777 1558 954 1595 Chalcide
982 1568 1076 1603 erat,
1098 1573 1164 1597 seu

53 1626 124 1675 ipsi
150 1638 217 1675 per
241 1637 281 1661 se
308 1625 501 1674 suspicati,
523 1637 587 1660 seu
612 1624 778 1659 indicata
804 1636 858 1666 re,
880 1625 1002 1673 primo
1021 1626 1160 1674 pavidi,

53 1689 149 1725 nihil
176 1702 332 1738 usquam
351 1691 443 1739 spei,
470 1690 545 1725 nisi
570 1691 609 1724 in
636 1688 740 1736 fuga,
762 1688 980 1736 ponebant:
1012 1689 1161 1732 deinde,

54 1761 253 1804 postquam
274 1754 411 1790 resedit
431 1760 564 1796 terror,
587 1760 625 1789 et
652 1753 759 1802 prodi
787 1761 823 1787 et
844 1752 963 1788 deseri
991 1765 1070 1788 non
1094 1765 1161 1802 pa-

53 1819 167 1854 triam
184 1819 313 1861 modo,
333 1818 396 1853 sed
416 1818 530 1853 etiam
545 1816 809 1853 Romanorum
830 1817 1064 1859 societatem,
1081 1829 1161 1852 cer·

54 1882 210 1925 nebant,
238 1882 397 1918 consilio
424 1881 491 1917 tali
521 1882 688 1917 animum
718 1880 948 1931 adjecerunt.
1006 1880 1162 1917 Sacrum

53 1948 347 1983 anniversarium
367 1959 412 1982 eo
427 1946 527 1982 forte
546 1954 716 1996 tempore
736 1945 894 1982 Eretriae
915 1946 1161 1994 Amarynthi-

54 2011 108 2046 dis
135 2009 269 2046 Dianae
299 2017 401 2046 erat:
435 2010 534 2058 quod
564 2022 644 2046 non
677 2008 915 2059 popularium
950 2009 1077 2051 modo,
1099 2009 1162 2045 sed

55 2074 316 2123 Carystiorum
340 2075 454 2110 etiam
474 2080 578 2110 coetu
603 2073 826 2109 celebratur.
883 2072 942 2108 Eo
963 2073 1161 2116 miserunt,

52 2139 116 2186 qui
136 2145 289 2173 orarent
316 2137 552 2173 Eretrienses
574 2137 858 2186 Carystiosque,
885 2137 932 2172 Ut
958 2141 992 2172 et
1015 2148 1162 2173 suarum

41 2202 281 2251 fortunarum
300 2203 337 2237 in
355 2202 478 2242 eadem
496 2203 615 2239 insula
627 2203 738 2248 geniti
756 2202 1019 2242 misererentur,
1038 2205 1072 2235 et
1087 2199 1162 2235 Ro-

51 2278 198 2302 manam
218 2268 423 2303 societatem
450 2268 687 2314 respicerent:
714 2278 759 2302 ne
780 2268 934 2301 sinerent
952 2264 1006 2300 AE
1011 2265 1164 2300 colorum

55 2329 258 2367 Chalcidem
265 2331 366 2381 fieri.
422 2330 592 2367 Euboeam
612 2330 807 2374 habituros,
827 2331 855 2366 si
879 2328 1082 2365 Chalcidem
1097 2327 1164 2364 ha-
