1507 2656
254 217 408 247 LIBER
430 214 625 245 xxvxu.
657 214 765 243 cAP.
786 213 978 243 XXVIII.
1089 214 1165 258 123

54 312 246 351 meruerat,
267 319 375 356 quam
393 318 473 342 cum
491 304 690 341 Mandonio
709 308 744 340 et
764 303 914 339 Indibili
935 305 1167 341 consociando

52 374 198 409 consilia
226 371 468 421 prodebatis?
501 369 599 411 Quid
633 369 787 417 populus
823 368 1021 412 Romanus,
1061 381 1168 417 quum

49 439 254 485 imperium,
274 436 436 473 ablatum
456 434 499 471 ab
519 435 668 470 tribunis
685 434 859 483 szffragio
876 435 1005 482 populi
1024 436 1166 477 creatis,

49 502 99 537 acl
126 501 284 537 homines
316 501 480 548 privatos
508 499 720 535 detulistis?
753 510 875 546 quum,
913 510 953 533 eo
986 499 1063 545 ipso
1096 509 1168 534 non

50 567 218 608 contenti,
238 566 268 601 si
283 577 352 613 pro
377 565 526 600 tribunis
550 564 631 601 illos
658 563 844 604 haberetis,
860 561 984 611 fasces
1010 564 1166 612 impera-

51 632 138 667 toris
155 632 262 666 vestri
281 631 330 666 ad
349 642 418 672 eos,
440 629 564 678 quibus
582 641 715 671 servus,
733 630 790 664 cni
811 630 1040 676 imperarent,
1063 641 1166 664 num-

49 694 310 744 quamfaerat,
332 682 517 730 Romanus
535 695 707 729 exercitus
727 694 915 728 ‹lctnlistiffl
963 693 1007 728 In
1032 698 1165 740 praeto-

46 761 100 795 rio
130 760 355 795 tetenderunt
372 758 500 794 Albius
527 763 562 794 et
581 758 708 793 Atrius
722 773 733 792 .·
764 758 951 791 classicum
981 758 1080 803 apud
1109 768 1165 792 eos

48 824 198 858 cecinit:
225 824 365 870 signum
391 822 435 858 ab
456 823 498 858 iis
520 823 674 870 petitum
704 826 778 856 est:
805 821 972 856 sederunt
990 821 1025 855 in
1053 820 1165 855 tribu-

46 887 124 922 nali
157 887 201 922 P.
224 886 429 935 Scipionis:
467 887 571 922 lictor
603 887 803 935 adparuit:
831 885 990 921 submoto
1020 886 1165 920 incesse-

44 955 155 987 runt:
180 949 304 998 fasces
339 963 419 987 cum
460 951 637 987 securibus
676 951 824 999 proelati
859 954 954 986 sunt.
1009 949 1166 997 Lapides

43 1016 180 1064 pluere,
200 1020 236 1051 et
249 1015 417 1064 fulmina
436 1014 516 1062 jaci
535 1016 578 1052 de
597 1016 694 1058 coelo,
716 1020 750 1052 et
770 1017 923 1051 insuetos
937 1014 1054 1064 foetus
1082 1016 1164 1051 ani-

43 1081 156 1116 malia
175 1081 288 1123 edere,
308 1093 368 1116 vos
389 1085 561 1129 portenta
580 1092 649 1116 esse
664 1082 829 1129 putatis:
858 1080 924 1116 hoc
942 1085 993 1116 est
1014 1085 1162 1129 porten-

44 1149 132 1187 tum,
160 1146 255 1193 quod
282 1146 392 1181 nullis
425 1146 558 1188 hostiis,
590 1146 701 1182 nullis
728 1145 1059 1194 supplicationibus,
1086 1147 1163 1182 sine

41 1211 215 1256 sanguine
234 1222 369 1254 eorum,
391 1212 452 1260 qui
472 1215 613 1246 tantum
630 1209 784 1260 facinus
803 1211 883 1247 ausi
906 1215 1002 1254 sunt,
1023 1212 1164 1260 expiari

39 1274 164 1321 possit.
576 1322 581 1327 ι

96 1336 293 1374 XXVIII.
324 1339 445 1386 Atque
463 1351 527 1386 ego
550 1339 785 1387 (quamquam
810 1339 951 1375 nullum
968 1339 1081 1376 scelus
1098 1352 1160 1375 ra-

42 1403 171 1437 tionem
192 1401 311 1448 habet)
337 1407 468 1446 tamen,
489 1408 529 1439 ut
549 1399 582 1439 in
602 1416 640 1439 re
658 1403 816 1452 nefaria,
837 1417 915 1452 qaae
932 1416 1041 1447 mens,
1063 1406 1160 1452 quod

39 1466 225 1501 consilium
245 1471 399 1502 vestrum
414 1466 550 1514 fuerit,
571 1469 660 1503 scire
681 1469 798 1505 velim,
846 1468 1025 1516 Rhegium
1044 1481 1157 1516 quon·

38 1529 125 1565 dam
156 1531 191 1565 in
215 1531 424 1577 praesidium
455 1533 561 1566 missa
591 1532 695 1578 legio,
726 1531 924 1581 interfectis
951 1544 1017 1580 per
1043 1533 1157 1569 scelus

35 1593 258 1641 principibus
277 1595 446 1637 civitatis,
464 1594 583 1631 urbem
603 1596 807 1643 opulentam
825 1608 891 1645 per
906 1598 1025 1633 decem
1044 1610 1156 1634 annos

38 1659 176 1693 tenuit:
201 1662 350 1705 propter
374 1660 467 1706 quod
487 1657 640 1706 facinus
667 1664 742 1695 tota
763 1660 867 1708 legio,
895 1662 1011 1696 millia
1037 1662 1153 1697 homi-

32 1733 117 1756 nurn
138 1727 304 1769 qzcatuor,
327 1723 361 1757 in
370 1721 460 1770 foro
481 1723 606 1759 Romoe
624 1725 740 1760 securi
753 1726 911 1772 percussi
930 1729 1022 1761 sunt.
1077 1725 1152 1760 Sed

34 1785 90 1819 illi
106 1787 279 1832 primum,
308 1797 376 1820 non
394 1787 539 1822 Atrium
567 1787 737 1824 Umbrum
762 1788 975 1830 semitarum,
998 1789 1151 1824 nominis

33 1850 143 1884 etiam
171 1849 400 1886 abominandi
426 1851 563 1894 ducem,
591 1852 651 1887 sed
670 1853 825 1888 Decium
853 1852 1052 1888 Jubellium
1082 1855 1149 1889 tri-

32 1912 159 1949 bunum
182 1914 334 1949 miiitum
358 1916 467 1950 secuti
492 1920 599 1951 sunt:
628 1927 690 1951 nec
709 1929 786 1952 cum
809 1917 962 1964 Pyrrho,
984 1929 1047 1952 nec
1067 1929 1148 1953 curn

33 1977 255 2013 Samnitibus
287 1983 352 2014 aut
379 1979 551 2023 Lucanis,
580 1979 735 2016 hostibus
756 1981 885 2028 populi
914 1981 1082 2024 Romani,
1110 1994 1146 2017 se

31 2040 312 2087 conjunxerunt:
341 2056 401 2080 cos
430 2057 508 2080 cum
539 2044 740 2080 Mandonio
769 2050 804 2080 ct
825 2045 969 2081 Indibili
999 2048 1145 2082 consilia

30 2109 326 2149 communicastis,
348 2113 383 2144 et
401 2121 505 2144 arma
525 2111 762 2145 consociaturi
771 2109 910 2158 fuistis.
961 2111 1036 2152 Illi,
1054 2113 1144 2147 sicut

31 2169 208 2218 Campani
235 2171 411 2219 Capuam,
446 2174 567 2209 Tuscis
598 2174 770 2209 veteribus
798 2175 989 2210 cultoribus
1018 2177 1141 2211 zulem-

29 2239 117 2276 tam,
137 2234 347 2272 Mamertini
368 2239 404 2272 in
425 2238 553 2274 Sicilia
577 2238 792 2280 Messanam,
810 2241 859 2274 sic
878 2238 1052 2286 Rhegium
1075 2240 1139 2275 ha-

29 2298 136 2333 bituri
161 2305 371 2348 perpetuam
403 2303 519 2338 sedem
552 2307 677 2345 erant5
709 2315 770 2338 nec
797 2304 967 2351 populum
1003 2303 1141 2339 Roma·

29 2373 126 2403 num,
148 2374 211 2398 nec
234 2366 344 2400 socios
369 2367 499 2414 populi
519 2365 675 2402 Romani
706 2368 801 2402 ultro
822 2367 1017 2403 lacessituri
1036 2369 1138 2404 bello.

29 2425 266 2467 Sucronemne
287 2442 344 2467 cos
364 2432 583 2469 domicilium
612 2431 765 2469 habituri
785 2434 893 2468 eratis
906 2435 928 2468 ,θ’
961 2434 1014 2469 ubi
1034 2436 1061 2470 si
1083 2446 1140 2471 vos

551 2496 585 2530 G
607 2496 628 2531 2

1181 310 1223 342 U.
1233 310 1271 343 C.
1288 318 1361 344 546⁷

1179 355 1219 384 A.
1234 354 1271 387 C.
1287 361 1364 388 206.
