1523 2666
311 327 379 379 T.
420 326 632 379 LIVII
683 326 1100 378 PATAVINI

505 475 569 512 LI
578 474 700 512 BER
736 475 912 513 XXVII.

149 749 307 830 HIC
328 754 447 786 status
467 759 592 785 rerum
612 745 810 797 Hispaniae
831 752 923 783 erat.
971 746 1018 783 In
1037 746 1153 785 Italia
1172 760 1266 786 con·
1278 760 1370 792 uc,
1389 770 1459 794 542<

271 813 328 851 sul
342 812 560 856 Marcellus,
579 811 730 862 Salapia
745 824 812 861 per
824 811 1084 862 proditionem
1098 819 1264 864 recepta,

144 879 371 917 Maroneam
391 883 429 914 et
446 876 567 913 Meles
584 877 630 913 de
650 875 882 912 Samnitibus
900 876 935 912 vi
955 877 1068 927 cepit.
1110 877 1171 914 Ad
1192 879 1266 915 tria

145 942 265 980 millia
288 941 451 978 militum
480 940 534 976 ibi
563 939 808 983 Hannibalis,
829 953 912 989 quae
939 939 1103 990 praesidii
1131 953 1266 978 caussa

146 1006 280 1043 relicta
304 1010 425 1047 erant,
447 1003 639 1054 obpressa.
687 1003 819 1039 Praeda
843 1005 900 1051 (et
926 1003 1164 1052 aliquantum
1184 1004 1265 1055 ejus

145 1070 236 1119 fuit)
264 1069 377 1106 militi
413 1080 614 1104 concessa:
647 1068 765 1104 tritici
792 1080 943 1117 quoque
977 1068 1141 1105 ducenta
1172 1082 1266 1119 qua-

145 1136 322 1184 draginta
336 1132 454 1170 millia
469 1132 653 1175 modium,
664 1139 706 1168 et
722 1138 875 1168 centum
894 1129 1023 1169 decem
1040 1130 1159 1170 millia
1175 1134 1266 1171 hor-

142 1200 205 1236 dei
225 1199 390 1235 inventa.
448 1198 626 1233 Ceterum
646 1210 885 1247 nequaquam
901 1197 987 1233 inde
1006 1203 1156 1234 tantum
1172 1211 1265 1248 gau-

145 1264 248 1300 dium
266 1262 353 1305 fuit,
382 1267 523 1310 quanta
550 1260 673 1297 clades
704 1261 803 1297 intra
832 1274 973 1312 paucos
1000 1261 1078 1298 dies
1108 1269 1265 1313 accepta

143 1334 214 1371 est,
234 1327 336 1363 haud
354 1325 488 1376 procul
506 1325 552 1361 ab
574 1325 783 1362 Herdonea
810 1326 914 1363 urbe.
963 1327 1099 1363 Castra
1117 1327 1170 1365 ibi
1191 1327 1262 1365 Cn.

143 1391 296 1428 Fulvius
334 1389 539 1441 proconsul
576 1390 758 1433 habebat,
797 1403 863 1440 spe
900 1392 1124 1441 recipiendae
1162 1392 1262 1429 Her-

141 1456 288 1497 doneae,
319 1467 401 1502 quae
430 1460 518 1503 post
548 1453 789 1490 Cannensem
823 1454 968 1490 cladem
998 1455 1045 1491 ab
1075 1455 1261 1494 Romanis

141 1519 344 1561 defecerat,
365 1530 435 1554 nec
461 1517 547 1553 loco
577 1518 667 1554 satis
695 1524 780 1554 tuto
809 1520 948 1568 posita,
980 1532 1049 1555 nec
1078 1522 1261 1570 praesidiis

141 1584 300 1620 firmata.
356 1581 644 1630 Negligentiam
671 1583 824 1618 insitam
845 1584 1000 1632 ingenio
1021 1584 1123 1620 ducis
1144 1598 1260 1636 auge-

139 1647 207 1685 bat
226 1659 309 1698 spes
337 1659 394 1689 ea,
416 1646 516 1695 quod
543 1646 672 1683 labare
698 1648 742 1683 iis
771 1648 944 1684 adversus
966 1648 1127 1685 Poenum
1148 1650 1260 1688 fidem

139 1718 321 1753 senserat,
348 1717 564 1760 postquam,
593 1711 743 1762 Salapia
773 1713 924 1755 amissa,
963 1716 1167 1751 excessisse
1200 1716 1259 1752 his

138 1775 231 1812 locis
250 1777 289 1812 in
309 1775 481 1811 Bruttios
504 1775 760 1813 Hannibalem
781 1778 950 1813 auditum
973 1785 1041 1814 est.
1099 1779 1158 1815 Ea
1174 1792 1257 1817 om-

137 1840 214 1883 nia,
236 1838 282 1875 ab
303 1838 508 1875 Herdonea
535 1853 600 1889 per
619 1839 789 1877 occultos
814 1842 973 1878 nuncios
993 1841 1119 1879 delata
1144 1843 1257 1880 Han-

136 1902 268 1946 nibali,
290 1902 401 1938 simul
427 1916 555 1939 curam
581 1905 693 1940 soeiae
719 1907 925 1942 retinendae
949 1906 1066 1950 urbis,
1088 1913 1124 1943 et
1152 1921 1258 1959 spem

134 1965 258 2003 fecere
290 1967 485 2002 incautum
514 1967 663 2003 hostem
696 1969 961 2017 adgrediendi:
995 1972 1163 2007 exercitu
1189 1985 1254 2010 ex·

134 2030 278 2082 pedite,
299 2031 354 2067 ita
379 2038 420 2066 ut
439 2031 578 2067 famam
605 2045 725 2082 prope
753 2035 993 2083 praeveniret,
1015 2036 1163 2084 magnis
1191 2038 1253 2073 iti.

136 2095 287 2131 neribus
314 2096 361 2132 ad
387 2096 631 2133 Herdoneam
659 2099 871 2141 contendit,
894 2106 944 2143 et,
967 2113 1043 2148 quo
1070 2099 1152 2150 plus
1177 2106 1252 2137 ter-

136 2158 230 2194 roris
259 2159 361 2195 hosti
390 2158 586 2210 objiceret,
618 2162 698 2197 acie
728 2163 914 2199 instructa
951 2164 1122 2199 accessit.
1180 2164 1256 2201 Par

134 2222 294 2260 audacia
318 2223 530 2268 Romanus,
558 2225 718 2262 consilio
749 2233 787 2263 et
813 2227 954 2264 viribus
984 2228 1105 2277 inpar,
1134 2229 1254 2278 copiis

134 2286 274 2337 raptim
292 2288 450 2334 eductis,
467 2289 639 2328 conflixit
654 2304 661 2325 ι
695 2291 829 2339 quinta
847 2291 948 2342 legio
965 2297 1003 2328 et
1022 2292 1176 2330 sinistra
1194 2291 1255 2330 alt

654 2355 690 2392 B
707 2356 732 2392 2

1281 804 1319 835 A.
1332 805 1369 837 C.
1387 813 1459 838 210.

1276 1337 1337 1368 Cn.
1347 1337 1372 1368 F
1373 1337 1479 1371 ulvius

1276 1382 1316 1411 ab
1332 1380 1459 1413 Hanni-

1276 1424 1347 1455 bale
1361 1427 1464 1457 victus

1275 1469 1314 1499 ad
1332 1467 1455 1500 Herdo-

1275 1520 1384 1543 neam.
