<?xml version="1.0" encoding="UTF-8"?>
<!DOCTYPE html PUBLIC "-//W3C//DTD XHTML 1.0 Transitional//EN"
    "http://www.w3.org/TR/xhtml1/DTD/xhtml1-transitional.dtd">
<html xmlns="http://www.w3.org/1999/xhtml" xml:lang="en" lang="en">
 <head>
  <title>
</title>
<meta http-equiv="Content-Type" content="text/html;charset=utf-8" />
  <meta name='ocr-system' content='tesseract 3.04.00' />
  <meta name='ocr-capabilities' content='ocr_page ocr_carea ocr_par ocr_line ocrx_word'/>
</head>
<body>
  <div class='ocr_page' id='page_1' title='image "./historiarumquaes03livyuoft/historiarumquaes03livyuoft_0379.png"; bbox 0 0 1507 2656; ppageno 0'>
   <div class='ocr_carea' id='block_1_1' title="bbox 320 217 1214 273">
    <p class='ocr_par' dir='ltr' id='par_1_1' title="bbox 320 217 1214 273">
     <span class='ocr_line' id='line_1_1' title="bbox 320 217 1214 273; baseline -0.004 -11"><span class='ocrx_word' id='word_1_1' title='bbox 320 232 476 262; x_wconf 70' lang='lat' dir='ltr'><strong>mmm</strong></span> <span class='ocrx_word' id='word_1_2' title='bbox 499 228 667 258; x_wconf 79' lang='lat' dir='ltr'><strong>xxxii.</strong></span> <span class='ocrx_word' id='word_1_3' title='bbox 701 226 808 256; x_wconf 76' lang='lat' dir='ltr'><strong>cAP.</strong></span> <span class='ocrx_word' id='word_1_4' title='bbox 831 228 1002 258; x_wconf 80' lang='lat' dir='ltr'><strong>xxxu.</strong></span> <span class='ocrx_word' id='word_1_5' title='bbox 1131 217 1214 273; x_wconf 80' lang='lat'><strong>369</strong></span> 
     </span>
    </p>
   </div>
   <div class='ocr_carea' id='block_1_2' title="bbox 4 316 1412 1140">
    <p class='ocr_par' dir='ltr' id='par_1_2' title="bbox 4 316 1412 884">
     <span class='ocr_line' id='line_1_2' title="bbox 100 316 1412 367; baseline -0.005 -8"><span class='ocrx_word' id='word_1_6' title='bbox 100 334 279 359; x_wconf 82' lang='lat' dir='ltr'><strong>censum:</strong></span> <span class='ocrx_word' id='word_1_7' title='bbox 312 321 398 357; x_wconf 88' lang='lat' dir='ltr'><strong>inde</strong></span> <span class='ocrx_word' id='word_1_8' title='bbox 436 321 475 355; x_wconf 90' lang='lat' dir='ltr'><strong>in</strong></span> <span class='ocrx_word' id='word_1_9' title='bbox 509 317 731 367; x_wconf 81' lang='lat' dir='ltr'><strong>Ligustinos</strong></span> <span class='ocrx_word' id='word_1_10' title='bbox 762 316 918 359; x_wconf 83' lang='lat' dir='ltr'>Ilvates,</span> <span class='ocrx_word' id='word_1_11' title='bbox 948 317 1012 366; x_wconf 86' lang='lat' dir='ltr'><strong>qui</strong></span> <span class='ocrx_word' id='word_1_12' title='bbox 1035 316 1106 353; x_wconf 90' lang='lat' dir='ltr'><strong>soli</strong></span> <span class='ocrx_word' id='word_1_13' title='bbox 1137 331 1213 354; x_wconf 91' lang='lat' dir='ltr'><strong>non</strong></span> <span class='ocrx_word' id='word_1_14' title='bbox 1230 323 1269 353; x_wconf 85' lang='lat' dir='ltr'><strong>U.</strong></span> <span class='ocrx_word' id='word_1_15' title='bbox 1284 323 1320 354; x_wconf 89' lang='lat' dir='ltr'><strong>C.</strong></span> <span class='ocrx_word' id='word_1_16' title='bbox 1339 330 1412 354; x_wconf 76' lang='lat'><strong>555.</strong></span> 
     </span>
     <span class='ocr_line' id='line_1_3' title="bbox 100 367 1410 436; baseline -0.005 -13"><span class='ocrx_word' id='word_1_17' title='bbox 100 386 298 436; x_wconf 87' lang='lat' dir='ltr'><strong>parebant,</strong></span> <span class='ocrx_word' id='word_1_18' title='bbox 319 385 486 434; x_wconf 86' lang='lat' dir='ltr'><strong>legiones</strong></span> <span class='ocrx_word' id='word_1_19' title='bbox 508 384 643 419; x_wconf 82' lang='lat' dir='ltr'><strong>ductae.</strong></span> <span class='ocrx_word' id='word_1_20' title='bbox 699 382 758 418; x_wconf 87' lang='lat' dir='ltr'><strong>Ea</strong></span> <span class='ocrx_word' id='word_1_21' title='bbox 778 394 929 431; x_wconf 85' lang='lat' dir='ltr'><strong>quoque</strong></span> <span class='ocrx_word' id='word_1_22' title='bbox 953 394 1063 430; x_wconf 86' lang='lat' dir='ltr'><strong>gens,</strong></span> <span class='ocrx_word' id='word_1_23' title='bbox 1085 388 1127 418; x_wconf 88' lang='lat' dir='ltr'><strong>ut</strong></span> <span class='ocrx_word' id='word_1_24' title='bbox 1147 381 1213 418; x_wconf 83' lang='lat' dir='ltr'><strong>In-</strong></span> <span class='ocrx_word' id='word_1_25' title='bbox 1226 368 1266 399; x_wconf 77' lang='lat' dir='ltr'><strong>A&#39;</strong></span> <span class='ocrx_word' id='word_1_26' title='bbox 1283 367 1317 397; x_wconf 77' lang='lat' dir='ltr'><strong>C·</strong></span> <span class='ocrx_word' id='word_1_27' title='bbox 1338 373 1410 401; x_wconf 72' lang='lat'><strong>²9⁷⁸</strong></span> 
     </span>
     <span class='ocr_line' id='line_1_4' title="bbox 102 447 1213 496; baseline -0.005 -10"><span class='ocrx_word' id='word_1_28' title='bbox 102 451 231 486; x_wconf 85' lang='lat' dir='ltr'><strong>subres</strong></span> <span class='ocrx_word' id='word_1_29' title='bbox 252 451 331 486; x_wconf 86' lang='lat' dir='ltr'><strong>acie</strong></span> <span class='ocrx_word' id='word_1_30' title='bbox 350 450 484 491; x_wconf 89' lang='lat' dir='ltr'><strong>victos,</strong></span> <span class='ocrx_word' id='word_1_31' title='bbox 505 448 642 490; x_wconf 89' lang='lat' dir='ltr'><strong>Boios,</strong></span> <span class='ocrx_word' id='word_1_32' title='bbox 663 447 718 482; x_wconf 87' lang='lat' dir='ltr'><strong>ita</strong></span> <span class='ocrx_word' id='word_1_33' title='bbox 737 452 778 482; x_wconf 90' lang='lat' dir='ltr'><strong>ut</strong></span> <span class='ocrx_word' id='word_1_34' title='bbox 799 452 946 482; x_wconf 79' lang='lat' dir='ltr'><strong>tentare</strong></span> <span class='ocrx_word' id='word_1_35' title='bbox 966 458 1071 496; x_wconf 87' lang='lat' dir='ltr'><strong>spem</strong></span> <span class='ocrx_word' id='word_1_36' title='bbox 1092 452 1213 482; x_wconf 84' lang='lat' dir='ltr'><strong>certa-</strong></span> 
     </span>
     <span class='ocr_line' id='line_1_5' title="bbox 100 511 1214 555; baseline -0.003 -5"><span class='ocrx_word' id='word_1_37' title='bbox 100 515 211 550; x_wconf 83' lang='lat' dir='ltr'>minis</span> <span class='ocrx_word' id='word_1_38' title='bbox 231 520 456 555; x_wconf 86' lang='lat' dir='ltr'><strong>metuerent,</strong></span> <span class='ocrx_word' id='word_1_39' title='bbox 476 513 629 548; x_wconf 83' lang='lat' dir='ltr'><strong>territos</strong></span> <span class='ocrx_word' id='word_1_40' title='bbox 654 512 811 554; x_wconf 84' lang='lat' dir='ltr'><strong>audivit,</strong></span> <span class='ocrx_word' id='word_1_41' title='bbox 832 511 869 547; x_wconf 91' lang='lat' dir='ltr'><strong>in</strong></span> <span class='ocrx_word' id='word_1_42' title='bbox 895 511 1077 546; x_wconf 81' lang='lat' dir='ltr'>ditionem</span> <span class='ocrx_word' id='word_1_43' title='bbox 1097 511 1214 547; x_wconf 87' lang='lat' dir='ltr'><strong>venit.</strong></span> 
     </span>
     <span class='ocr_line' id='line_1_6' title="bbox 4 573 1214 626; baseline -0.001 -15"><span class='ocrx_word' id='word_1_44' title='bbox 4 597 5 611; x_wconf 61' lang='lat' dir='ltr'><strong>l</strong></span> <span class='ocrx_word' id='word_1_45' title='bbox 101 577 242 613; x_wconf 79' lang='lat' dir='ltr'><strong>Literae</strong></span> <span class='ocrx_word' id='word_1_46' title='bbox 273 576 470 613; x_wconf 85' lang='lat' dir='ltr'><strong>consulum</strong></span> <span class='ocrx_word' id='word_1_47' title='bbox 500 589 520 612; x_wconf 85' lang='lat' dir='ltr'>a</span> <span class='ocrx_word' id='word_1_48' title='bbox 552 575 679 612; x_wconf 80' lang='lat' dir='ltr'><strong>Gallia</strong></span> <span class='ocrx_word' id='word_1_49' title='bbox 712 575 756 611; x_wconf 90' lang='lat' dir='ltr'><strong>de</strong></span> <span class='ocrx_word' id='word_1_50' title='bbox 790 575 906 624; x_wconf 87' lang='lat' dir='ltr'><strong>gestis</strong></span> <span class='ocrx_word' id='word_1_51' title='bbox 935 587 1114 626; x_wconf 81' lang='lat' dir='ltr'><strong>prospere</strong></span> <span class='ocrx_word' id='word_1_52' title='bbox 1145 573 1214 611; x_wconf 88' lang='lat' dir='ltr'><strong>sub</strong></span> 
     </span>
     <span class='ocr_line' id='line_1_7' title="bbox 5 640 1215 693; baseline -0.002 -14"><span class='ocrx_word' id='word_1_53' title='bbox 5 653 6 674; x_wconf 61' lang='lat' dir='ltr'><strong>l</strong></span> <span class='ocrx_word' id='word_1_54' title='bbox 101 642 200 679; x_wconf 81' lang='lat' dir='ltr'><strong>idem</strong></span> <span class='ocrx_word' id='word_1_55' title='bbox 229 649 377 693; x_wconf 86' lang='lat' dir='ltr'><strong>tempus</strong></span> <span class='ocrx_word' id='word_1_56' title='bbox 410 641 576 678; x_wconf 84' lang='lat' dir='ltr'>Romam</span> <span class='ocrx_word' id='word_1_57' title='bbox 610 641 759 678; x_wconf 82' lang='lat' dir='ltr'><strong>adlatae.</strong></span> <span class='ocrx_word' id='word_1_58' title='bbox 815 640 873 678; x_wconf 85' lang='lat' dir='ltr'><strong>M.</strong></span> <span class='ocrx_word' id='word_1_59' title='bbox 893 641 1048 690; x_wconf 87' lang='lat' dir='ltr'><strong>Sergius</strong></span> <span class='ocrx_word' id='word_1_60' title='bbox 1074 646 1215 691; x_wconf 82' lang='lat' dir='ltr'><strong>praetor</strong></span> 
     </span>
     <span class='ocr_line' id='line_1_8' title="bbox 101 705 1216 749; baseline -0.002 -6"><span class='ocrx_word' id='word_1_61' title='bbox 101 707 204 743; x_wconf 85' lang='lat' dir='ltr'><strong>urbis</strong></span> <span class='ocrx_word' id='word_1_62' title='bbox 231 708 269 743; x_wconf 91' lang='lat' dir='ltr'><strong>in</strong></span> <span class='ocrx_word' id='word_1_63' title='bbox 301 713 432 743; x_wconf 89' lang='lat' dir='ltr'><strong>senatu</strong></span> <span class='ocrx_word' id='word_1_64' title='bbox 461 719 537 749; x_wconf 84' lang='lat' dir='ltr'><strong>eas,</strong></span> <span class='ocrx_word' id='word_1_65' title='bbox 559 707 694 742; x_wconf 89' lang='lat' dir='ltr'><strong>deinde</strong></span> <span class='ocrx_word' id='word_1_66' title='bbox 721 719 767 742; x_wconf 80' lang='lat' dir='ltr'><strong>ex</strong></span> <span class='ocrx_word' id='word_1_67' title='bbox 796 706 1023 742; x_wconf 83' lang='lat' dir='ltr'><strong>auctoritate</strong></span> <span class='ocrx_word' id='word_1_68' title='bbox 1058 705 1216 742; x_wconf 83' lang='lat' dir='ltr'><strong>Patrum</strong></span> 
     </span>
     <span class='ocr_line' id='line_1_9' title="bbox 102 769 1216 821; baseline -0.002 -14"><span class='ocrx_word' id='word_1_69' title='bbox 102 771 150 807; x_wconf 85' lang='lat' dir='ltr'><strong>ad</strong></span> <span class='ocrx_word' id='word_1_70' title='bbox 183 770 363 821; x_wconf 86' lang='lat' dir='ltr'><strong>populum</strong></span> <span class='ocrx_word' id='word_1_71' title='bbox 398 771 594 806; x_wconf 87' lang='lat' dir='ltr'><strong>recitavit:</strong></span> <span class='ocrx_word' id='word_1_72' title='bbox 636 769 864 820; x_wconf 81' lang='lat' dir='ltr'>supplicatio</span> <span class='ocrx_word' id='word_1_73' title='bbox 899 770 938 805; x_wconf 87' lang='lat' dir='ltr'><strong>in</strong></span> <span class='ocrx_word' id='word_1_74' title='bbox 975 769 1216 818; x_wconf 82' lang='lat' dir='ltr'><strong>quatriduum</strong></span> 
     </span>
     <span class='ocr_line' id='line_1_10' title="bbox 102 833 922 884; baseline -0.001 -14"><span class='ocrx_word' id='word_1_75' title='bbox 102 835 265 870; x_wconf 87' lang='lat' dir='ltr'><strong>decreta.</strong></span> <span class='ocrx_word' id='word_1_76' title='bbox 323 834 456 870; x_wconf 81' lang='lat' dir='ltr'>Hiems</span> <span class='ocrx_word' id='word_1_77' title='bbox 470 833 553 884; x_wconf 85' lang='lat' dir='ltr'><strong>jam</strong></span> <span class='ocrx_word' id='word_1_78' title='bbox 573 847 618 870; x_wconf 88' lang='lat' dir='ltr'><strong>eo</strong></span> <span class='ocrx_word' id='word_1_79' title='bbox 639 841 809 884; x_wconf 86' lang='lat' dir='ltr'><strong>tempore</strong></span> <span class='ocrx_word' id='word_1_80' title='bbox 831 839 922 870; x_wconf 85' lang='lat' dir='ltr'><strong>erat.</strong></span> 
     </span>
    </p>

    <p class='ocr_par' dir='ltr' id='par_1_3' title="bbox 101 896 1219 1140">
     <span class='ocr_line' id='line_1_11' title="bbox 156 896 1219 947; baseline -0.001 -14"><span class='ocrx_word' id='word_1_81' title='bbox 156 898 336 934; x_wconf 86' lang='lat' dir='ltr'>XXXII.</span> <span class='ocrx_word' id='word_1_82' title='bbox 369 899 500 935; x_wconf 76' lang='lat' dir='ltr'><strong>Quum</strong></span> <span class='ocrx_word' id='word_1_83' title='bbox 530 898 575 935; x_wconf 87' lang='lat' dir='ltr'><strong>T.</strong></span> <span class='ocrx_word' id='word_1_84' title='bbox 596 898 816 941; x_wconf 85' lang='lat' dir='ltr'><strong>Quinctius,</strong></span> <span class='ocrx_word' id='word_1_85' title='bbox 851 903 964 947; x_wconf 82' lang='lat' dir='ltr'><strong>capta</strong></span> <span class='ocrx_word' id='word_1_86' title='bbox 998 896 1140 941; x_wconf 80' lang='lat' dir='ltr'><strong>Elatia,</strong></span> <span class='ocrx_word' id='word_1_87' title='bbox 1178 897 1219 933; x_wconf 85' lang='lat' dir='ltr'><strong>in</strong></span> 
     </span>
     <span class='ocr_line' id='line_1_12' title="bbox 102 961 1216 1012; baseline 0 -15"><span class='ocrx_word' id='word_1_88' title='bbox 102 961 269 997; x_wconf 80' lang='lat' dir='ltr'><strong>Phocide</strong></span> <span class='ocrx_word' id='word_1_89' title='bbox 307 975 349 998; x_wconf 83' lang='lat' dir='ltr'><strong>ac</strong></span> <span class='ocrx_word' id='word_1_90' title='bbox 386 962 551 998; x_wconf 81' lang='lat' dir='ltr'><strong>Locride</strong></span> <span class='ocrx_word' id='word_1_91' title='bbox 601 962 761 998; x_wconf 81' lang='lat' dir='ltr'><strong>hiberna</strong></span> <span class='ocrx_word' id='word_1_92' title='bbox 808 962 995 1012; x_wconf 78' lang='lat' dir='ltr'><strong>disposita</strong></span> <span class='ocrx_word' id='word_1_93' title='bbox 1044 961 1216 1004; x_wconf 77' lang='lat' dir='ltr'><strong>haberet,</strong></span> 
     </span>
     <span class='ocr_line' id='line_1_13' title="bbox 102 1025 1219 1075; baseline -0.001 -14"><span class='ocrx_word' id='word_1_94' title='bbox 102 1025 256 1075; x_wconf 87' lang='lat' dir='ltr'><strong>Opunte</strong></span> <span class='ocrx_word' id='word_1_95' title='bbox 283 1027 419 1062; x_wconf 82' lang='lat' dir='ltr'><strong>seditio</strong></span> <span class='ocrx_word' id='word_1_96' title='bbox 453 1033 537 1062; x_wconf 82' lang='lat' dir='ltr'><strong>orta</strong></span> <span class='ocrx_word' id='word_1_97' title='bbox 564 1033 633 1063; x_wconf 77' lang='lat' dir='ltr'><strong>est.</strong></span> <span class='ocrx_word' id='word_1_98' title='bbox 690 1026 825 1062; x_wconf 85' lang='lat' dir='ltr'><strong>Factio</strong></span> <span class='ocrx_word' id='word_1_99' title='bbox 857 1039 930 1062; x_wconf 84' lang='lat' dir='ltr'><strong>una</strong></span> <span class='ocrx_word' id='word_1_100' title='bbox 950 1025 1122 1069; x_wconf 85' lang='lat' dir='ltr'><strong>AEtolos,</strong></span> <span class='ocrx_word' id='word_1_101' title='bbox 1154 1026 1219 1074; x_wconf 83' lang='lat' dir='ltr'><strong>qui</strong></span> 
     </span>
     <span class='ocr_line' id='line_1_14' title="bbox 101 1089 1219 1140; baseline 0 -15"><span class='ocrx_word' id='word_1_102' title='bbox 101 1091 296 1140; x_wconf 81' lang='lat' dir='ltr'><strong>propiores</strong></span> <span class='ocrx_word' id='word_1_103' title='bbox 318 1096 448 1135; x_wconf 78' lang='lat' dir='ltr'><strong>erant3</strong></span> <span class='ocrx_word' id='word_1_104' title='bbox 473 1089 590 1126; x_wconf 83' lang='lat' dir='ltr'><strong>altera</strong></span> <span class='ocrx_word' id='word_1_105' title='bbox 607 1089 808 1126; x_wconf 85' lang='lat' dir='ltr'><strong>Romanos</strong></span> <span class='ocrx_word' id='word_1_106' title='bbox 830 1089 1056 1126; x_wconf 83' lang='lat' dir='ltr'><strong>arcessebat.</strong></span> <span class='ocrx_word' id='word_1_107' title='bbox 1093 1089 1219 1125; x_wconf 82' lang='lat' dir='ltr'><strong>AEtoli</strong></span> 
     </span>
    </p>
   </div>
   <div class='ocr_carea' id='block_1_3' title="bbox 0 450 4 971">
    <p class='ocr_par' dir='ltr' id='par_1_4' title="bbox 0 450 4 971">
     <span class='ocr_line' id='line_1_15' title="bbox 0 450 4 971; baseline 0 0"><span class='ocrx_word' id='word_1_108' title='bbox 0 450 4 971; x_wconf 95' lang='lat' dir='ltr'><strong> </strong></span> 
     </span>
    </p>
   </div>
   <div class='ocr_carea' id='block_1_4' title="bbox 98 1154 1401 2364">
    <p class='ocr_par' dir='ltr' id='par_1_5' title="bbox 98 1154 1401 2364">
     <span class='ocr_line' id='line_1_16' title="bbox 100 1154 1217 1206; baseline -0.001 -14"><span class='ocrx_word' id='word_1_109' title='bbox 100 1156 244 1206; x_wconf 86' lang='lat' dir='ltr'><strong>priores</strong></span> <span class='ocrx_word' id='word_1_110' title='bbox 281 1162 488 1192; x_wconf 78' lang='lat' dir='ltr'><strong>venerunt:</strong></span> <span class='ocrx_word' id='word_1_111' title='bbox 529 1156 595 1192; x_wconf 89' lang='lat' dir='ltr'><strong>sed</strong></span> <span class='ocrx_word' id='word_1_112' title='bbox 631 1155 850 1206; x_wconf 83' lang='lat' dir='ltr'><strong>opulentior</strong></span> <span class='ocrx_word' id='word_1_113' title='bbox 886 1155 1021 1198; x_wconf 86' lang='lat' dir='ltr'><strong>factio,</strong></span> <span class='ocrx_word' id='word_1_114' title='bbox 1056 1154 1217 1191; x_wconf 81' lang='lat' dir='ltr'><strong>exclusis</strong></span> 
     </span>
     <span class='ocr_line' id='line_1_17' title="bbox 101 1220 1217 1271; baseline 0 -14"><span class='ocrx_word' id='word_1_115' title='bbox 101 1221 258 1265; x_wconf 85' lang='lat' dir='ltr'><strong>AEtolis,</strong></span> <span class='ocrx_word' id='word_1_116' title='bbox 279 1222 470 1271; x_wconf 86' lang='lat' dir='ltr'><strong>missoque</strong></span> <span class='ocrx_word' id='word_1_117' title='bbox 496 1221 542 1257; x_wconf 77' lang='lat' dir='ltr'><strong>ad</strong></span> <span class='ocrx_word' id='word_1_118' title='bbox 574 1222 842 1271; x_wconf 81' lang='lat' dir='ltr'><strong>imperatorem</strong></span> <span class='ocrx_word' id='word_1_119' title='bbox 871 1220 1092 1257; x_wconf 83' lang='lat' dir='ltr'><strong>Romanum</strong></span> <span class='ocrx_word' id='word_1_120' title='bbox 1119 1234 1217 1257; x_wconf 90' lang='lat' dir='ltr'><strong>nun-</strong></span> 
     </span>
     <span class='ocr_line' id='line_1_18' title="bbox 101 1284 1220 1336; baseline 0.001 -15"><span class='ocrx_word' id='word_1_121' title='bbox 101 1286 174 1329; x_wconf 88' lang='lat' dir='ltr'><strong>cio,</strong></span> <span class='ocrx_word' id='word_1_122' title='bbox 200 1299 316 1335; x_wconf 87' lang='lat' dir='ltr'><strong>usque</strong></span> <span class='ocrx_word' id='word_1_123' title='bbox 342 1287 381 1322; x_wconf 91' lang='lat' dir='ltr'><strong>in</strong></span> <span class='ocrx_word' id='word_1_124' title='bbox 405 1287 608 1322; x_wconf 80' lang='lat' dir='ltr'><strong>adventum</strong></span> <span class='ocrx_word' id='word_1_125' title='bbox 628 1284 708 1336; x_wconf 88' lang='lat' dir='ltr'><strong>ejus</strong></span> <span class='ocrx_word' id='word_1_126' title='bbox 729 1286 858 1322; x_wconf 87' lang='lat' dir='ltr'><strong>tenuit</strong></span> <span class='ocrx_word' id='word_1_127' title='bbox 880 1285 1023 1323; x_wconf 88' lang='lat' dir='ltr'><strong>urbem.</strong></span> <span class='ocrx_word' id='word_1_128' title='bbox 1079 1287 1220 1323; x_wconf 87' lang='lat' dir='ltr'><strong>Arcem</strong></span> 
     </span>
     <span class='ocr_line' id='line_1_19' title="bbox 101 1351 1219 1402; baseline 0 -15"><span class='ocrx_word' id='word_1_129' title='bbox 101 1351 247 1399; x_wconf 87' lang='lat' dir='ltr'><strong>regium</strong></span> <span class='ocrx_word' id='word_1_130' title='bbox 274 1351 428 1388; x_wconf 83' lang='lat' dir='ltr'><strong>tenebat</strong></span> <span class='ocrx_word' id='word_1_131' title='bbox 455 1352 693 1402; x_wconf 71' lang='lat' dir='ltr'><strong>praesidium:</strong></span> <span class='ocrx_word' id='word_1_132' title='bbox 725 1364 862 1401; x_wconf 85' lang='lat' dir='ltr'><strong>neque,</strong></span> <span class='ocrx_word' id='word_1_133' title='bbox 885 1358 927 1387; x_wconf 89' lang='lat' dir='ltr'><strong>ut</strong></span> <span class='ocrx_word' id='word_1_134' title='bbox 950 1351 1219 1388; x_wconf 83' lang='lat' dir='ltr'><strong>descenderent</strong></span> 
     </span>
     <span class='ocr_line' id='line_1_20' title="bbox 100 1414 1219 1465; baseline 0.001 -15"><span class='ocrx_word' id='word_1_135' title='bbox 100 1414 202 1457; x_wconf 86' lang='lat' dir='ltr'><strong>inde,</strong></span> <span class='ocrx_word' id='word_1_136' title='bbox 224 1421 289 1450; x_wconf 83' lang='lat' dir='ltr'><strong>aut</strong></span> <span class='ocrx_word' id='word_1_137' title='bbox 315 1414 573 1465; x_wconf 81' lang='lat' dir='ltr'><strong>Opuntiorum</strong></span> <span class='ocrx_word' id='word_1_138' title='bbox 603 1415 731 1458; x_wconf 88' lang='lat' dir='ltr'><strong>minis,</strong></span> <span class='ocrx_word' id='word_1_139' title='bbox 753 1422 819 1451; x_wconf 88' lang='lat' dir='ltr'><strong>aut</strong></span> <span class='ocrx_word' id='word_1_140' title='bbox 846 1415 1074 1452; x_wconf 82' lang='lat' dir='ltr'><strong>auctoritate</strong></span> <span class='ocrx_word' id='word_1_141' title='bbox 1100 1416 1219 1465; x_wconf 81' lang='lat' dir='ltr'><strong>irnpe-</strong></span> 
     </span>
     <span class='ocr_line' id='line_1_21' title="bbox 102 1479 1219 1530; baseline 0.002 -16"><span class='ocrx_word' id='word_1_142' title='bbox 102 1479 219 1515; x_wconf 79' lang='lat' dir='ltr'><strong>rantis</strong></span> <span class='ocrx_word' id='word_1_143' title='bbox 241 1479 405 1516; x_wconf 91' lang='lat' dir='ltr'><strong>consulis</strong></span> <span class='ocrx_word' id='word_1_144' title='bbox 427 1479 612 1524; x_wconf 80' lang='lat' dir='ltr'><strong>Romani,</strong></span> <span class='ocrx_word' id='word_1_145' title='bbox 633 1479 791 1530; x_wconf 88' lang='lat' dir='ltr'><strong>perpelli</strong></span> <span class='ocrx_word' id='word_1_146' title='bbox 815 1485 1033 1530; x_wconf 76' lang='lat' dir='ltr'><strong>potuerunt,</strong></span> <span class='ocrx_word' id='word_1_147' title='bbox 1088 1479 1219 1523; x_wconf 82' lang='lat' dir='ltr'><strong>Mora,</strong></span> 
     </span>
     <span class='ocr_line' id='line_1_22' title="bbox 103 1544 1219 1597; baseline 0.003 -19"><span class='ocrx_word' id='word_1_148' title='bbox 103 1555 169 1578; x_wconf 89' lang='lat' dir='ltr'><strong>cur</strong></span> <span class='ocrx_word' id='word_1_149' title='bbox 194 1556 271 1579; x_wconf 89' lang='lat' dir='ltr'><strong>non</strong></span> <span class='ocrx_word' id='word_1_150' title='bbox 299 1544 490 1594; x_wconf 86' lang='lat' dir='ltr'><strong>extemplo</strong></span> <span class='ocrx_word' id='word_1_151' title='bbox 511 1544 843 1597; x_wconf 83' lang='lat' dir='ltr'><strong>obpugnarentur,</strong></span> <span class='ocrx_word' id='word_1_152' title='bbox 865 1557 909 1581; x_wconf 85' lang='lat' dir='ltr'><strong>ea</strong></span> <span class='ocrx_word' id='word_1_153' title='bbox 928 1545 1015 1588; x_wconf 86' lang='lat' dir='ltr'><strong>fuit,</strong></span> <span class='ocrx_word' id='word_1_154' title='bbox 1036 1545 1137 1594; x_wconf 89' lang='lat' dir='ltr'><strong>quod</strong></span> <span class='ocrx_word' id='word_1_155' title='bbox 1157 1557 1219 1581; x_wconf 87' lang='lat' dir='ltr'><strong>ca-</strong></span> 
     </span>
     <span class='ocr_line' id='line_1_23' title="bbox 102 1607 1219 1658; baseline 0.001 -15"><span class='ocrx_word' id='word_1_156' title='bbox 102 1607 283 1644; x_wconf 88' lang='lat' dir='ltr'><strong>duceator</strong></span> <span class='ocrx_word' id='word_1_157' title='bbox 305 1607 352 1644; x_wconf 88' lang='lat' dir='ltr'><strong>ab</strong></span> <span class='ocrx_word' id='word_1_158' title='bbox 379 1621 467 1657; x_wconf 84' lang='lat' dir='ltr'><strong>rege</strong></span> <span class='ocrx_word' id='word_1_159' title='bbox 492 1615 663 1651; x_wconf 82' lang='lat' dir='ltr'><strong>venerat,</strong></span> <span class='ocrx_word' id='word_1_160' title='bbox 686 1607 813 1644; x_wconf 86' lang='lat' dir='ltr'><strong>locum</strong></span> <span class='ocrx_word' id='word_1_161' title='bbox 843 1621 887 1644; x_wconf 79' lang='lat' dir='ltr'><strong>ac</strong></span> <span class='ocrx_word' id='word_1_162' title='bbox 916 1616 1064 1658; x_wconf 76' lang='lat' dir='ltr'><strong>tenipus</strong></span> <span class='ocrx_word' id='word_1_163' title='bbox 1086 1615 1219 1658; x_wconf 86' lang='lat' dir='ltr'><strong>petens</strong></span> 
     </span>
     <span class='ocr_line' id='line_1_24' title="bbox 98 1671 1221 1721; baseline 0 -13"><span class='ocrx_word' id='word_1_164' title='bbox 98 1671 318 1721; x_wconf 82' lang='lat' dir='ltr'><strong>conloquio.</strong></span> <span class='ocrx_word' id='word_1_165' title='bbox 376 1672 421 1709; x_wconf 89' lang='lat' dir='ltr'><strong>Id</strong></span> <span class='ocrx_word' id='word_1_166' title='bbox 457 1680 610 1721; x_wconf 81' lang='lat' dir='ltr'><strong>gravate</strong></span> <span class='ocrx_word' id='word_1_167' title='bbox 649 1685 872 1709; x_wconf 83' lang='lat' dir='ltr'><strong>concessum</strong></span> <span class='ocrx_word' id='word_1_168' title='bbox 912 1674 993 1721; x_wconf 84' lang='lat' dir='ltr'><strong>regi</strong></span> <span class='ocrx_word' id='word_1_169' title='bbox 1031 1680 1106 1708; x_wconf 87' lang='lat' dir='ltr'><strong>est:</strong></span> <span class='ocrx_word' id='word_1_170' title='bbox 1142 1685 1221 1708; x_wconf 92' lang='lat' dir='ltr'><strong>non</strong></span> 
     </span>
     <span class='ocr_line' id='line_1_25' title="bbox 102 1735 1221 1786; baseline 0.002 -16"><span class='ocrx_word' id='word_1_171' title='bbox 102 1735 193 1784; x_wconf 91' lang='lat' dir='ltr'><strong>quin</strong></span> <span class='ocrx_word' id='word_1_172' title='bbox 213 1742 367 1785; x_wconf 83' lang='lat' dir='ltr'><strong>cuperet</strong></span> <span class='ocrx_word' id='word_1_173' title='bbox 386 1737 588 1775; x_wconf 87' lang='lat' dir='ltr'><strong>Quinctius</strong></span> <span class='ocrx_word' id='word_1_174' title='bbox 609 1748 676 1786; x_wconf 90' lang='lat' dir='ltr'><strong>per</strong></span> <span class='ocrx_word' id='word_1_175' title='bbox 704 1748 743 1771; x_wconf 85' lang='lat' dir='ltr'><strong>se</strong></span> <span class='ocrx_word' id='word_1_176' title='bbox 771 1736 910 1785; x_wconf 82' lang='lat' dir='ltr'><strong>partim</strong></span> <span class='ocrx_word' id='word_1_177' title='bbox 931 1736 1061 1779; x_wconf 82' lang='lat' dir='ltr'><strong>armis,</strong></span> <span class='ocrx_word' id='word_1_178' title='bbox 1082 1737 1221 1785; x_wconf 83' lang='lat' dir='ltr'><strong>partim</strong></span> 
     </span>
     <span class='ocr_line' id='line_1_26' title="bbox 103 1798 1220 1836; baseline 0.001 -2"><span class='ocrx_word' id='word_1_179' title='bbox 103 1798 386 1835; x_wconf 86' lang='lat' dir='ltr'><strong>conditionibus</strong></span> <span class='ocrx_word' id='word_1_180' title='bbox 434 1799 651 1835; x_wconf 81' lang='lat' dir='ltr'><strong>confectum</strong></span> <span class='ocrx_word' id='word_1_181' title='bbox 690 1799 806 1835; x_wconf 75' lang='lat' dir='ltr'><strong>videri</strong></span> <span class='ocrx_word' id='word_1_182' title='bbox 844 1798 1007 1835; x_wconf 84' lang='lat' dir='ltr'><strong>bellum:</strong></span> <span class='ocrx_word' id='word_1_183' title='bbox 1058 1799 1220 1836; x_wconf 87' lang='lat' dir='ltr'><strong>necdum</strong></span> 
     </span>
     <span class='ocr_line' id='line_1_27' title="bbox 105 1862 1218 1907; baseline 0.002 -10"><span class='ocrx_word' id='word_1_184' title='bbox 105 1862 203 1898; x_wconf 89' lang='lat' dir='ltr'><strong>enim</strong></span> <span class='ocrx_word' id='word_1_185' title='bbox 238 1863 395 1907; x_wconf 79' lang='lat' dir='ltr'><strong>sciebat,</strong></span> <span class='ocrx_word' id='word_1_186' title='bbox 424 1871 549 1900; x_wconf 84' lang='lat' dir='ltr'><strong>utrum</strong></span> <span class='ocrx_word' id='word_1_187' title='bbox 583 1876 778 1900; x_wconf 88' lang='lat' dir='ltr'><strong>successor</strong></span> <span class='ocrx_word' id='word_1_188' title='bbox 807 1863 880 1899; x_wconf 87' lang='lat' dir='ltr'><strong>sibi</strong></span> <span class='ocrx_word' id='word_1_189' title='bbox 910 1863 1006 1899; x_wconf 85' lang='lat' dir='ltr'><strong>alter</strong></span> <span class='ocrx_word' id='word_1_190' title='bbox 1035 1875 1082 1899; x_wconf 82' lang='lat' dir='ltr'><strong>ex</strong></span> <span class='ocrx_word' id='word_1_191' title='bbox 1111 1864 1218 1900; x_wconf 83' lang='lat' dir='ltr'><strong>novis</strong></span> 
     </span>
     <span class='ocr_line' id='line_1_28' title="bbox 99 1926 1220 1977; baseline 0 -14"><span class='ocrx_word' id='word_1_192' title='bbox 99 1926 321 1963; x_wconf 25' lang='lat' dir='ltr'><strong>*consulibus</strong></span> <span class='ocrx_word' id='word_1_193' title='bbox 341 1929 579 1973; x_wconf 79' lang='lat' dir='ltr'><strong>mitteretur5</strong></span> <span class='ocrx_word' id='word_1_194' title='bbox 613 1941 674 1971; x_wconf 81' lang='lat' dir='ltr'><strong>an,</strong></span> <span class='ocrx_word' id='word_1_195' title='bbox 698 1928 812 1977; x_wconf 84' lang='lat' dir='ltr'><strong>quod,</strong></span> <span class='ocrx_word' id='word_1_196' title='bbox 843 1940 989 1964; x_wconf 85' lang='lat' dir='ltr'><strong>summa</strong></span> <span class='ocrx_word' id='word_1_197' title='bbox 1008 1928 1045 1963; x_wconf 78' lang='lat' dir='ltr'><strong>vi</strong></span> <span class='ocrx_word' id='word_1_198' title='bbox 1070 1933 1112 1963; x_wconf 90' lang='lat' dir='ltr'><strong>ut</strong></span> <span class='ocrx_word' id='word_1_199' title='bbox 1136 1934 1220 1964; x_wconf 79' lang='lat' dir='ltr'><strong>ten-</strong></span> 
     </span>
     <span class='ocr_line' id='line_1_29' title="bbox 102 1991 1222 2042; baseline 0 -15"><span class='ocrx_word' id='word_1_200' title='bbox 102 1991 248 2034; x_wconf 85' lang='lat' dir='ltr'><strong>derent,</strong></span> <span class='ocrx_word' id='word_1_201' title='bbox 269 1992 398 2028; x_wconf 85' lang='lat' dir='ltr'><strong>amicis</strong></span> <span class='ocrx_word' id='word_1_202' title='bbox 420 1998 457 2028; x_wconf 86' lang='lat' dir='ltr'><strong>et</strong></span> <span class='ocrx_word' id='word_1_203' title='bbox 484 1992 708 2042; x_wconf 83' lang='lat' dir='ltr'><strong>propinquis</strong></span> <span class='ocrx_word' id='word_1_204' title='bbox 739 1992 999 2035; x_wconf 81' lang='lat' dir='ltr'><strong>mandaverat,</strong></span> <span class='ocrx_word' id='word_1_205' title='bbox 1022 1992 1222 2041; x_wconf 81' lang='lat' dir='ltr'><strong>imperium</strong></span> 
     </span>
     <span class='ocr_line' id='line_1_30' title="bbox 103 2058 1220 2109; baseline 0.001 -15"><span class='ocrx_word' id='word_1_206' title='bbox 103 2065 396 2108; x_wconf 81' lang='lat' dir='ltr'><strong>prorogaretur:</strong></span> <span class='ocrx_word' id='word_1_207' title='bbox 430 2066 560 2109; x_wconf 85' lang='lat' dir='ltr'><strong>aptum</strong></span> <span class='ocrx_word' id='word_1_208' title='bbox 577 2065 702 2095; x_wconf 84' lang='lat' dir='ltr'><strong>autem</strong></span> <span class='ocrx_word' id='word_1_209' title='bbox 722 2058 805 2095; x_wconf 85' lang='lat' dir='ltr'><strong>fore</strong></span> <span class='ocrx_word' id='word_1_210' title='bbox 826 2059 1075 2108; x_wconf 87' lang='lat' dir='ltr'><strong>conloquium</strong></span> <span class='ocrx_word' id='word_1_211' title='bbox 1092 2059 1220 2095; x_wconf 87' lang='lat' dir='ltr'><strong>crede-</strong></span> 
     </span>
     <span class='ocr_line' id='line_1_31' title="bbox 104 2122 1218 2166; baseline 0 -8"><span class='ocrx_word' id='word_1_212' title='bbox 104 2122 183 2165; x_wconf 85' lang='lat' dir='ltr'><strong>bat,</strong></span> <span class='ocrx_word' id='word_1_213' title='bbox 206 2129 247 2158; x_wconf 90' lang='lat' dir='ltr'><strong>ut</strong></span> <span class='ocrx_word' id='word_1_214' title='bbox 276 2122 348 2159; x_wconf 90' lang='lat' dir='ltr'><strong>sibi</strong></span> <span class='ocrx_word' id='word_1_215' title='bbox 372 2123 532 2159; x_wconf 86' lang='lat' dir='ltr'><strong>liberum</strong></span> <span class='ocrx_word' id='word_1_216' title='bbox 562 2130 674 2166; x_wconf 84' lang='lat' dir='ltr'><strong>esset,</strong></span> <span class='ocrx_word' id='word_1_217' title='bbox 696 2123 753 2159; x_wconf 81' lang='lat' dir='ltr'><strong>vel</strong></span> <span class='ocrx_word' id='word_1_218' title='bbox 783 2124 831 2159; x_wconf 84' lang='lat' dir='ltr'><strong>ad</strong></span> <span class='ocrx_word' id='word_1_219' title='bbox 860 2123 1004 2159; x_wconf 86' lang='lat' dir='ltr'><strong>bellurn</strong></span> <span class='ocrx_word' id='word_1_220' title='bbox 1033 2124 1218 2166; x_wconf 77' lang='lat' dir='ltr'><strong>manenti,</strong></span> 
     </span>
     <span class='ocr_line' id='line_1_32' title="bbox 103 2186 1379 2236; baseline 0.002 -15"><span class='ocrx_word' id='word_1_221' title='bbox 103 2186 163 2221; x_wconf 79' lang='lat' dir='ltr'><strong>vel</strong></span> <span class='ocrx_word' id='word_1_222' title='bbox 182 2186 228 2222; x_wconf 84' lang='lat' dir='ltr'><strong>ad</strong></span> <span class='ocrx_word' id='word_1_223' title='bbox 248 2199 377 2236; x_wconf 85' lang='lat' dir='ltr'><strong>pacem</strong></span> <span class='ocrx_word' id='word_1_224' title='bbox 395 2187 590 2223; x_wconf 87' lang='lat' dir='ltr'><strong>decedenti</strong></span> <span class='ocrx_word' id='word_1_225' title='bbox 610 2200 689 2223; x_wconf 90' lang='lat' dir='ltr'><strong>rem</strong></span> <span class='ocrx_word' id='word_1_226' title='bbox 705 2187 899 2224; x_wconf 86' lang='lat' dir='ltr'><strong>inclinare.</strong></span> <span class='ocrx_word' id='word_1_227' title='bbox 958 2187 1005 2223; x_wconf 88' lang='lat' dir='ltr'><strong>In</strong></span> <span class='ocrx_word' id='word_1_228' title='bbox 1029 2188 1115 2224; x_wconf 81' lang='lat' dir='ltr'><strong>sinu</strong></span> <span class='ocrx_word' id='word_1_229' title='bbox 1130 2187 1218 2224; x_wconf 82' lang='lat' dir='ltr'><strong>Ma·</strong></span> <span class='ocrx_word' id='word_1_230' title='bbox 1235 2193 1379 2224; x_wconf 69' lang='lat' dir='ltr'><strong>Quinctii</strong></span> 
     </span>
     <span class='ocr_line' id='line_1_33' title="bbox 103 2237 1401 2310; baseline 0.002 -25"><span class='ocrx_word' id='word_1_231' title='bbox 103 2248 202 2285; x_wconf 84' lang='lat' dir='ltr'><strong>liaeo</strong></span> <span class='ocrx_word' id='word_1_232' title='bbox 222 2262 339 2299; x_wconf 84' lang='lat' dir='ltr'><strong>prope</strong></span> <span class='ocrx_word' id='word_1_233' title='bbox 359 2251 530 2286; x_wconf 81' lang='lat' dir='ltr'><strong>Nicaeam</strong></span> <span class='ocrx_word' id='word_1_234' title='bbox 550 2251 639 2286; x_wconf 83' lang='lat' dir='ltr'><strong>litus</strong></span> <span class='ocrx_word' id='word_1_235' title='bbox 660 2251 828 2299; x_wconf 82' lang='lat' dir='ltr'><strong>elegere:</strong></span> <span class='ocrx_word' id='word_1_236' title='bbox 863 2264 908 2287; x_wconf 87' lang='lat' dir='ltr'><strong>eo</strong></span> <span class='ocrx_word' id='word_1_237' title='bbox 928 2264 994 2287; x_wconf 83' lang='lat' dir='ltr'><strong>rex</strong></span> <span class='ocrx_word' id='word_1_238' title='bbox 1015 2250 1062 2287; x_wconf 85' lang='lat' dir='ltr'><strong>ab</strong></span> <span class='ocrx_word' id='word_1_239' title='bbox 1078 2250 1218 2287; x_wconf 87' lang='lat' dir='ltr'><strong>Deme·</strong></span> <span class='ocrx_word' id='word_1_240' title='bbox 1233 2237 1401 2310; x_wconf 45' lang='grc' dir='ltr'><strong>ζῗὲιὲῇὲΐ</strong></span> 
     </span>
     <span class='ocr_line' id='line_1_34' title="bbox 104 2314 1388 2364; baseline 0.005 -16"><span class='ocrx_word' id='word_1_241' title='bbox 104 2314 224 2350; x_wconf 83' lang='lat' dir='ltr'><strong>triade</strong></span> <span class='ocrx_word' id='word_1_242' title='bbox 245 2327 326 2361; x_wconf 69' lang='lat' dir='ltr'><strong>curn</strong></span> <span class='ocrx_word' id='word_1_243' title='bbox 351 2315 518 2364; x_wconf 83' lang='lat' dir='ltr'><strong>quinque</strong></span> <span class='ocrx_word' id='word_1_244' title='bbox 538 2314 671 2351; x_wconf 83' lang='lat' dir='ltr'><strong>lembis</strong></span> <span class='ocrx_word' id='word_1_245' title='bbox 692 2321 728 2350; x_wconf 83' lang='lat' dir='ltr'><strong>et</strong></span> <span class='ocrx_word' id='word_1_246' title='bbox 748 2328 823 2351; x_wconf 85' lang='lat' dir='ltr'><strong>una</strong></span> <span class='ocrx_word' id='word_1_247' title='bbox 850 2329 945 2352; x_wconf 76' lang='lat' dir='ltr'><strong>nave</strong></span> <span class='ocrx_word' id='word_1_248' title='bbox 973 2322 1137 2353; x_wconf 74' lang='lat' dir='ltr'><strong>rostrata</strong></span> <span class='ocrx_word' id='word_1_249' title='bbox 1155 2329 1217 2352; x_wconf 81' lang='lat' dir='ltr'><strong>ve·</strong></span> <span class='ocrx_word' id='word_1_250' title='bbox 1233 2323 1388 2363; x_wconf 74' lang='lat' dir='ltr'><strong>Philippo.</strong></span> 
     </span>
    </p>
   </div>
   <div class='ocr_carea' id='block_1_5' title="bbox 101 2377 1218 2479">
    <p class='ocr_par' dir='ltr' id='par_1_6' title="bbox 101 2377 1218 2479">
     <span class='ocr_line' id='line_1_35' title="bbox 101 2377 1218 2430; baseline 0.004 -18"><span class='ocrx_word' id='word_1_251' title='bbox 101 2377 173 2414; x_wconf 81' lang='lat' dir='ltr'><strong>nit,</strong></span> <span class='ocrx_word' id='word_1_252' title='bbox 203 2377 324 2414; x_wconf 81' lang='lat' dir='ltr'><strong>Erant</strong></span> <span class='ocrx_word' id='word_1_253' title='bbox 342 2392 425 2415; x_wconf 86' lang='lat' dir='ltr'><strong>curn</strong></span> <span class='ocrx_word' id='word_1_254' title='bbox 448 2392 492 2415; x_wconf 86' lang='lat' dir='ltr'><strong>co</strong></span> <span class='ocrx_word' id='word_1_255' title='bbox 509 2380 696 2430; x_wconf 86' lang='lat' dir='ltr'><strong>principes</strong></span> <span class='ocrx_word' id='word_1_256' title='bbox 712 2378 985 2424; x_wconf 78' lang='lat' dir='ltr'><strong>Macedonum,</strong></span> <span class='ocrx_word' id='word_1_257' title='bbox 1003 2387 1041 2416; x_wconf 81' lang='lat' dir='ltr'><strong>et</strong></span> <span class='ocrx_word' id='word_1_258' title='bbox 1057 2380 1218 2417; x_wconf 65' lang='lat' dir='ltr'><strong>Achaeo-</strong></span> 
     </span>
     <span class='ocr_line' id='line_1_36' title="bbox 625 2443 703 2479; baseline 0 0"><span class='ocrx_word' id='word_1_259' title='bbox 625 2443 662 2479; x_wconf 79' lang='lat' dir='ltr'>R</span> <span class='ocrx_word' id='word_1_260' title='bbox 683 2444 703 2479; x_wconf 87' lang='grc'><strong><em>5</em></strong></span> 
     </span>
    </p>
   </div>
   <div class='ocr_carea' id='block_1_6' title="bbox 0 967 29 2656">
    <p class='ocr_par' dir='ltr' id='par_1_7' title="bbox 0 967 29 2656">
     <span class='ocr_line' id='line_1_37' title="bbox 0 967 29 2656; baseline 0 0"><span class='ocrx_word' id='word_1_261' title='bbox 0 967 29 2656; x_wconf 95' lang='lat' dir='ltr'><strong> </strong></span> 
     </span>
    </p>
   </div>
  </div>
 </body>
</html>
