1523 2666
99 271 246 306 U.C.56

98 316 126 346 A
152 316 187 348 C.
206 325 243 360 19

254 282 278 306 1.

251 326 278 349 1.

292 167 377 223 562
764 185 793 213 Τ
819 182 956 214 mvn

296 289 368 326 que
398 274 478 327 ejus
507 275 598 313 belli
629 277 760 316 civitas
790 280 941 317 intenta
969 279 1056 324 fuit,
1081 285 1125 317 ut
1151 279 1195 318 P.
1214 281 1413 318 Cornelius

295 342 428 378 consul
462 342 639 387 ediceret,
674 345 746 387 Qui
777 352 957 383 senatores
989 351 1114 391 essent,
1149 347 1342 396 quibusque
1377 349 1416 383 in

291 412 418 443 senatu
441 410 654 445 sententiam
683 411 800 447 dicere
829 413 964 455 liceret,
999 413 1129 460 quique
1156 413 1309 448 minores
1336 423 1416 448 ma-

289 474 465 521 gistratus
490 480 615 518 essent,
642 487 686 511 ne
711 477 789 523 quis
807 487 928 512 eorum
954 477 1094 525 longius
1119 477 1162 512 ab
1187 476 1272 513 urbe
1296 477 1416 513 Roma

292 538 421 581 abiret,
443 551 551 587 quam
570 540 665 575 unde
683 551 723 575 eo
743 540 802 575 die
819 541 938 576 redire
958 545 1078 588 posset
1089 558 1101 585 ,-
1131 553 1217 578 neve
1235 553 1306 578 uno
1326 546 1414 578 tem-

289 616 378 652 pore
407 606 561 652 quinque
592 609 772 641 senatores
804 605 847 641 ab
879 605 964 641 urbe
993 605 1112 642 Roma
1140 607 1307 644 abessent.
1364 606 1413 643 In

291 668 550 718 comparando
582 669 729 718 inpigre
763 668 921 706 classem
955 670 999 705 C.
1027 669 1179 706 Livium
1208 677 1411 720 praetorem

290 732 504 774 contentio,
523 738 607 768 orta
627 745 712 768 cum
731 732 877 769 colonis
899 734 1112 777 maritimis,
1130 733 1336 784 paullisper
1352 741 1410 771 te-

287 797 387 834 nuit.
444 797 560 840 Nam,
583 810 697 846 quum
719 805 948 847 cogerentur
972 799 1010 835 in
1037 798 1210 843 classem,
1231 799 1409 836 tribunos

288 861 413 912 plebei
435 862 696 912 adpellarunt:
730 863 777 900 ab
808 864 853 899 iis
883 864 929 900 ad
957 870 1130 900 senatum
1157 863 1287 915 rejecti
1308 870 1411 903 sunt.

290 928 452 964 Senatus
475 929 541 971 ita,
565 935 605 964 nt
627 929 672 965 ad
694 942 810 965 unum
830 942 961 965 omnes
983 929 1258 972 consentirent,
1279 929 1408 966 decre·

287 995 356 1037 vit,
392 995 630 1031 vacationem
666 996 718 1031 rei
752 995 896 1031 navalis
930 996 988 1032 his
1021 995 1166 1032 colonis
1202 1007 1281 1031 non
1315 1007 1409 1032 esse.

290 1058 416 1102 Ostia,
438 1066 477 1095 et
501 1059 699 1108 Fregenae,
722 1066 761 1096 et
787 1060 964 1096 Castrum
984 1073 1139 1103 novum,
1162 1066 1199 1095 et
1218 1059 1349 1109 Pyrgi,
1370 1065 1410 1096 et

286 1124 462 1166 Antium,
485 1130 522 1159 et
540 1123 764 1168 Tarracina,
783 1131 821 1160 et
843 1124 1070 1167 Minturnae,
1091 1130 1128 1159 et
1149 1124 1329 1160 Sinuessa
1346 1123 1408 1160 fu-

288 1194 413 1231 erunt,
435 1201 517 1238 quae
547 1201 631 1225 cum
662 1195 824 1238 praetore
854 1189 900 1225 de
927 1189 1127 1225 vacatione
1156 1194 1411 1225 certaverunt*

290 1253 436 1289 Consul
467 1254 601 1290 deinde
634 1253 704 1290 Μ’.
734 1253 878 1289 Acilius
913 1266 958 1290 ex
992 1252 1326 1289 senatusconsulto
1363 1253 1411 1290 ad

286 1319 492 1368 collegium
520 1319 711 1356 fecialium
741 1319 890 1356 retulit:
933 1320 1054 1368 Ipsine
1078 1320 1202 1368 utique
1226 1321 1303 1368 regi
1330 1321 1409 1356 An-

289 1384 405 1420 tiocho
431 1385 648 1420 indiceretur
668 1385 812 1427 bellum,
834 1396 881 1420 an
909 1385 958 1420 ad
982 1385 1193 1432 proesiclimn
1222 1385 1409 1420 nunciare-

288 1450 378 1484 tur.9
407 1454 442 1485 et
466 1461 553 1485 num
571 1449 710 1485 AEtolis
736 1460 875 1497 quoque
903 1449 1103 1497 separatim
1122 1449 1232 1484 indici
1242 1447 1411 1494 juberent

286 1514 455 1550 bellum?
482 1519 516 1550 et
545 1527 629 1550 nuni
655 1516 758 1563 prius
781 1516 932 1550 societas
953 1516 1004 1550 eis
1031 1519 1067 1550 et
1093 1515 1256 1550 amicitia
1274 1526 1408 1550 renun-

285 1580 417 1614 cienda
446 1584 545 1622 esset,
567 1592 672 1627 quum
701 1579 831 1615 belluni
862 1580 1122 1615 indicendum?
1150 1577 1317 1614 Feciales
1347 1591 1407 1615 re-

287 1644 544 1693 sponderunt:
576 1645 665 1681 ιῙαηι
685 1649 768 1681 ante
785 1657 871 1686 sese,
891 1657 1001 1692 quum
1027 1645 1071 1680 de
1091 1644 1263 1692 Philippo
1284 1656 1409 1681 consu-

288 1709 462 1751 lerentur,
485 1711 651 1752 decresse,
669 1710 760 1746 nihil
779 1709 927 1759 referre,
950 1711 1017 1758 ipsi
1036 1722 1169 1752 coram,
1187 1722 1235 1745 an
1250 1711 1299 1745 ad
1313 1722 1410 1758 proe-

287 1775 434 1818 sidium,
456 1776 704 1812 nunciaretur.
763 1776 975 1811 Amicitiam
1002 1776 1252 1810 renunciatum
1279 1775 1409 1819 videri,

291 1852 401 1887 quum
422 1841 560 1887 legatis,
584 1842 687 1876 toties
706 1840 943 1888 repetentibus
960 1851 1028 1883 res,
1049 1852 1114 1875 nec
1132 1840 1248 1883 reddi,
1269 1852 1334 1876 nec
1351 1853 1410 1876 sa-

293 1905 416 1953 tisfieri
445 1917 582 1953 (eqzcum
614 1907 838 1940 censuissent.
894 1904 1042 1940 AEtolos
1066 1905 1164 1939 ultro
1188 1904 1254 1940 sibi
1281 1904 1412 1941 bellum

291 1970 473 2012 indixisse,
509 1982 618 2018 quum
651 1971 939 2012 Demetriadem,
973 1970 1147 2005 sociorum
1180 1969 1315 2012 urbem,
1344 1982 1413 2018 per

292 2037 366 2070 vini
399 2041 627 2084 occupassent
637 2052 646 2078 ,-
680 2035 886 2071 Chalcidem
917 2039 1012 2070 terra
1039 2035 1200 2082 marique
1229 2035 1413 2083 obpugna-

297 2104 373 2135 tum
400 2102 503 2136 issent
518 2118 528 2143 ‚·
558 2113 673 2148 regem
699 2101 915 2137 Antiochum
942 2102 979 2136 in
999 2100 1188 2149 Europam
1208 2101 1257 2136 ad
1283 2100 1414 2137 bellum

295 2167 430 2214 populo
461 2167 626 2203 Romano
656 2165 883 2215 inserendum
915 2167 1166 2202 traduxissent.
1223 2164 1413 2202 Omnibus

291 2232 374 2283 jain
395 2234 484 2269 satis
507 2234 749 2284 comparatis,
770 2233 840 2270 Μ’.
857 2232 1001 2269 Acilius
1020 2230 1153 2268 consul
1173 2229 1309 2267 edixit:
1349 2230 1413 2274 Ut,

299 2310 385 2347 quos
412 2298 455 2335 L.
480 2299 668 2340 Quinctius
692 2300 823 2335 milites
848 2299 1119 2347 conscripsisset,
1141 2301 1176 2333 et
1204 2307 1289 2344 quos
1313 2296 1417 2331 sociis

297 2375 376 2400 nom
384 2365 502 2413 inique
521 2365 655 2402 Latino
675 2366 892 2415 imperasset,
910 2376 995 2413 quos
1010 2375 1124 2401 secum
1141 2364 1176 2400 in
1193 2361 1418 2411 provinciam
