<?xml version="1.0" encoding="UTF-8"?>
<!DOCTYPE html PUBLIC "-//W3C//DTD XHTML 1.0 Transitional//EN"
    "http://www.w3.org/TR/xhtml1/DTD/xhtml1-transitional.dtd">
<html xmlns="http://www.w3.org/1999/xhtml" xml:lang="en" lang="en">
 <head>
  <title>
</title>
<meta http-equiv="Content-Type" content="text/html;charset=utf-8" />
  <meta name='ocr-system' content='tesseract 3.04.00' />
  <meta name='ocr-capabilities' content='ocr_page ocr_carea ocr_par ocr_line ocrx_word'/>
</head>
<body>
  <div class='ocr_page' id='page_1' title='image "./historiarumquaes03livyuoft_0111.png"; bbox 0 0 1507 2656; ppageno 0'>
   <div class='ocr_carea' id='block_1_1' title="bbox 0 1353 18 2611">
    <p class='ocr_par' dir='ltr' id='par_1_1' title="bbox 0 1353 18 2611">
     <span class='ocr_line' id='line_1_1' title="bbox 0 1353 18 2611; baseline 0 0"><span class='ocrx_word' id='word_1_1' title='bbox 0 1353 18 2611; x_wconf 95' lang='lat' dir='ltr'> </span> 
     </span>
    </p>
   </div>
   <div class='ocr_carea' id='block_1_2' title="bbox 6 2618 16 2656">
    <p class='ocr_par' dir='ltr' id='par_1_2' title="bbox 6 2618 16 2656">
     <span class='ocr_line' id='line_1_2' title="bbox 6 2618 16 2656; baseline 0 0"><span class='ocrx_word' id='word_1_2' title='bbox 6 2618 16 2656; x_wconf 83' lang='grc' dir='ltr'>ΙΙ</span> 
     </span>
    </p>
   </div>
   <div class='ocr_carea' id='block_1_3' title="bbox 378 194 1253 229">
    <p class='ocr_par' dir='ltr' id='par_1_3' title="bbox 378 194 1253 229">
     <span class='ocr_line' id='line_1_3' title="bbox 378 194 1253 229; baseline -0.008 0"><span class='ocrx_word' id='word_1_3' title='bbox 378 200 530 229; x_wconf 85' lang='lat' dir='ltr'>LIBER</span> <span class='ocrx_word' id='word_1_4' title='bbox 555 197 744 227; x_wconf 75' lang='lat' dir='ltr'><strong>XXVIII.</strong></span> <span class='ocrx_word' id='word_1_5' title='bbox 777 195 883 224; x_wconf 76' lang='lat' dir='ltr'><strong>CAP.</strong></span> <span class='ocrx_word' id='word_1_6' title='bbox 905 194 1046 225; x_wconf 71' lang='lat' dir='ltr'>xxu..</span> <span class='ocrx_word' id='word_1_7' title='bbox 1178 194 1253 222; x_wconf 87' lang='lat'>101</span> 
     </span>
    </p>
   </div>
   <div class='ocr_carea' id='block_1_4' title="bbox 146 283 1474 2383">
    <p class='ocr_par' dir='ltr' id='par_1_4' title="bbox 146 283 1474 2383">
     <span class='ocr_line' id='line_1_4' title="bbox 204 283 1450 338; baseline -0.006 -13"><span class='ocrx_word' id='word_1_8' title='bbox 204 289 321 326; x_wconf 86' lang='lat' dir='ltr'><strong>XIII.</strong></span> <span class='ocrx_word' id='word_1_9' title='bbox 351 288 492 338; x_wconf 81' lang='lat' dir='ltr'>Scipio,</span> <span class='ocrx_word' id='word_1_10' title='bbox 513 299 627 336; x_wconf 90' lang='lat' dir='ltr'>quum</span> <span class='ocrx_word' id='word_1_11' title='bbox 644 286 691 322; x_wconf 84' lang='lat' dir='ltr'>ad</span> <span class='ocrx_word' id='word_1_12' title='bbox 710 297 795 321; x_wconf 90' lang='lat' dir='ltr'>eum</span> <span class='ocrx_word' id='word_1_13' title='bbox 814 284 915 320; x_wconf 88' lang='lat' dir='ltr'>fama</span> <span class='ocrx_word' id='word_1_14' title='bbox 933 283 1031 319; x_wconf 86' lang='lat' dir='ltr'>tanti</span> <span class='ocrx_word' id='word_1_15' title='bbox 1050 286 1258 334; x_wconf 85' lang='lat' dir='ltr'>comparati</span> <span class='ocrx_word' id='word_1_16' title='bbox 1272 288 1313 318; x_wconf 90' lang='lat' dir='ltr'>U.</span> <span class='ocrx_word' id='word_1_17' title='bbox 1324 286 1360 317; x_wconf 85' lang='lat' dir='ltr'>C·</span> <span class='ocrx_word' id='word_1_18' title='bbox 1379 292 1450 318; x_wconf 75' lang='lat'><strong><em>546.</em></strong></span> 
     </span>
     <span class='ocr_line' id='line_1_5' title="bbox 150 330 1473 414; baseline -0.005 -25"><span class='ocrx_word' id='word_1_19' title='bbox 150 354 334 389; x_wconf 79' lang='lat' dir='ltr'>exercitus</span> <span class='ocrx_word' id='word_1_20' title='bbox 361 352 504 403; x_wconf 89' lang='lat' dir='ltr'>perlata</span> <span class='ocrx_word' id='word_1_21' title='bbox 535 357 646 394; x_wconf 88' lang='lat' dir='ltr'>esset,</span> <span class='ocrx_word' id='word_1_22' title='bbox 676 362 797 398; x_wconf 88' lang='lat' dir='ltr'>neque</span> <span class='ocrx_word' id='word_1_23' title='bbox 827 349 1012 385; x_wconf 89' lang='lat' dir='ltr'>Romanis</span> <span class='ocrx_word' id='word_1_24' title='bbox 1045 347 1257 396; x_wconf 85' lang='lat' dir='ltr'>legionibus</span> <span class='ocrx_word' id='word_1_25' title='bbox 1272 330 1473 414; x_wconf 39' lang='lat' dir='ltr'>&amp;ici-0333}-</span> 
     </span>
     <span class='ocr_line' id='line_1_6' title="bbox 150 393 1474 466; baseline -0.005 -14"><span class='ocrx_word' id='word_1_26' title='bbox 150 423 265 453; x_wconf 85' lang='lat' dir='ltr'>tantae</span> <span class='ocrx_word' id='word_1_27' title='bbox 296 429 335 453; x_wconf 85' lang='lat' dir='ltr'>se</span> <span class='ocrx_word' id='word_1_28' title='bbox 364 428 490 466; x_wconf 87' lang='lat' dir='ltr'>parem</span> <span class='ocrx_word' id='word_1_29' title='bbox 520 415 601 450; x_wconf 88' lang='lat' dir='ltr'>fore</span> <span class='ocrx_word' id='word_1_30' title='bbox 630 414 862 449; x_wconf 84' lang='lat' dir='ltr'>multitudini</span> <span class='ocrx_word' id='word_1_31' title='bbox 888 419 1004 455; x_wconf 80' lang='lat' dir='ltr'>ratus,</span> <span class='ocrx_word' id='word_1_32' title='bbox 1040 418 1081 447; x_wconf 89' lang='lat' dir='ltr'>ut</span> <span class='ocrx_word' id='word_1_33' title='bbox 1113 424 1190 448; x_wconf 92' lang='lat' dir='ltr'>non</span> <span class='ocrx_word' id='word_1_34' title='bbox 1219 413 1313 457; x_wconf 60' lang='grc' dir='ltr'>ἰῐηῑξι</span> <span class='ocrx_word' id='word_1_35' title='bbox 1327 393 1368 456; x_wconf 57' lang='lat' dir='ltr'>{b</span> <span class='ocrx_word' id='word_1_36' title='bbox 1382 426 1474 455; x_wconf 52' lang='lat' dir='ltr'>5001ss</span> 
     </span>
     <span class='ocr_line' id='line_1_7' title="bbox 151 470 1442 529; baseline -0.002 -14"><span class='ocrx_word' id='word_1_37' title='bbox 151 480 310 529; x_wconf 87' lang='lat' dir='ltr'>speciem</span> <span class='ocrx_word' id='word_1_38' title='bbox 348 479 480 515; x_wconf 87' lang='lat' dir='ltr'>saltem</span> <span class='ocrx_word' id='word_1_39' title='bbox 510 478 794 528; x_wconf 85' lang='lat' dir='ltr'>obponerentur</span> <span class='ocrx_word' id='word_1_40' title='bbox 820 475 1069 512; x_wconf 87' lang='lat' dir='ltr'>barbarorum</span> <span class='ocrx_word' id='word_1_41' title='bbox 1103 475 1258 519; x_wconf 80' lang='lat' dir='ltr'>auxilia,</span> <span class='ocrx_word' id='word_1_42' title='bbox 1272 470 1442 500; x_wconf 82' lang='lat' dir='ltr'>contrahit.</span> 
     </span>
     <span class='ocr_line' id='line_1_8' title="bbox 150 540 1259 590; baseline -0.002 -12"><span class='ocrx_word' id='word_1_43' title='bbox 150 555 270 590; x_wconf 90' lang='lat' dir='ltr'>neque</span> <span class='ocrx_word' id='word_1_44' title='bbox 301 544 338 578; x_wconf 90' lang='lat' dir='ltr'>in</span> <span class='ocrx_word' id='word_1_45' title='bbox 368 543 412 578; x_wconf 88' lang='lat' dir='ltr'>iis</span> <span class='ocrx_word' id='word_1_46' title='bbox 446 549 572 578; x_wconf 82' lang='lat' dir='ltr'>tamen</span> <span class='ocrx_word' id='word_1_47' title='bbox 603 548 751 577; x_wconf 85' lang='lat' dir='ltr'>tantum</span> <span class='ocrx_word' id='word_1_48' title='bbox 782 541 918 576; x_wconf 89' lang='lat' dir='ltr'>virium</span> <span class='ocrx_word' id='word_1_49' title='bbox 951 540 1179 589; x_wconf 82' lang='lat' dir='ltr'>ponendum,</span> <span class='ocrx_word' id='word_1_50' title='bbox 1220 548 1259 576; x_wconf 77' lang='lat' dir='ltr'>ut</span> 
     </span>
     <span class='ocr_line' id='line_1_9' title="bbox 147 603 1259 654; baseline -0.001 -13"><span class='ocrx_word' id='word_1_51' title='bbox 147 605 330 641; x_wconf 87' lang='lat' dir='ltr'>mutando</span> <span class='ocrx_word' id='word_1_52' title='bbox 349 605 473 648; x_wconf 86' lang='lat' dir='ltr'>fidem,</span> <span class='ocrx_word' id='word_1_53' title='bbox 495 618 576 654; x_wconf 87' lang='lat' dir='ltr'>quae</span> <span class='ocrx_word' id='word_1_54' title='bbox 606 604 720 641; x_wconf 80' lang='lat' dir='ltr'>cladis</span> <span class='ocrx_word' id='word_1_55' title='bbox 745 616 875 640; x_wconf 80' lang='lat' dir='ltr'>caussa</span> <span class='ocrx_word' id='word_1_56' title='bbox 905 603 1038 639; x_wconf 88' lang='lat' dir='ltr'>fuisset</span> <span class='ocrx_word' id='word_1_57' title='bbox 1065 605 1163 653; x_wconf 88' lang='lat' dir='ltr'>patri</span> <span class='ocrx_word' id='word_1_58' title='bbox 1192 617 1259 654; x_wconf 85' lang='lat' dir='ltr'>pa-</span> 
     </span>
     <span class='ocr_line' id='line_1_10' title="bbox 149 668 1259 719; baseline 0 -15"><span class='ocrx_word' id='word_1_59' title='bbox 149 674 324 718; x_wconf 86' lang='lat' dir='ltr'>truoque,</span> <span class='ocrx_word' id='word_1_60' title='bbox 358 682 538 719; x_wconf 80' lang='lat' dir='ltr'>magnum</span> <span class='ocrx_word' id='word_1_61' title='bbox 574 676 809 705; x_wconf 82' lang='lat' dir='ltr'>momentum</span> <span class='ocrx_word' id='word_1_62' title='bbox 845 668 1027 710; x_wconf 85' lang='lat' dir='ltr'>facerent,</span> <span class='ocrx_word' id='word_1_63' title='bbox 1065 669 1259 717; x_wconf 85' lang='lat' dir='ltr'>praemisso</span> 
     </span>
     <span class='ocr_line' id='line_1_11' title="bbox 149 733 1259 782; baseline 0.001 -14"><span class='ocrx_word' id='word_1_64' title='bbox 149 733 279 770; x_wconf 85' lang='lat' dir='ltr'>Silano</span> <span class='ocrx_word' id='word_1_65' title='bbox 308 735 354 770; x_wconf 91' lang='lat' dir='ltr'>ad</span> <span class='ocrx_word' id='word_1_66' title='bbox 385 735 582 777; x_wconf 75' lang='lat' dir='ltr'>Culcham,</span> <span class='ocrx_word' id='word_1_67' title='bbox 612 734 894 781; x_wconf 82' lang='lat' dir='ltr'>duodetriginta</span> <span class='ocrx_word' id='word_1_68' title='bbox 919 733 1067 782; x_wconf 86' lang='lat' dir='ltr'>oppidis</span> <span class='ocrx_word' id='word_1_69' title='bbox 1097 745 1259 781; x_wconf 83' lang='lat' dir='ltr'>regnan·</span> 
     </span>
     <span class='ocr_line' id='line_1_12' title="bbox 149 796 1260 847; baseline 0.001 -16"><span class='ocrx_word' id='word_1_70' title='bbox 149 802 239 839; x_wconf 84' lang='lat' dir='ltr'>tem,</span> <span class='ocrx_word' id='word_1_71' title='bbox 262 805 302 833; x_wconf 87' lang='lat' dir='ltr'>ut</span> <span class='ocrx_word' id='word_1_72' title='bbox 331 799 474 847; x_wconf 89' lang='lat' dir='ltr'>equites</span> <span class='ocrx_word' id='word_1_73' title='bbox 504 798 722 847; x_wconf 83' lang='lat' dir='ltr'>peditesque</span> <span class='ocrx_word' id='word_1_74' title='bbox 751 796 797 832; x_wconf 90' lang='lat' dir='ltr'>ab</span> <span class='ocrx_word' id='word_1_75' title='bbox 819 809 878 838; x_wconf 87' lang='lat' dir='ltr'>eo,</span> <span class='ocrx_word' id='word_1_76' title='bbox 900 808 993 844; x_wconf 85' lang='lat' dir='ltr'>quos</span> <span class='ocrx_word' id='word_1_77' title='bbox 1017 808 1056 831; x_wconf 82' lang='lat' dir='ltr'>se</span> <span class='ocrx_word' id='word_1_78' title='bbox 1085 808 1151 846; x_wconf 90' lang='lat' dir='ltr'>per</span> <span class='ocrx_word' id='word_1_79' title='bbox 1179 796 1260 832; x_wconf 87' lang='lat' dir='ltr'>hie·</span> 
     </span>
     <span class='ocr_line' id='line_1_13' title="bbox 148 861 1261 911; baseline 0.002 -16"><span class='ocrx_word' id='word_1_80' title='bbox 148 873 246 896; x_wconf 90' lang='lat' dir='ltr'>mem</span> <span class='ocrx_word' id='word_1_81' title='bbox 273 864 572 911; x_wconf 83' lang='lat' dir='ltr'>conscripturum</span> <span class='ocrx_word' id='word_1_82' title='bbox 600 861 790 911; x_wconf 77' lang='lat' dir='ltr'><strong>pollicitus</strong></span> <span class='ocrx_word' id='word_1_83' title='bbox 821 869 914 902; x_wconf 84' lang='lat' dir='ltr'>erat,</span> <span class='ocrx_word' id='word_1_84' title='bbox 949 861 1150 910; x_wconf 86' lang='lat' dir='ltr'>acciperet,</span> <span class='ocrx_word' id='word_1_85' title='bbox 1181 862 1261 910; x_wconf 91' lang='lat' dir='ltr'>ipse</span> 
     </span>
     <span class='ocr_line' id='line_1_14' title="bbox 149 924 1261 976; baseline 0.001 -16"><span class='ocrx_word' id='word_1_86' title='bbox 149 924 196 960; x_wconf 85' lang='lat' dir='ltr'>ab</span> <span class='ocrx_word' id='word_1_87' title='bbox 216 925 432 962; x_wconf 85' lang='lat' dir='ltr'>Tarracone</span> <span class='ocrx_word' id='word_1_88' title='bbox 451 926 656 976; x_wconf 84' lang='lat' dir='ltr'>profectus,</span> <span class='ocrx_word' id='word_1_89' title='bbox 678 927 851 976; x_wconf 87' lang='lat' dir='ltr'>protinus</span> <span class='ocrx_word' id='word_1_90' title='bbox 880 925 926 961; x_wconf 90' lang='lat' dir='ltr'>ab</span> <span class='ocrx_word' id='word_1_91' title='bbox 948 926 1074 968; x_wconf 75' lang='lat' dir='ltr'>sociis,</span> <span class='ocrx_word' id='word_1_92' title='bbox 1104 926 1167 974; x_wconf 89' lang='lat' dir='ltr'>qui</span> <span class='ocrx_word' id='word_1_93' title='bbox 1197 926 1261 961; x_wconf 87' lang='lat' dir='ltr'>ad-</span> 
     </span>
     <span class='ocr_line' id='line_1_15' title="bbox 150 987 1260 1033; baseline 0.001 -9"><span class='ocrx_word' id='word_1_94' title='bbox 150 987 280 1025; x_wconf 88' lang='lat' dir='ltr'>colunt</span> <span class='ocrx_word' id='word_1_95' title='bbox 309 991 420 1033; x_wconf 86' lang='lat' dir='ltr'>viam,</span> <span class='ocrx_word' id='word_1_96' title='bbox 451 991 598 1026; x_wconf 88' lang='lat' dir='ltr'>modica</span> <span class='ocrx_word' id='word_1_97' title='bbox 619 991 880 1026; x_wconf 88' lang='lat' dir='ltr'>contrahendo</span> <span class='ocrx_word' id='word_1_98' title='bbox 907 989 1061 1032; x_wconf 73' lang='lat' dir='ltr'>auxilia,</span> <span class='ocrx_word' id='word_1_99' title='bbox 1083 990 1260 1026; x_wconf 82' lang='lat' dir='ltr'>Castulo-</span> 
     </span>
     <span class='ocr_line' id='line_1_16' title="bbox 149 1053 1262 1103; baseline 0.002 -15"><span class='ocrx_word' id='word_1_100' title='bbox 149 1065 234 1089; x_wconf 89' lang='lat' dir='ltr'>nem</span> <span class='ocrx_word' id='word_1_101' title='bbox 262 1055 443 1103; x_wconf 86' lang='lat' dir='ltr'>perveuit.</span> <span class='ocrx_word' id='word_1_102' title='bbox 500 1055 559 1091; x_wconf 89' lang='lat' dir='ltr'>Eo</span> <span class='ocrx_word' id='word_1_103' title='bbox 589 1055 749 1090; x_wconf 86' lang='lat' dir='ltr'>adducta</span> <span class='ocrx_word' id='word_1_104' title='bbox 780 1054 826 1090; x_wconf 91' lang='lat' dir='ltr'>ab</span> <span class='ocrx_word' id='word_1_105' title='bbox 857 1054 987 1090; x_wconf 85' lang='lat' dir='ltr'>Silano</span> <span class='ocrx_word' id='word_1_106' title='bbox 1014 1053 1167 1097; x_wconf 85' lang='lat' dir='ltr'>auxilia,</span> <span class='ocrx_word' id='word_1_107' title='bbox 1189 1055 1262 1090; x_wconf 71' lang='lat' dir='ltr'>tria</span> 
     </span>
     <span class='ocr_line' id='line_1_17' title="bbox 150 1117 1260 1167; baseline 0.003 -16"><span class='ocrx_word' id='word_1_108' title='bbox 150 1117 267 1153; x_wconf 81' lang='lat' dir='ltr'>millia</span> <span class='ocrx_word' id='word_1_109' title='bbox 285 1119 453 1167; x_wconf 86' lang='lat' dir='ltr'>peditum</span> <span class='ocrx_word' id='word_1_110' title='bbox 473 1124 511 1154; x_wconf 88' lang='lat' dir='ltr'>et</span> <span class='ocrx_word' id='word_1_111' title='bbox 535 1119 733 1167; x_wconf 84' lang='lat' dir='ltr'>quingenti</span> <span class='ocrx_word' id='word_1_112' title='bbox 753 1119 921 1167; x_wconf 83' lang='lat' dir='ltr'>equites:</span> <span class='ocrx_word' id='word_1_113' title='bbox 954 1118 1041 1153; x_wconf 80' lang='lat' dir='ltr'>inde</span> <span class='ocrx_word' id='word_1_114' title='bbox 1061 1118 1107 1153; x_wconf 88' lang='lat' dir='ltr'>ad</span> <span class='ocrx_word' id='word_1_115' title='bbox 1126 1118 1260 1154; x_wconf 80' lang='lat' dir='ltr'>Baecu-</span> 
     </span>
     <span class='ocr_line' id='line_1_18' title="bbox 149 1180 1261 1232; baseline 0.003 -16"><span class='ocrx_word' id='word_1_116' title='bbox 149 1180 223 1216; x_wconf 86' lang='lat' dir='ltr'>lam</span> <span class='ocrx_word' id='word_1_117' title='bbox 254 1181 383 1217; x_wconf 90' lang='lat' dir='ltr'>urbem</span> <span class='ocrx_word' id='word_1_118' title='bbox 412 1195 632 1232; x_wconf 72' lang='lat' dir='ltr'>progressus</span> <span class='ocrx_word' id='word_1_119' title='bbox 654 1183 757 1218; x_wconf 85' lang='lat' dir='ltr'>omui</span> <span class='ocrx_word' id='word_1_120' title='bbox 779 1183 945 1218; x_wconf 83' lang='lat' dir='ltr'>exercitu</span> <span class='ocrx_word' id='word_1_121' title='bbox 965 1183 1116 1225; x_wconf 85' lang='lat' dir='ltr'>civium,</span> <span class='ocrx_word' id='word_1_122' title='bbox 1138 1184 1261 1219; x_wconf 82' lang='lat' dir='ltr'>socio-</span> 
     </span>
     <span class='ocr_line' id='line_1_19' title="bbox 148 1245 1260 1295; baseline 0.002 -15"><span class='ocrx_word' id='word_1_123' title='bbox 148 1257 244 1286; x_wconf 89' lang='lat' dir='ltr'>rum,</span> <span class='ocrx_word' id='word_1_124' title='bbox 276 1245 443 1295; x_wconf 72' lang='lat' dir='ltr'>peditum</span> <span class='ocrx_word' id='word_1_125' title='bbox 478 1247 720 1294; x_wconf 81' lang='lat' dir='ltr'>equitumque</span> <span class='ocrx_word' id='word_1_126' title='bbox 750 1247 914 1295; x_wconf 88' lang='lat' dir='ltr'>quinque</span> <span class='ocrx_word' id='word_1_127' title='bbox 945 1252 983 1281; x_wconf 87' lang='lat' dir='ltr'>et</span> <span class='ocrx_word' id='word_1_128' title='bbox 1011 1246 1260 1295; x_wconf 84' lang='lat' dir='ltr'>quadraginta</span> 
     </span>
     <span class='ocr_line' id='line_1_20' title="bbox 147 1308 1260 1359; baseline 0.002 -16"><span class='ocrx_word' id='word_1_129' title='bbox 147 1308 324 1346; x_wconf 83' lang='lat' dir='ltr'>millibus.</span> <span class='ocrx_word' id='word_1_130' title='bbox 383 1310 517 1346; x_wconf 86' lang='lat' dir='ltr'>Castra</span> <span class='ocrx_word' id='word_1_131' title='bbox 545 1317 729 1359; x_wconf 86' lang='lat' dir='ltr'>ponentes</span> <span class='ocrx_word' id='word_1_132' title='bbox 759 1322 824 1346; x_wconf 88' lang='lat' dir='ltr'>eos</span> <span class='ocrx_word' id='word_1_133' title='bbox 853 1310 973 1359; x_wconf 84' lang='lat' dir='ltr'>Mago</span> <span class='ocrx_word' id='word_1_134' title='bbox 989 1318 1027 1345; x_wconf 90' lang='lat' dir='ltr'>et</span> <span class='ocrx_word' id='word_1_135' title='bbox 1055 1310 1260 1346; x_wconf 84' lang='lat' dir='ltr'>Masinissa</span> 
     </span>
     <span class='ocr_line' id='line_1_21' title="bbox 148 1373 1260 1423; baseline 0.002 -16"><span class='ocrx_word' id='word_1_136' title='bbox 148 1385 233 1407; x_wconf 91' lang='lat' dir='ltr'>cum</span> <span class='ocrx_word' id='word_1_137' title='bbox 267 1373 371 1408; x_wconf 88' lang='lat' dir='ltr'>omni</span> <span class='ocrx_word' id='word_1_138' title='bbox 407 1375 578 1421; x_wconf 83' lang='lat' dir='ltr'>equitatu</span> <span class='ocrx_word' id='word_1_139' title='bbox 615 1374 779 1422; x_wconf 83' lang='lat' dir='ltr'>adgressi</span> <span class='ocrx_word' id='word_1_140' title='bbox 816 1380 926 1409; x_wconf 82' lang='lat' dir='ltr'>sunt:</span> <span class='ocrx_word' id='word_1_141' title='bbox 968 1373 1260 1423; x_wconf 80' lang='lat' dir='ltr'>turbassentque</span> 
     </span>
     <span class='ocr_line' id='line_1_22' title="bbox 148 1437 1259 1487; baseline 0.002 -15"><span class='ocrx_word' id='word_1_142' title='bbox 148 1437 375 1479; x_wconf 81' lang='lat' dir='ltr'>munientes,</span> <span class='ocrx_word' id='word_1_143' title='bbox 405 1438 444 1472; x_wconf 92' lang='lat' dir='ltr'>ni</span> <span class='ocrx_word' id='word_1_144' title='bbox 471 1437 588 1472; x_wconf 84' lang='lat' dir='ltr'>abditi</span> <span class='ocrx_word' id='word_1_145' title='bbox 622 1445 709 1487; x_wconf 92' lang='lat' dir='ltr'>post</span> <span class='ocrx_word' id='word_1_146' title='bbox 737 1437 938 1481; x_wconf 88' lang='lat' dir='ltr'>tumulum,</span> <span class='ocrx_word' id='word_1_147' title='bbox 968 1444 1182 1487; x_wconf 83' lang='lat' dir='ltr'>opportune</span> <span class='ocrx_word' id='word_1_148' title='bbox 1212 1438 1259 1474; x_wconf 90' lang='lat' dir='ltr'>ad</span> 
     </span>
     <span class='ocr_line' id='line_1_23' title="bbox 148 1499 1257 1551; baseline 0.004 -17"><span class='ocrx_word' id='word_1_149' title='bbox 148 1499 185 1536; x_wconf 88' lang='lat' dir='ltr'>id</span> <span class='ocrx_word' id='word_1_150' title='bbox 213 1501 393 1549; x_wconf 56' lang='lat' dir='ltr'>positum,</span> <span class='ocrx_word' id='word_1_151' title='bbox 416 1501 461 1537; x_wconf 89' lang='lat' dir='ltr'>ab</span> <span class='ocrx_word' id='word_1_152' title='bbox 484 1502 662 1551; x_wconf 87' lang='lat' dir='ltr'>Scipione</span> <span class='ocrx_word' id='word_1_153' title='bbox 681 1503 824 1550; x_wconf 82' lang='lat' dir='ltr'>equites</span> <span class='ocrx_word' id='word_1_154' title='bbox 853 1503 1044 1551; x_wconf 84' lang='lat' dir='ltr'>inproviso</span> <span class='ocrx_word' id='word_1_155' title='bbox 1062 1503 1102 1538; x_wconf 89' lang='lat' dir='ltr'>in</span> <span class='ocrx_word' id='word_1_156' title='bbox 1121 1502 1257 1539; x_wconf 78' lang='lat' dir='ltr'>effusos</span> 
     </span>
     <span class='ocr_line' id='line_1_24' title="bbox 147 1563 1258 1616; baseline 0.003 -17"><span class='ocrx_word' id='word_1_157' title='bbox 147 1563 405 1601; x_wconf 85' lang='lat' dir='ltr'>incurrissent.</span> <span class='ocrx_word' id='word_1_158' title='bbox 463 1565 515 1601; x_wconf 89' lang='lat' dir='ltr'>Hi</span> <span class='ocrx_word' id='word_1_159' title='bbox 540 1566 835 1615; x_wconf 89' lang='lat' dir='ltr'>promtissimum</span> <span class='ocrx_word' id='word_1_160' title='bbox 857 1579 1055 1615; x_wconf 88' lang='lat' dir='ltr'>quemque,</span> <span class='ocrx_word' id='word_1_161' title='bbox 1077 1574 1113 1602; x_wconf 90' lang='lat' dir='ltr'>et</span> <span class='ocrx_word' id='word_1_162' title='bbox 1131 1567 1258 1616; x_wconf 84' lang='lat' dir='ltr'>proxi·</span> 
     </span>
     <span class='ocr_line' id='line_1_25' title="bbox 148 1628 1258 1681; baseline 0.003 -17"><span class='ocrx_word' id='word_1_163' title='bbox 148 1641 207 1664; x_wconf 89' lang='lat' dir='ltr'>me</span> <span class='ocrx_word' id='word_1_164' title='bbox 226 1628 379 1671; x_wconf 83' lang='lat' dir='ltr'>vallum,</span> <span class='ocrx_word' id='word_1_165' title='bbox 400 1636 513 1678; x_wconf 90' lang='lat' dir='ltr'>atque</span> <span class='ocrx_word' id='word_1_166' title='bbox 533 1630 572 1665; x_wconf 87' lang='lat' dir='ltr'>iu</span> <span class='ocrx_word' id='word_1_167' title='bbox 592 1631 693 1680; x_wconf 88' lang='lat' dir='ltr'>ipsos</span> <span class='ocrx_word' id='word_1_168' title='bbox 712 1632 920 1667; x_wconf 83' lang='lat' dir='ltr'>munitores</span> <span class='ocrx_word' id='word_1_169' title='bbox 940 1632 1102 1681; x_wconf 85' lang='lat' dir='ltr'>primum</span> <span class='ocrx_word' id='word_1_170' title='bbox 1132 1632 1258 1668; x_wconf 84' lang='lat' dir='ltr'>invec-</span> 
     </span>
     <span class='ocr_line' id='line_1_26' title="bbox 147 1683 1258 1742; baseline 0.004 -15"><span class='ocrx_word' id='word_1_171' title='bbox 147 1698 242 1734; x_wconf 88' lang='lat' dir='ltr'>tum,</span> <span class='ocrx_word' id='word_1_172' title='bbox 273 1683 425 1728; x_wconf 86' lang='lat' dir='ltr'>vixdum</span> <span class='ocrx_word' id='word_1_173' title='bbox 455 1692 590 1742; x_wconf 82' lang='lat' dir='ltr'>proelio</span> <span class='ocrx_word' id='word_1_174' title='bbox 621 1694 731 1735; x_wconf 89' lang='lat' dir='ltr'>inito,</span> <span class='ocrx_word' id='word_1_175' title='bbox 764 1694 966 1730; x_wconf 85' lang='lat' dir='ltr'>fuderunt:</span> <span class='ocrx_word' id='word_1_176' title='bbox 999 1707 1084 1731; x_wconf 92' lang='lat' dir='ltr'>cum</span> <span class='ocrx_word' id='word_1_177' title='bbox 1109 1697 1258 1740; x_wconf 86' lang='lat' dir='ltr'>ceteris,</span> 
     </span>
     <span class='ocr_line' id='line_1_27' title="bbox 148 1755 1257 1805; baseline 0.005 -16"><span class='ocrx_word' id='word_1_178' title='bbox 148 1755 210 1803; x_wconf 89' lang='lat' dir='ltr'>qui</span> <span class='ocrx_word' id='word_1_179' title='bbox 249 1755 317 1790; x_wconf 88' lang='lat' dir='ltr'>sub</span> <span class='ocrx_word' id='word_1_180' title='bbox 351 1756 468 1803; x_wconf 84' lang='lat' dir='ltr'>signis</span> <span class='ocrx_word' id='word_1_181' title='bbox 506 1762 618 1804; x_wconf 87' lang='lat' dir='ltr'>atque</span> <span class='ocrx_word' id='word_1_182' title='bbox 648 1757 780 1792; x_wconf 86' lang='lat' dir='ltr'>ordine</span> <span class='ocrx_word' id='word_1_183' title='bbox 817 1758 978 1805; x_wconf 77' lang='lat' dir='ltr'>agminis</span> <span class='ocrx_word' id='word_1_184' title='bbox 1013 1758 1257 1803; x_wconf 81' lang='lat' dir='ltr'>incesserant,</span> 
     </span>
     <span class='ocr_line' id='line_1_28' title="bbox 147 1818 1258 1871; baseline 0.007 -18"><span class='ocrx_word' id='word_1_185' title='bbox 147 1818 298 1867; x_wconf 85' lang='lat' dir='ltr'>longior</span> <span class='ocrx_word' id='word_1_186' title='bbox 318 1826 355 1854; x_wconf 89' lang='lat' dir='ltr'>et</span> <span class='ocrx_word' id='word_1_187' title='bbox 384 1819 447 1855; x_wconf 88' lang='lat' dir='ltr'>diu</span> <span class='ocrx_word' id='word_1_188' title='bbox 477 1820 656 1868; x_wconf 85' lang='lat' dir='ltr'>ambigua</span> <span class='ocrx_word' id='word_1_189' title='bbox 688 1834 814 1870; x_wconf 86' lang='lat' dir='ltr'>pugna</span> <span class='ocrx_word' id='word_1_190' title='bbox 846 1821 940 1858; x_wconf 90' lang='lat' dir='ltr'>fuit:</span> <span class='ocrx_word' id='word_1_191' title='bbox 973 1823 1037 1858; x_wconf 90' lang='lat' dir='ltr'>sed</span> <span class='ocrx_word' id='word_1_192' title='bbox 1067 1836 1181 1871; x_wconf 84' lang='lat' dir='ltr'>quum</span> <span class='ocrx_word' id='word_1_193' title='bbox 1211 1824 1258 1861; x_wconf 86' lang='lat' dir='ltr'>ab</span> 
     </span>
     <span class='ocr_line' id='line_1_29' title="bbox 147 1883 1258 1935; baseline 0.006 -17"><span class='ocrx_word' id='word_1_194' title='bbox 147 1883 373 1919; x_wconf 80' lang='lat' dir='ltr'>stationibus</span> <span class='ocrx_word' id='word_1_195' title='bbox 412 1885 572 1933; x_wconf 84' lang='lat' dir='ltr'>primum</span> <span class='ocrx_word' id='word_1_196' title='bbox 610 1885 793 1935; x_wconf 86' lang='lat' dir='ltr'>expeditae</span> <span class='ocrx_word' id='word_1_197' title='bbox 824 1886 1015 1929; x_wconf 83' lang='lat' dir='ltr'>cohortes,</span> <span class='ocrx_word' id='word_1_198' title='bbox 1046 1887 1180 1924; x_wconf 85' lang='lat' dir='ltr'>deinde</span> <span class='ocrx_word' id='word_1_199' title='bbox 1213 1901 1258 1926; x_wconf 77' lang='lat' dir='ltr'>ex</span> 
     </span>
     <span class='ocr_line' id='line_1_30' title="bbox 146 1947 1257 2001; baseline 0.005 -19"><span class='ocrx_word' id='word_1_200' title='bbox 146 1959 259 1996; x_wconf 85' lang='lat' dir='ltr'>opere</span> <span class='ocrx_word' id='word_1_201' title='bbox 279 1947 427 1983; x_wconf 87' lang='lat' dir='ltr'>deducti</span> <span class='ocrx_word' id='word_1_202' title='bbox 444 1948 595 1991; x_wconf 79' lang='lat' dir='ltr'>milites,</span> <span class='ocrx_word' id='word_1_203' title='bbox 617 1956 729 1997; x_wconf 84' lang='lat' dir='ltr'>atque</span> <span class='ocrx_word' id='word_1_204' title='bbox 749 1962 852 1985; x_wconf 88' lang='lat' dir='ltr'>arma</span> <span class='ocrx_word' id='word_1_205' title='bbox 872 1949 1114 2000; x_wconf 84' lang='lat' dir='ltr'>caperejussi</span> <span class='ocrx_word' id='word_1_206' title='bbox 1135 1951 1257 2001; x_wconf 82' lang='lat' dir='ltr'>plures</span> 
     </span>
     <span class='ocr_line' id='line_1_31' title="bbox 146 2012 1257 2063; baseline 0.005 -17"><span class='ocrx_word' id='word_1_207' title='bbox 146 2017 184 2046; x_wconf 85' lang='lat' dir='ltr'>et</span> <span class='ocrx_word' id='word_1_208' title='bbox 204 2012 340 2059; x_wconf 86' lang='lat' dir='ltr'>integri</span> <span class='ocrx_word' id='word_1_209' title='bbox 361 2012 483 2056; x_wconf 86' lang='lat' dir='ltr'>fessis,</span> <span class='ocrx_word' id='word_1_210' title='bbox 505 2025 758 2061; x_wconf 84' lang='lat' dir='ltr'>magnumque</span> <span class='ocrx_word' id='word_1_211' title='bbox 772 2013 853 2063; x_wconf 79' lang='lat' dir='ltr'>jam</span> <span class='ocrx_word' id='word_1_212' title='bbox 871 2027 1004 2062; x_wconf 81' lang='lat' dir='ltr'>agmen</span> <span class='ocrx_word' id='word_1_213' title='bbox 1026 2023 1257 2054; x_wconf 85' lang='lat' dir='ltr'>armatorum</span> 
     </span>
     <span class='ocr_line' id='line_1_32' title="bbox 146 2076 1256 2126; baseline 0.005 -16"><span class='ocrx_word' id='word_1_214' title='bbox 146 2087 168 2110; x_wconf 90' lang='lat' dir='ltr'>a</span> <span class='ocrx_word' id='word_1_215' title='bbox 187 2076 316 2111; x_wconf 79' lang='lat' dir='ltr'>castris</span> <span class='ocrx_word' id='word_1_216' title='bbox 346 2077 385 2112; x_wconf 90' lang='lat' dir='ltr'>in</span> <span class='ocrx_word' id='word_1_217' title='bbox 414 2076 589 2126; x_wconf 77' lang='lat' dir='ltr'>proelium</span> <span class='ocrx_word' id='word_1_218' title='bbox 620 2084 759 2119; x_wconf 84' lang='lat' dir='ltr'>rueret,</span> <span class='ocrx_word' id='word_1_219' title='bbox 781 2084 886 2126; x_wconf 85' lang='lat' dir='ltr'>terga</span> <span class='ocrx_word' id='word_1_220' title='bbox 916 2078 1016 2114; x_wconf 86' lang='lat' dir='ltr'>haud</span> <span class='ocrx_word' id='word_1_221' title='bbox 1039 2079 1150 2115; x_wconf 89' lang='lat' dir='ltr'>dubie</span> <span class='ocrx_word' id='word_1_222' title='bbox 1177 2093 1256 2116; x_wconf 89' lang='lat' dir='ltr'>ver-</span> 
     </span>
     <span class='ocr_line' id='line_1_33' title="bbox 147 2140 1257 2190; baseline 0.006 -17"><span class='ocrx_word' id='word_1_223' title='bbox 147 2146 233 2174; x_wconf 88' lang='lat' dir='ltr'>tunt</span> <span class='ocrx_word' id='word_1_224' title='bbox 259 2140 369 2176; x_wconf 83' lang='lat' dir='ltr'>Poeni</span> <span class='ocrx_word' id='word_1_225' title='bbox 400 2141 663 2189; x_wconf 68' lang='lat' dir='ltr'>Numidaeque.</span> <span class='ocrx_word' id='word_1_226' title='bbox 720 2142 771 2177; x_wconf 90' lang='lat' dir='ltr'>Et</span> <span class='ocrx_word' id='word_1_227' title='bbox 802 2143 922 2190; x_wconf 86' lang='lat' dir='ltr'>primo</span> <span class='ocrx_word' id='word_1_228' title='bbox 952 2144 1146 2179; x_wconf 85' lang='lat' dir='ltr'>turmatim</span> <span class='ocrx_word' id='word_1_229' title='bbox 1177 2145 1257 2180; x_wconf 90' lang='lat' dir='ltr'>abi-</span> 
     </span>
     <span class='ocr_line' id='line_1_34' title="bbox 147 2202 1257 2255; baseline 0.007 -18"><span class='ocrx_word' id='word_1_230' title='bbox 147 2202 252 2245; x_wconf 86' lang='lat' dir='ltr'>bant,</span> <span class='ocrx_word' id='word_1_231' title='bbox 274 2204 369 2239; x_wconf 90' lang='lat' dir='ltr'>nihil</span> <span class='ocrx_word' id='word_1_232' title='bbox 395 2213 548 2255; x_wconf 87' lang='lat' dir='ltr'>propter</span> <span class='ocrx_word' id='word_1_233' title='bbox 577 2218 754 2255; x_wconf 86' lang='lat' dir='ltr'>pavorem</span> <span class='ocrx_word' id='word_1_234' title='bbox 775 2205 1104 2242; x_wconf 81' lang='lat' dir='ltr'>festinationemve</span> <span class='ocrx_word' id='word_1_235' title='bbox 1123 2209 1257 2245; x_wconf 87' lang='lat' dir='ltr'>confu-</span> 
     </span>
     <span class='ocr_line' id='line_1_35' title="bbox 148 2265 1257 2318; baseline 0.008 -19"><span class='ocrx_word' id='word_1_236' title='bbox 148 2265 197 2299; x_wconf 74' lang='lat' dir='ltr'>sis</span> <span class='ocrx_word' id='word_1_237' title='bbox 217 2267 410 2303; x_wconf 87' lang='lat' dir='ltr'>ordinibus</span> <span class='ocrx_word' id='word_1_238' title='bbox 428 2283 434 2303; x_wconf 90' lang='lat'>:</span> <span class='ocrx_word' id='word_1_239' title='bbox 467 2269 567 2311; x_wconf 86' lang='lat' dir='ltr'>dein,</span> <span class='ocrx_word' id='word_1_240' title='bbox 589 2275 788 2318; x_wconf 85' lang='lat' dir='ltr'>postquam</span> <span class='ocrx_word' id='word_1_241' title='bbox 810 2270 930 2304; x_wconf 82' lang='lat' dir='ltr'>acrius</span> <span class='ocrx_word' id='word_1_242' title='bbox 952 2268 1091 2305; x_wconf 86' lang='lat' dir='ltr'>ultimis</span> <span class='ocrx_word' id='word_1_243' title='bbox 1118 2272 1257 2308; x_wconf 85' lang='lat' dir='ltr'>incide-</span> 
     </span>
     <span class='ocr_line' id='line_1_36' title="bbox 149 2328 1254 2383; baseline 0.007 -19"><span class='ocrx_word' id='word_1_244' title='bbox 149 2328 214 2365; x_wconf 84' lang='lat' dir='ltr'>bat</span> <span class='ocrx_word' id='word_1_245' title='bbox 235 2329 443 2375; x_wconf 77' lang='lat' dir='ltr'>Romanus,</span> <span class='ocrx_word' id='word_1_246' title='bbox 465 2345 586 2381; x_wconf 83' lang='lat' dir='ltr'>neque</span> <span class='ocrx_word' id='word_1_247' title='bbox 606 2333 781 2368; x_wconf 87' lang='lat' dir='ltr'>sustiueri</span> <span class='ocrx_word' id='word_1_248' title='bbox 803 2334 948 2383; x_wconf 79' lang='lat' dir='ltr'>inpetus</span> <span class='ocrx_word' id='word_1_249' title='bbox 979 2340 1141 2383; x_wconf 65' lang='lat' dir='ltr'>poterat,</span> <span class='ocrx_word' id='word_1_250' title='bbox 1164 2338 1254 2372; x_wconf 75' lang='lat' dir='ltr'>nihil</span> 
     </span>
    </p>
   </div>
   <div class='ocr_carea' id='block_1_5' title="bbox 670 2396 741 2432">
    <p class='ocr_par' dir='ltr' id='par_1_5' title="bbox 670 2396 741 2432">
     <span class='ocr_line' id='line_1_37' title="bbox 670 2396 741 2432; baseline -0.014 0"><span class='ocrx_word' id='word_1_251' title='bbox 670 2396 701 2432; x_wconf 90' lang='lat' dir='ltr'>F</span> <span class='ocrx_word' id='word_1_252' title='bbox 720 2399 741 2431; x_wconf 78' lang='lat'><strong>3</strong></span> 
     </span>
    </p>
   </div>
  </div>
 </body>
</html>
