1523 2666
269 203 351 255 184
724 214 769 243 T.
791 214 924 245 mvn

68 301 160 332 UaC·
180 306 253 332 ⁵4⁸·
267 303 314 339 ad
344 302 387 339 P.
408 302 650 351 Scipionem5
681 304 972 352 responderunt,
993 305 1115 340 missos
1134 305 1270 353 legatos
1295 312 1378 348 esse}

68 345 110 374 Α·
125 344 162 374 C'
180 350 327 403 42Μέεεί
347 379 427 402 eum
446 367 527 402 belli
545 367 731 414 adparata
750 374 959 415 occupatam.
981 380 1074 404 esse:
1103 373 1138 404 et
1158 371 1192 404 in
1211 369 1381 418 Africam

69 425 157 473 F³b{5
173 435 242 455 ⁵⁶¹¹·
265 436 330 467 aut
349 430 431 477 jam
458 429 648 476 trajecisse,
671 436 736 466 aut
755 433 853 467 intra
877 445 1009 479 paucos
1037 434 1110 468 dies
1133 432 1380 479 trajectarum.

68 475 253 541 ἰῗέἑιῧέᾏῑ,
265 496 329 537 Et,
351 497 462 543 legati
488 497 612 543 gratia
638 500 775 542 quanta
801 502 888 532 esset
914 498 1013 544 apud
1037 498 1301 545 imperatorem,
1320 510 1381 533 ea-

69 555 212 593 pionem.
258 566 381 609 pertos
400 572 495 596 esse:
514 572 635 607 quum,
652 562 747 595 inter
765 572 844 595 eum
859 566 893 595 et
913 562 1069 597 tribunos
1083 564 1226 609 cognita
1242 574 1380 605 caussa,

264 625 420 660 tribunos
451 626 487 659 in
513 625 657 659 vincula
687 622 894 669 conjecerit;
926 626 1085 672 legatum
1111 639 1207 674 a‘que
1230 631 1381 668 sontem,

263 693 328 724 aut
347 690 461 735 magis
479 690 602 727 etiam,
623 689 661 724 in
681 701 723 723 ea
738 694 917 736 potestate
935 691 1133 737 reliquerit.
1173 689 1198 724 J
1202 690 1295 725 ussis
1316 702 1382 725 ex-

264 751 396 788 cedere
427 764 446 786 e
478 750 621 800 templo
656 751 806 799 legatiS‚
836 764 911 787 nou
939 752 1146 787 Pleminius
1167 753 1296 795 modo,
1318 752 1384 788 sed

263 817 378 853 etiam
405 815 548 865 Scipio,
571 816 785 865 principum
817 816 1056 852 orationibus
1080 816 1261 852 lacerari:
1295 822 1384 852 ante

265 891 396 916 omnes
431 879 481 918 Q.
511 879 667 922 Fabius,
702 886 833 915 natum
869 892 954 915 eum
981 881 1027 915 ad
1061 880 1384 929 conrumpendam

265 942 503 992 disciplinam
524 942 741 984 militarem,
763 956 932 991 arguere.
991 944 1053 979 Sic
1078 949 1112 979 et
1141 945 1176 979 in
1204 945 1386 991 Hispania

262 1008 347 1054 plus
366 1019 481 1055 prope
506 1019 574 1055 per
595 1009 803 1043 seditionem
833 1009 1000 1049 militum,
1023 1021 1129 1056 quam
1151 1009 1256 1049 bello,
1277 1010 1386 1044 mnis-

264 1083 364 1107 sum:
393 1077 537 1107 externo
556 1077 589 1107 et
615 1074 713 1119 regio
733 1084 831 1108 more
857 1078 891 1108 et
914 1074 1098 1119 indulgere
1118 1074 1269 1108 licentioe
1288 1073 1386 1108 mili-

267 1140 356 1177 tum,
374 1140 409 1170 et
427 1137 596 1171 sceoirein
613 1148 680 1171 eos.
713 1136 948 1171 Sententiam
968 1136 1102 1171 deinde
1124 1148 1228 1184 acque
1241 1142 1386 1171 trucem

266 1199 432 1235 orationi
468 1198 618 1247 adjecit.
679 1200 899 1235 Pleminium
928 1201 1085 1247 legatum
1120 1202 1279 1236 vinctum
1309 1199 1386 1235 Ro-

266 1275 364 1298 mam
383 1264 569 1310 deportari
592 1263 750 1309 placere,
771 1268 807 1299 et
832 1275 873 1298 esc
894 1264 1046 1299 vinculis
1065 1275 1226 1299 caussam
1246 1264 1362 1298 dicere
1375 1278 1387 1298 .-

267 1339 323 1369 ac,
343 1328 373 1362 si
402 1339 486 1362 vera
505 1326 649 1375 forent,
675 1339 752 1374 quse
775 1328 966 1363 Locrenses
985 1332 1229 1374 quererentur,
1247 1328 1285 1362 in
1305 1339 1386 1362 car-

267 1402 346 1426 cere
365 1392 498 1432 necari,
517 1390 674 1437 bonaque
690 1390 762 1437 ejus
777 1392 968 1438 publicari.
999 1392 1044 1427 P.
1058 1391 1280 1438 Scipionem,
1294 1391 1390 1439 quod

269 1456 313 1490 de
334 1456 524 1503 provincia
545 1456 743 1491 decessisset
768 1454 901 1501 injussu
919 1461 1076 1498 senatus,
1098 1457 1278 1491 revocari.-
1307 1456 1389 1502 agi-

267 1530 333 1566 que
358 1530 439 1554 eum
467 1519 617 1554 tribunis
638 1519 766 1566 plebis,
787 1524 827 1554 ut
847 1520 890 1554 de
910 1521 1059 1567 imperio
1085 1518 1159 1565 ejus
1181 1519 1391 1565 abrogando

255 1581 402 1629 ferrent
422 1584 470 1618 ad
493 1584 679 1631 populum.
737 1583 970 1619 Locrensibus
990 1596 1111 1619 coram
1138 1588 1302 1619 senatum
1330 1594 1391 1618 re-

264 1647 452 1693 spondere,
491 1647 589 1686 Quas
618 1645 769 1692 injurias
797 1647 863 1683 sibi
888 1647 1019 1695 factas
1051 1652 1294 1694 quererentur,
1327 1659 1393 1683 eas-

266 1722 379 1758 neque
395 1715 573 1753 senatum,
594 1723 705 1759 neque
726 1712 903 1759 populum
923 1711 1127 1747 Romanum
1136 1711 1266 1759 jactas
1284 1713 1386 1749 velle.

273 1775 372 1810 Viros
392 1775 509 1818 bonos,
529 1778 720 1823 sociosque,
742 1781 777 1811 et
792 1777 926 1812 amicos
941 1787 998 1812 eos
1016 1776 1224 1823 adpellari:
1245 1776 1384 1820 liberos,

266 1837 442 1886 conjuges,
458 1852 602 1888 quaeque
618 1841 693 1876 alia
713 1845 835 1888 erepta
855 1845 980 1883 essent,
997 1842 1163 1877 restitui:
1178 1843 1383 1888 pecuniam,

264 1908 403 1951 quanta
422 1915 464 1939 ex
484 1903 657 1939 thesauris
677 1905 903 1952 Proserpinae
922 1905 1064 1940 sublata
1084 1909 1182 1946 esset,
1205 1906 1382 1952 conquiri,

263 1968 483 2014 duplamque
510 1971 704 2015 pecuniam
731 1969 767 2004 in
797 1968 980 2004 thesauros
1007 1971 1158 2017 reponi:
1187 1973 1222 2004 et
1241 1980 1392 2005 sacrum«

258 2032 449 2078 piaculare
467 2033 569 2081 fieri,
601 2034 655 2068 ita
683 2037 724 2068 ut
751 2035 853 2080 prius
881 2035 930 2069 ad
956 2034 1145 2080 collegium
1173 2034 1395 2082 pontificum.

262 2093 473 2142 referretur,
495 2097 594 2143 quod·
608 2098 704 2132 sacri
725 2096 881 2132 thesauri
902 2098 1001 2138 moti,
1022 2097 1150 2132 violati
1166 2101 1290 2139 essent,
1305 2109 1382 2145 quae

255 2161 421 2206 piacula,
444 2162 569 2208 quibus
587 2163 687 2204 Diis,
709 2162 833 2209 quibus
851 2163 986 2203 hostiis,
995 2162 1085 2211 fieri
1102 2163 1272 2209 placeret.
1302 2162 1397 2198 Mi·-

260 2225 353 2265 Zites,
369 2227 429 2271 qui
448 2225 574 2261 Locris
594 2232 718 2267 essent,
737 2238 854 2262 omnes
870 2229 906 2262 in
927 2227 1090 2262 Siciliam
1113 2228 1376 2274 transportari:
1393 2259 1395 2263 ,

258 2292 412 2334 quatuor
432 2289 591 2326 cohortes
608 2292 782 2326 sociorum
804 2291 931 2327 Latini
951 2292 1102 2327 nominis
1121 2292 1156 2327 in
1169 2292 1378 2338 prcesidium

256 2351 390 2389 Locros
408 2354 551 2392 adduci.
608 2355 810 2404 Perrogari
831 2368 875 2392 eo
893 2355 952 2393 die
972 2355 1185 2400 sententiae,
1205 2355 1375 2392 accensis
1392 2380 1396 2384 .
