1523 2666
81 303 122 335 U.
136 303 171 333 C.
190 310 261 336 543.

81 347 119 376 Α.
134 347 169 377 C.
189 355 260 381 209.

276 217 331 259 30
738 217 782 246 τ.
808 217 942 247 mvn

274 308 409 346 liandis
429 306 679 345 barbarorum
701 309 851 353 animis,
872 311 1011 360 partim
1035 310 1158 354 donis,
1179 312 1317 361 partim
1338 324 1396 347 re-

273 374 455 410 missione
484 371 661 408 obsidum
692 373 1017 423 captivorumque,
1039 374 1309 420 absumsisset3
1342 375 1397 411 E-

273 438 386 474 desco
416 437 463 474 ad
493 449 594 480 eum,
618 436 740 473 clarus
771 438 871 474 inter
899 438 1012 474 duces
1045 438 1256 488 Hispanos,
1280 440 1397 476 venit.

270 501 395 540 Erant
427 499 570 551 conjux
598 499 785 550 liberique
815 500 896 552 ejus
930 502 1031 552 apud
1059 501 1286 539 Romanos:
1325 503 1392 539 sed

270 573 409 617 przeter
428 579 510 602 eam
530 577 700 602 caussam
731 566 846 602 etiam
875 565 978 602 velut
1005 566 1166 602 fortuita
1193 567 1394 603 inclinatio

272 631 500 674 animorum,
539 643 622 680 quae
660 629 892 681 Hispaniam
929 643 1082 667 omnem
1116 637 1305 667 averterat
1347 631 1396 668 ad

269 694 492 732 Romanum
522 708 544 731 a
574 694 725 730 Punico
755 695 929 744 imperio,
950 696 1067 732 traxit
1096 708 1195 732 eum.
1250 695 1395 732 Eadem

269 772 403 796 caussa
422 759 577 796 Indibili
596 759 888 809 Mandonioque
906 761 993 804 fuit,
1014 761 1116 797 haud
1138 761 1250 797 dubie
1270 761 1393 797 omnis

269 823 469 874 Hispaniae
490 824 740 874 principibus,
763 837 849 861 cum
870 826 974 861 omni
994 825 1236 875 popularium
1261 838 1391 869 manu,

268 888 403 925 relicto
430 887 688 931 Hasdrubale,
710 889 910 925 secedendi
940 890 979 924 in
1008 890 1236 925 inminentes
1258 890 1391 926 castris

269 950 350 1002 ejus
367 951 548 995 tumulos,
564 952 663 988 unde
681 965 748 1003 per
767 953 1006 989 continentia
1019 952 1116 1003 juga
1135 959 1239 989 tutus
1260 966 1392 1004 recep-

269 1023 329 1052 tus
360 1017 407 1053 ad
435 1016 633 1052 Romanos
658 1022 769 1054 esset.
825 1015 1060 1060 Hasdrubal,
1083 1030 1198 1066 quum
1219 1017 1390 1054 hostium

267 1094 326 1117 res
356 1082 472 1117 tantis
504 1093 706 1129 augescere
734 1082 977 1118 incrementis
1008 1088 1195 1126 cerneret,
1217 1094 1303 1119 suas
1329 1083 1391 1119 in-

265 1147 400 1190 minui,
436 1159 479 1184 ae
512 1146 608 1189 fore,
636 1153 691 1191 ut,
720 1147 791 1183 nisi
827 1147 999 1184 audendo
1030 1147 1173 1197 aliquid
1202 1153 1390 1191 moveret,

263 1224 339 1260 qua
376 1211 596 1262 coepissent,
634 1210 810 1254 fluerent,
850 1212 1030 1248 dimicare
1067 1224 1180 1261 quam
1223 1205 1390 1262 primuni

265 1276 411 1312 statuit.
470 1276 598 1325 Scipio
619 1276 764 1312 avidior
783 1277 897 1312 etiam
919 1277 1136 1312 certaminis
1158 1283 1252 1320 erat,
1272 1289 1389 1326 quum

264 1353 287 1376 a
317 1353 395 1391 spe,
417 1354 530 1390 quam
565 1353 757 1377 successus
791 1354 917 1377 rerum
947 1342 1140 1391 augebat,
1172 1349 1255 1378 tum
1284 1342 1388 1391 quod

261 1407 381 1455 prius,
421 1419 534 1455 quain
563 1405 820 1456 jungerentur
852 1407 1021 1443 hostium
1058 1407 1261 1450 exercitus,
1300 1418 1388 1443 cum

262 1482 341 1506 uno
373 1470 553 1506 dimicare
586 1471 680 1506 duce
719 1472 976 1519 exercituque,
1010 1483 1124 1519 quam
1155 1470 1266 1506 simul
1299 1483 1386 1507 eum

262 1534 461 1577 universis,
483 1533 661 1571 malebat.
719 1535 912 1577 Ceterum,
934 1535 1063 1578 etiarn,
1089 1536 1121 1570 si
1151 1548 1235 1571 cum
1265 1534 1385 1586 pluri-

262 1597 333 1634 bus
363 1599 505 1648 pariter
535 1599 788 1634 dimicandum
817 1599 932 1641 foret,
954 1608 1034 1635 arte
1061 1600 1224 1648 quadam
1254 1601 1382 1650 copias

262 1669 445 1698 auxerat:
478 1674 567 1698 nam
600 1675 716 1712 quum
745 1662 902 1705 videret,
935 1662 1081 1699 nullum
1115 1676 1196 1700 esse
1229 1665 1383 1701 navium

259 1739 385 1771 usum,
421 1728 510 1778 quia
547 1740 666 1764 vacua
702 1728 825 1764 omnis
860 1727 1059 1778 Hispaniae
1097 1742 1167 1765 ora
1199 1728 1381 1766 classibus

258 1790 413 1829 Punicis
443 1798 538 1835 erat,
560 1791 754 1828 subductis
784 1792 944 1828 navibus
974 1793 1208 1837 Tarracone,
1229 1793 1382 1830 navales

257 1858 383 1893 socios
414 1857 656 1893 terrestribus
684 1858 803 1907 copiis
830 1858 1000 1895 addidit:
1034 1865 1072 1894 et
1103 1871 1295 1895 armorum
1316 1859 1382 1894 ad-

256 1921 367 1959 satim
395 1928 474 1958 erat
504 1930 702 1973 captorum
721 1924 976 1973 Karthagine,
999 1932 1036 1962 et
1061 1939 1144 1975 quae
1171 1932 1259 1976 post
1289 1938 1379 1975 eap-

257 1993 336 2023 tam
368 2001 448 2024 earn
480 1988 636 2031 fecerat,
672 1995 781 2025 tanto
813 1990 992 2040 opificum
1025 2002 1184 2026 numero
1218 1989 1378 2028 incluso.

257 2053 354 2089 Cum
375 2055 418 2090 iis
440 2056 561 2106 copiis
583 2055 725 2105 Scipio,
747 2056 842 2092 veris
863 2056 1051 2105 principio
1081 2054 1128 2091 ab
1158 2054 1378 2090 Tarracone

256 2129 443 2166 egressus,
468 2118 569 2169 (jam
593 2120 692 2155 enim
724 2126 761 2156 et
790 2119 930 2156 Laelius
963 2119 1123 2156 redierat
1154 2118 1201 2154 ab
1231 2117 1377 2161 Roma,

256 2184 337 2220 sine
357 2197 433 2234 quo
453 2184 546 2220 nihil
568 2183 722 2234 majoris
743 2185 795 2221 rei
816 2191 962 2221 motum
982 2184 1153 2229 volebat)
1177 2184 1312 2220 ducere
1329 2183 1377 2219 ad

254 2248 406 2286 hostem
425 2250 561 2299 pergit.
618 2249 692 2286 Per
721 2251 850 2287 omnia
880 2256 1016 2301 pacata
1043 2250 1164 2292 eunti,
1185 2255 1228 2285 ut
1248 2247 1376 2298 cujus·

254 2326 326 2362 que
346 2313 476 2364 populi
503 2313 596 2350 fines
624 2314 814 2359 transiret,
836 2313 1151 2364 prosequentibus
1183 2312 1376 2363 excipien-

255 2377 431 2429 tibusque
450 2377 577 2422 sociis,
600 2377 772 2415 Indibilis
794 2386 831 2415 et
850 2378 1081 2416 Mandonius
1105 2390 1191 2414 cuni
1212 2377 1288 2413 suis
1310 2389 1374 2415 co·
