1507 2656
356 238 509 267 LIBER
534 238 714 267 xxxlv.
747 238 854 267 CAP.
880 239 949 267 IX·
1124 236 1208 282 445

93 330 132 365 iu
164 328 318 366 castello
347 336 440 372 erat,
463 329 498 365 vi
530 328 731 379 dejectum.
787 329 848 365 Ab
871 329 1012 366 Rhoda
1040 332 1403 412 secundog'g‘w’y‘

1251 402 1257 407 .
1303 389 1403 415 .195.

94 400 207 429 vento
227 393 427 444 Emporias
453 399 695 443 perventum:
728 393 781 429 ibi
803 394 921 443 copiae
942 406 1088 437 omnes,
1109 407 1205 444 prae-

93 464 151 493 ter
169 458 292 494 socios
313 458 480 500 navales,
501 458 540 493 in
560 464 700 494 terram
720 459 916 508 expositae.

147 521 220 558 IX.
249 521 336 558 Jam
363 528 454 558 tunc
479 522 671 571 Emporiae
698 523 772 559 duo
799 523 936 573 oppida
964 528 1072 559 erant
1095 536 1203 558 muro
1218 529 1385 568 Emporia-

1216 574 1355 656 ἓξὲξ.

92 586 220 623 divisa.
279 586 407 623 Unum
428 587 552 623 Graeci
572 587 781 631 habebant,
803 601 825 624 a
843 587 1022 631 Phocaea,
1047 588 1146 624 unde
1167 595 1203 624 et

90 649 364 694 Massilienses,
395 652 564 687 oriundi:
598 651 759 689 alterum
786 652 975 701 Hispani:
1009 652 1075 688 sed
1098 652 1205 689 Grae-

91 727 177 751 cum
197 715 378 766 oppidum
394 717 433 752 in
449 729 551 752 mare
567 717 797 766 expositum,
820 724 943 752 totum
959 717 1089 753 orbem
1108 718 1206 753 muri

90 779 215 815 minus
226 780 525 828 quadringentos
541 793 671 830 passus
686 786 879 830 patentem
898 780 1064 816 habebat
1082 796 1088 815 z
1112 781 1206 816 His-

91 844 198 894 panis
232 846 432 881 retractior
461 859 484 881 a
512 846 606 881 mari
634 846 749 881 trium
780 845 941 881 millium
968 858 1145 895 passuum
1167 847 1206 882 in

92 909 251 944 circuitu
271 922 398 945 murus
420 917 512 946 erat.
546 909 718 945 Tertium
739 922 872 958 geum,
890 909 1057 945 Romani
1078 909 1207 946 coloni

92 972 139 1008 ab
158 972 261 1009 Divo
283 974 445 1017 Caesare,
466 981 554 1025 post
580 974 748 1010 devictos
769 975 941 1024 Pompeii
963 974 1118 1017 liberos,
1139 976 1206 1011 ad-

83 1038 200 1087 jecti:
233 1051 334 1074 nunc
354 1040 393 1074 in
414 1052 550 1089 corpus
572 1052 685 1074 unum
708 1039 854 1075 confusi
873 1052 1028 1084 omnes3
1062 1040 1206 1090 Hispa-

92 1103 148 1138 nis
179 1103 296 1153 prius,
323 1110 518 1153 postremo
553 1109 591 1139 et
618 1103 761 1139 Graecis
787 1104 825 1138 in
847 1104 1038 1139 civitatem
1063 1113 1205 1141 nioma-

90 1180 178 1203 nam
204 1167 369 1205 adscitis,
425 1168 647 1210 Miraretur,
668 1168 732 1217 qui
758 1175 838 1203 tum
867 1176 1050 1211 cerneret,
1072 1176 1204 1219 aperto

90 1233 185 1269 mari
211 1232 258 1269 ab
288 1233 408 1269 altera
437 1240 557 1283 parte,
582 1233 629 1270 ab
653 1233 772 1269 altera
798 1233 996 1285 Hispanis,
1017 1240 1093 1270 tam
1115 1234 1204 1271 ferae

91 1303 130 1333 et
147 1297 336 1334 bellicosae
357 1299 476 1346 genti,
498 1297 670 1348 objectos
695 1311 778 1346 quae
805 1311 862 1334 res
894 1311 958 1334 eos
989 1305 1201 1335 tutaretur:

91 1361 289 1413 disciplina
319 1369 398 1399 erat
428 1370 555 1399 custos
586 1363 832 1405 infirmitatis,
854 1376 965 1411 quam
994 1363 1092 1399 inter
1114 1363 1205 1400 vali-

91 1428 213 1463 diores
232 1428 375 1477 optime
396 1429 510 1463 timor
529 1428 714 1464 eontinet.
771 1428 924 1463 Partem
945 1428 1042 1464 muri
1058 1441 1205 1465 versam

90 1493 130 1527 in
149 1505 259 1541 agros
281 1493 431 1541 egregie
459 1493 643 1528 munitam
671 1492 878 1535 habebant,
901 1504 976 1528 una
997 1499 1146 1529 tantum
1166 1494 1204 1530 in

91 1568 174 1592 eam
193 1556 388 1605 regionem
410 1562 521 1606 porta
539 1557 730 1606 inposita3
754 1555 860 1605 eujus
881 1556 1058 1592 adsiduus
1076 1563 1204 1593 custos

91 1633 238 1671 semper
270 1620 404 1670 aliquis
439 1634 485 1656 ex
518 1620 802 1669 magistratibus
834 1627 936 1656 erat:
976 1630 1088 1657 nocte
1118 1634 1204 1671 pars

91 1687 204 1722 tertia
237 1687 374 1722 civium
401 1687 440 1721 in
474 1687 589 1721 muris
629 1686 893 1731 excubabant3
937 1698 1058 1735 neque
1089 1687 1204 1722 moris

91 1758 242 1788 tantum
274 1760 340 1787 aut
371 1751 463 1800 legis
500 1763 645 1793 caussa,
677 1751 754 1794 sed,
783 1758 924 1798 quauta
951 1752 979 1786 si
1012 1751 1132 1786 hostis
1159 1751 1206 1787 ad

91 1824 219 1867 portas
251 1823 362 1860 esset,
388 1824 425 1852 et
455 1817 658 1852 servabant
689 1815 850 1864 vigilias,
873 1823 909 1851 ct
938 1816 1202 1858 circumibant,

91 1895 191 1919 cura.
249 1883 464 1933 Hispanum
491 1883 681 1919 neminem
713 1883 749 1917 iu
784 1881 911 1916 urbem
943 1880 1202 1930 recipiebant:

91 1960 138 1983 ne
171 1948 242 1997 ipsi
275 1949 425 1996 quidem
456 1957 596 1983 temere
626 1946 716 1982 urbe
744 1945 997 1982 excedebant.
1032 1945 1078 1980 ad
1101 1957 1204 1981 mare

89 2012 245 2062 patebat
264 2012 440 2048 omuibus
462 2013 607 2049 exitus:
640 2018 751 2062 porta
781 2013 827 2048 ad
852 2012 1112 2061 Hispanorum
1133 2024 1203 2061 op-

89 2076 218 2126 pidum
247 2089 351 2111 versa
381 2089 584 2125 numquam
618 2077 690 2113 nisi
721 2076 951 2124 frequentes,
981 2088 1065 2124 pars
1091 2076 1204 2112 tertia

89 2140 182 2183 sere,
204 2140 309 2189 cujus
330 2142 503 2190 proxima
524 2148 635 2177 noete
665 2140 803 2188 vigiliae
834 2141 871 2176 iu
902 2152 1016 2176 muris
1038 2140 1203 2183 fuerant,

90 2205 392 2254 egrediebantur.
451 2206 595 2240 Caussa
614 2205 774 2241 exeundi
792 2206 872 2240 haec
892 2213 971 2240 erat
987 2219 994 2239 z
1019 2217 1205 2240 couuner·

90 2271 150 2306 cio
171 2283 301 2306 eorum
328 2270 507 2320 Hispani,
535 2271 779 2320 inprudentes
810 2270 936 2312 mari«,
962 2269 1204 2316 gaudebautq

91 2335 323 2383 mercarique
350 2340 388 2370 et
408 2335 478 2384 ipsi
499 2348 555 2377 ea,
578 2348 660 2383 quae
688 2341 843 2370 externa
871 2334 1027 2369 naribus
1052 2333 1206 2368 invehe-

89 2406 234 2444 rentur,
255 2406 293 2437 et
312 2412 489 2450 agrorum
509 2400 659 2449 exigere
677 2399 837 2444 fructus,
856 2397 1058 2435 volebant:
1091 2396 1205 2447 hujus
