<?xml version="1.0" encoding="UTF-8"?>
<!DOCTYPE html PUBLIC "-//W3C//DTD XHTML 1.0 Transitional//EN"
    "http://www.w3.org/TR/xhtml1/DTD/xhtml1-transitional.dtd">
<html xmlns="http://www.w3.org/1999/xhtml" xml:lang="en" lang="en">
 <head>
  <title>
</title>
<meta http-equiv="Content-Type" content="text/html;charset=utf-8" />
  <meta name='ocr-system' content='tesseract 3.04.00' />
  <meta name='ocr-capabilities' content='ocr_page ocr_carea ocr_par ocr_line ocrx_word'/>
</head>
<body>
  <div class='ocr_page' id='page_1' title='image "./historiarumquaes03livyuoft/historiarumquaes03livyuoft_0242.png"; bbox 0 0 1523 2666; ppageno 0'>
   <div class='ocr_carea' id='block_1_1' title="bbox 306 187 967 233">
    <p class='ocr_par' dir='ltr' id='par_1_1' title="bbox 306 187 967 233">
     <span class='ocr_line' id='line_1_1' title="bbox 306 187 967 233; baseline 0.003 -17"><span class='ocrx_word' id='word_1_1' title='bbox 306 189 386 233; x_wconf 71' lang='grc'>232</span> <span class='ocrx_word' id='word_1_2' title='bbox 766 187 811 217; x_wconf 86' lang='grc' dir='ltr'>Τ.</span> <span class='ocrx_word' id='word_1_3' title='bbox 835 189 967 219; x_wconf 83' lang='lat' dir='ltr'>L1V11</span> 
     </span>
    </p>
   </div>
   <div class='ocr_carea' id='block_1_2' title="bbox 106 277 1422 1104">
    <p class='ocr_par' dir='ltr' id='par_1_2' title="bbox 106 277 1422 1104">
     <span class='ocr_line' id='line_1_2' title="bbox 107 277 1417 319; baseline 0.003 -5"><span class='ocrx_word' id='word_1_4' title='bbox 107 286 151 316; x_wconf 87' lang='lat' dir='ltr'>U.</span> <span class='ocrx_word' id='word_1_5' title='bbox 165 286 201 317; x_wconf 92' lang='lat' dir='ltr'>C.</span> <span class='ocrx_word' id='word_1_6' title='bbox 220 284 370 319; x_wconf 49' lang='lat' dir='ltr'>naret.</span> <span class='ocrx_word' id='word_1_7' title='bbox 428 277 544 315; x_wconf 88' lang='lat' dir='ltr'>Hunc</span> <span class='ocrx_word' id='word_1_8' title='bbox 562 278 742 314; x_wconf 83' lang='lat' dir='ltr'>nuncium</span> <span class='ocrx_word' id='word_1_9' title='bbox 763 291 807 314; x_wconf 89' lang='lat' dir='ltr'>ac</span> <span class='ocrx_word' id='word_1_10' title='bbox 826 278 938 314; x_wconf 87' lang='lat' dir='ltr'>simul</span> <span class='ocrx_word' id='word_1_11' title='bbox 963 290 1148 314; x_wconf 82' lang='lat' dir='ltr'>venenum</span> <span class='ocrx_word' id='word_1_12' title='bbox 1171 278 1294 316; x_wconf 87' lang='lat' dir='ltr'>ferens</span> <span class='ocrx_word' id='word_1_13' title='bbox 1320 280 1417 318; x_wconf 88' lang='lat' dir='ltr'>min-</span> 
     </span>
     <span class='ocr_line' id='line_1_3' title="bbox 106 331 1418 393; baseline 0.002 -14"><span class='ocrx_word' id='word_1_14' title='bbox 106 331 149 362; x_wconf 76' lang='lat' dir='ltr'>A.</span> <span class='ocrx_word' id='word_1_15' title='bbox 164 331 200 362; x_wconf 82' lang='lat' dir='ltr'>C·</span> <span class='ocrx_word' id='word_1_16' title='bbox 218 335 396 379; x_wconf 75' lang='lat' dir='ltr'>2⁰3&#39;ister</span> <span class='ocrx_word' id='word_1_17' title='bbox 425 355 540 392; x_wconf 82' lang='lat' dir='ltr'>quum</span> <span class='ocrx_word' id='word_1_18' title='bbox 573 342 621 378; x_wconf 82' lang='lat' dir='ltr'>ad</span> <span class='ocrx_word' id='word_1_19' title='bbox 654 342 934 392; x_wconf 83' lang='lat' dir='ltr'>Sophonisbam</span> <span class='ocrx_word' id='word_1_20' title='bbox 968 344 1145 386; x_wconf 85' lang='lat' dir='ltr'>venisset,</span> <span class='ocrx_word' id='word_1_21' title='bbox 1172 346 1333 393; x_wconf 78' lang='lat' dir='ltr'><em>Accipio,</em></span> <span class='ocrx_word' id='word_1_22' title='bbox 1361 346 1418 381; x_wconf 88' lang='lat' dir='ltr'>in-</span> 
     </span>
     <span class='ocr_line' id='line_1_4' title="bbox 303 408 1422 457; baseline 0.002 -14"><span class='ocrx_word' id='word_1_23' title='bbox 303 409 400 457; x_wconf 87' lang='lat' dir='ltr'>quit,</span> <span class='ocrx_word' id='word_1_24' title='bbox 420 409 584 456; x_wconf 77' lang='lat' dir='ltr'>nuptiale</span> <span class='ocrx_word' id='word_1_25' title='bbox 604 419 728 443; x_wconf 80' lang='lat' dir='ltr'>munus</span> <span class='ocrx_word' id='word_1_26' title='bbox 740 424 751 450; x_wconf 93' lang='lat'>,·</span> <span class='ocrx_word' id='word_1_27' title='bbox 780 419 893 455; x_wconf 75' lang='lat' dir='ltr'>neque</span> <span class='ocrx_word' id='word_1_28' title='bbox 923 409 1118 455; x_wconf 70' lang='lat' dir='ltr'>ingratum,</span> <span class='ocrx_word' id='word_1_29' title='bbox 1139 411 1169 444; x_wconf 77' lang='lat' dir='ltr'>si</span> <span class='ocrx_word' id='word_1_30' title='bbox 1186 409 1280 444; x_wconf 68' lang='lat' dir='ltr'>nihil</span> <span class='ocrx_word' id='word_1_31' title='bbox 1306 408 1422 455; x_wconf 70' lang='lat' dir='ltr'>majus</span> 
     </span>
     <span class='ocr_line' id='line_1_5' title="bbox 301 471 1422 519; baseline 0 -11"><span class='ocrx_word' id='word_1_32' title='bbox 301 473 357 508; x_wconf 81' lang='lat' dir='ltr'>vir</span> <span class='ocrx_word' id='word_1_33' title='bbox 374 473 479 508; x_wconf 74' lang='lat' dir='ltr'>uxori</span> <span class='ocrx_word' id='word_1_34' title='bbox 495 476 665 519; x_wconf 62' lang='lat' dir='ltr'>praestare</span> <span class='ocrx_word' id='word_1_35' title='bbox 680 472 813 518; x_wconf 75' lang='lat' dir='ltr'>potuit.</span> <span class='ocrx_word' id='word_1_36' title='bbox 869 471 950 506; x_wconf 88' lang='lat' dir='ltr'>Hoc</span> <span class='ocrx_word' id='word_1_37' title='bbox 978 477 1097 507; x_wconf 83' lang='lat' dir='ltr'>tamen</span> <span class='ocrx_word' id='word_1_38' title='bbox 1125 474 1268 515; x_wconf 78' lang='lat' dir='ltr'>nuncia,</span> <span class='ocrx_word' id='word_1_39' title='bbox 1296 474 1422 509; x_wconf 79' lang='lat' dir='ltr'>melius</span> 
     </span>
     <span class='ocr_line' id='line_1_6' title="bbox 299 535 1419 585; baseline 0.001 -13"><span class='ocrx_word' id='word_1_40' title='bbox 299 548 357 572; x_wconf 84' lang='lat' dir='ltr'>me</span> <span class='ocrx_word' id='word_1_41' title='bbox 375 538 586 572; x_wconf 73' lang='lat' dir='ltr'>morituram</span> <span class='ocrx_word' id='word_1_42' title='bbox 595 535 728 583; x_wconf 75' lang='lat' dir='ltr'>fuisse,</span> <span class='ocrx_word' id='word_1_43' title='bbox 749 537 778 570; x_wconf 81' lang='lat' dir='ltr'>si</span> <span class='ocrx_word' id='word_1_44' title='bbox 796 547 868 570; x_wconf 80' lang='lat' dir='ltr'>non</span> <span class='ocrx_word' id='word_1_45' title='bbox 895 537 929 571; x_wconf 79' lang='lat' dir='ltr'>in</span> <span class='ocrx_word' id='word_1_46' title='bbox 943 535 1078 584; x_wconf 79' lang='lat' dir='ltr'>funere</span> <span class='ocrx_word' id='word_1_47' title='bbox 1105 549 1182 572; x_wconf 51' lang='lat' dir='ltr'>‘meo</span> <span class='ocrx_word' id='word_1_48' title='bbox 1203 539 1394 585; x_wconf 71' lang='lat' dir='ltr'>nnpsissem</span> <span class='ocrx_word' id='word_1_49' title='bbox 1408 553 1419 573; x_wconf 93' lang='grc'>.·</span> 
     </span>
     <span class='ocr_line' id='line_1_7' title="bbox 300 599 1418 653; baseline 0.004 -18"><span class='ocrx_word' id='word_1_50' title='bbox 300 611 380 636; x_wconf 90' lang='lat' dir='ltr'>non</span> <span class='ocrx_word' id='word_1_51' title='bbox 409 599 538 636; x_wconf 84' lang='lat' dir='ltr'>locuta</span> <span class='ocrx_word' id='word_1_52' title='bbox 565 606 622 635; x_wconf 84' lang='lat' dir='ltr'>est</span> <span class='ocrx_word' id='word_1_53' title='bbox 650 600 829 644; x_wconf 84' lang='lat' dir='ltr'>ferocius,</span> <span class='ocrx_word' id='word_1_54' title='bbox 862 614 972 650; x_wconf 89' lang='lat' dir='ltr'>quam</span> <span class='ocrx_word' id='word_1_55' title='bbox 1001 608 1195 652; x_wconf 81' lang='lat' dir='ltr'>acceptum</span> <span class='ocrx_word' id='word_1_56' title='bbox 1226 603 1418 653; x_wconf 81' lang='lat' dir='ltr'>poculum,</span> 
     </span>
     <span class='ocr_line' id='line_1_8' title="bbox 299 663 1420 716; baseline 0.003 -17"><span class='ocrx_word' id='word_1_57' title='bbox 299 663 406 699; x_wconf 89' lang='lat' dir='ltr'>nullo</span> <span class='ocrx_word' id='word_1_58' title='bbox 452 665 715 714; x_wconf 83' lang='lat' dir='ltr'>trepidationis</span> <span class='ocrx_word' id='word_1_59' title='bbox 754 667 865 713; x_wconf 82' lang='lat' dir='ltr'>signo</span> <span class='ocrx_word' id='word_1_60' title='bbox 903 666 1007 709; x_wconf 86' lang='lat' dir='ltr'>dato,</span> <span class='ocrx_word' id='word_1_61' title='bbox 1060 668 1234 716; x_wconf 83' lang='lat' dir='ltr'>inpavide</span> <span class='ocrx_word' id='word_1_62' title='bbox 1280 668 1420 703; x_wconf 82' lang='lat' dir='ltr'>hausit.</span> 
     </span>
     <span class='ocr_line' id='line_1_9' title="bbox 299 728 1421 780; baseline 0.002 -16"><span class='ocrx_word' id='word_1_63' title='bbox 299 728 415 768; x_wconf 85' lang='lat' dir='ltr'>Quod</span> <span class='ocrx_word' id='word_1_64' title='bbox 435 728 499 765; x_wconf 91' lang='lat' dir='ltr'>ubi</span> <span class='ocrx_word' id='word_1_65' title='bbox 518 730 739 765; x_wconf 85' lang='lat' dir='ltr'>nunciatum</span> <span class='ocrx_word' id='word_1_66' title='bbox 760 736 816 765; x_wconf 85' lang='lat' dir='ltr'>est</span> <span class='ocrx_word' id='word_1_67' title='bbox 837 731 1020 780; x_wconf 83' lang='lat' dir='ltr'>Scipioni,</span> <span class='ocrx_word' id='word_1_68' title='bbox 1042 743 1088 766; x_wconf 88' lang='lat' dir='ltr'>ne</span> <span class='ocrx_word' id='word_1_69' title='bbox 1109 731 1197 779; x_wconf 86' lang='lat' dir='ltr'>quid</span> <span class='ocrx_word' id='word_1_70' title='bbox 1220 743 1319 779; x_wconf 73' lang='lat' dir='ltr'>aeger</span> <span class='ocrx_word' id='word_1_71' title='bbox 1338 731 1421 766; x_wconf 85' lang='lat' dir='ltr'>ani·</span> 
     </span>
     <span class='ocr_line' id='line_1_10' title="bbox 297 793 1419 843; baseline 0.002 -14"><span class='ocrx_word' id='word_1_72' title='bbox 297 794 351 829; x_wconf 88' lang='lat' dir='ltr'>mi</span> <span class='ocrx_word' id='word_1_73' title='bbox 380 793 488 829; x_wconf 80' lang='lat' dir='ltr'>ferox</span> <span class='ocrx_word' id='word_1_74' title='bbox 512 793 664 843; x_wconf 87' lang='lat' dir='ltr'>juvenis</span> <span class='ocrx_word' id='word_1_75' title='bbox 699 795 847 842; x_wconf 81' lang='lat' dir='ltr'>gravius</span> <span class='ocrx_word' id='word_1_76' title='bbox 879 794 1106 838; x_wconf 77' lang='lat' dir='ltr'>consuleret,</span> <span class='ocrx_word' id='word_1_77' title='bbox 1139 796 1303 831; x_wconf 68' lang='lat' dir='ltr'>adcitum</span> <span class='ocrx_word' id='word_1_78' title='bbox 1334 807 1419 831; x_wconf 89' lang='lat' dir='ltr'>enm</span> 
     </span>
     <span class='ocr_line' id='line_1_11' title="bbox 298 856 1418 908; baseline 0.004 -16"><span class='ocrx_word' id='word_1_79' title='bbox 298 856 490 907; x_wconf 79' lang='lat' dir='ltr'>extemplo</span> <span class='ocrx_word' id='word_1_80' title='bbox 510 871 610 893; x_wconf 88' lang='lat' dir='ltr'>nunc</span> <span class='ocrx_word' id='word_1_81' title='bbox 632 858 799 903; x_wconf 83' lang='lat' dir='ltr'>solatur3</span> <span class='ocrx_word' id='word_1_82' title='bbox 832 872 947 902; x_wconf 89' lang='lat' dir='ltr'>nunc,</span> <span class='ocrx_word' id='word_1_83' title='bbox 969 860 1069 908; x_wconf 86' lang='lat' dir='ltr'>quod</span> <span class='ocrx_word' id='word_1_84' title='bbox 1088 861 1340 896; x_wconf 68' lang='lat' dir='ltr'>temeritatem</span> <span class='ocrx_word' id='word_1_85' title='bbox 1360 866 1418 896; x_wconf 87' lang='lat' dir='ltr'>te-</span> 
     </span>
     <span class='ocr_line' id='line_1_12' title="bbox 296 920 1417 972; baseline 0.004 -17"><span class='ocrx_word' id='word_1_86' title='bbox 296 921 472 956; x_wconf 69' lang='lat' dir='ltr'>meritate</span> <span class='ocrx_word' id='word_1_87' title='bbox 503 920 576 956; x_wconf 67' lang='lat' dir='ltr'>alia</span> <span class='ocrx_word' id='word_1_88' title='bbox 608 921 734 964; x_wconf 86' lang='lat' dir='ltr'>luerit,</span> <span class='ocrx_word' id='word_1_89' title='bbox 769 923 1050 971; x_wconf 80' lang='lat' dir='ltr'>tristioremque</span> <span class='ocrx_word' id='word_1_90' title='bbox 1080 936 1172 966; x_wconf 86' lang='lat' dir='ltr'>rem,</span> <span class='ocrx_word' id='word_1_91' title='bbox 1205 936 1317 972; x_wconf 88' lang='lat' dir='ltr'>quam</span> <span class='ocrx_word' id='word_1_92' title='bbox 1349 936 1417 960; x_wconf 87' lang='lat' dir='ltr'>ne-</span> 
     </span>
     <span class='ocr_line' id='line_1_13' title="bbox 298 988 1415 1039; baseline 0.004 -16"><span class='ocrx_word' id='word_1_93' title='bbox 298 1000 402 1024; x_wconf 87' lang='lat' dir='ltr'>cesse</span> <span class='ocrx_word' id='word_1_94' title='bbox 431 988 558 1031; x_wconf 75' lang='lat' dir='ltr'>fuerit,</span> <span class='ocrx_word' id='word_1_95' title='bbox 580 989 726 1032; x_wconf 81' lang='lat' dir='ltr'>fecerit,</span> <span class='ocrx_word' id='word_1_96' title='bbox 757 989 893 1025; x_wconf 86' lang='lat' dir='ltr'>leniter</span> <span class='ocrx_word' id='word_1_97' title='bbox 919 992 1092 1039; x_wconf 79' lang='lat' dir='ltr'>castigat.</span> <span class='ocrx_word' id='word_1_98' title='bbox 1150 991 1311 1028; x_wconf 85' lang='lat' dir='ltr'>Postero</span> <span class='ocrx_word' id='word_1_99' title='bbox 1341 992 1415 1034; x_wconf 87' lang='lat' dir='ltr'>die,</span> 
     </span>
     <span class='ocr_line' id='line_1_14' title="bbox 298 1054 1417 1104; baseline 0.004 -17"><span class='ocrx_word' id='word_1_100' title='bbox 298 1057 340 1087; x_wconf 85' lang='lat' dir='ltr'>ut</span> <span class='ocrx_word' id='word_1_101' title='bbox 370 1066 390 1087; x_wconf 87' lang='lat' dir='ltr'>a</span> <span class='ocrx_word' id='word_1_102' title='bbox 411 1054 585 1102; x_wconf 62' lang='lat' dir='ltr'>praesenti</span> <span class='ocrx_word' id='word_1_103' title='bbox 619 1059 724 1088; x_wconf 75' lang='lat' dir='ltr'>motu</span> <span class='ocrx_word' id='word_1_104' title='bbox 746 1060 932 1090; x_wconf 77' lang='lat' dir='ltr'>averteret</span> <span class='ocrx_word' id='word_1_105' title='bbox 961 1055 1128 1090; x_wconf 80' lang='lat' dir='ltr'>animum</span> <span class='ocrx_word' id='word_1_106' title='bbox 1159 1055 1253 1104; x_wconf 87' lang='lat' dir='ltr'>ejus,</span> <span class='ocrx_word' id='word_1_107' title='bbox 1283 1056 1322 1091; x_wconf 83' lang='lat' dir='ltr'>in</span> <span class='ocrx_word' id='word_1_108' title='bbox 1348 1056 1417 1091; x_wconf 82' lang='lat' dir='ltr'>tri-</span> 
     </span>
    </p>
   </div>
   <div class='ocr_carea' id='block_1_3' title="bbox 101 1115 1415 1368">
    <p class='ocr_par' dir='ltr' id='par_1_3' title="bbox 101 1115 1415 1368">
     <span class='ocr_line' id='line_1_15' title="bbox 103 1115 1414 1168; baseline 0.004 -18"><span class='ocrx_word' id='word_1_109' title='bbox 103 1121 209 1160; x_wconf 74' lang='lat' dir='ltr'>Scipio</span> <span class='ocrx_word' id='word_1_110' title='bbox 297 1115 413 1151; x_wconf 80' lang='lat' dir='ltr'>bunal</span> <span class='ocrx_word' id='word_1_111' title='bbox 441 1117 621 1159; x_wconf 81' lang='lat' dir='ltr'>escendit,</span> <span class='ocrx_word' id='word_1_112' title='bbox 651 1124 688 1151; x_wconf 86' lang='lat' dir='ltr'>et</span> <span class='ocrx_word' id='word_1_113' title='bbox 717 1117 939 1153; x_wconf 82' lang='lat' dir='ltr'>concionem</span> <span class='ocrx_word' id='word_1_114' title='bbox 973 1117 1147 1153; x_wconf 81' lang='lat' dir='ltr'>advocari</span> <span class='ocrx_word' id='word_1_115' title='bbox 1169 1117 1297 1168; x_wconf 82' lang='lat' dir='ltr'>jussit.</span> <span class='ocrx_word' id='word_1_116' title='bbox 1354 1119 1414 1156; x_wconf 88' lang='lat' dir='ltr'>Ibi</span> 
     </span>
     <span class='ocr_line' id='line_1_16' title="bbox 102 1163 254 1194; baseline 0.007 -1"><span class='ocrx_word' id='word_1_117' title='bbox 102 1163 254 1194; x_wconf 78' lang='lat' dir='ltr'>Masinis-</span> 
     </span>
     <span class='ocr_line' id='line_1_17' title="bbox 101 1215 258 1237; baseline 0 0"><span class='ocrx_word' id='word_1_118' title='bbox 101 1215 172 1237; x_wconf 83' lang='lat' dir='ltr'>sam</span> <span class='ocrx_word' id='word_1_119' title='bbox 187 1217 258 1237; x_wconf 83' lang='lat' dir='ltr'>am-</span> 
     </span>
     <span class='ocr_line' id='line_1_18' title="bbox 101 1243 1415 1296; baseline 0.003 -18"><span class='ocrx_word' id='word_1_120' title='bbox 101 1249 253 1288; x_wconf 76' lang='lat' dir='ltr'>plissimis</span> <span class='ocrx_word' id='word_1_121' title='bbox 299 1250 473 1280; x_wconf 81' lang='lat' dir='ltr'>ornatum</span> <span class='ocrx_word' id='word_1_122' title='bbox 503 1243 689 1286; x_wconf 77' lang='lat' dir='ltr'>laudibus,</span> <span class='ocrx_word' id='word_1_123' title='bbox 713 1257 824 1280; x_wconf 83' lang='lat' dir='ltr'>aurea</span> <span class='ocrx_word' id='word_1_124' title='bbox 846 1258 1000 1287; x_wconf 87' lang='lat' dir='ltr'>corona,</span> <span class='ocrx_word' id='word_1_125' title='bbox 1023 1258 1135 1282; x_wconf 82' lang='lat' dir='ltr'>aurea</span> <span class='ocrx_word' id='word_1_126' title='bbox 1157 1252 1302 1296; x_wconf 85' lang='lat' dir='ltr'>patera,</span> <span class='ocrx_word' id='word_1_127' title='bbox 1324 1246 1415 1283; x_wconf 75' lang='lat' dir='ltr'>sella</span> 
     </span>
     <span class='ocr_line' id='line_1_19' title="bbox 102 1292 263 1324; baseline 0.019 -3"><span class='ocrx_word' id='word_1_128' title='bbox 102 1292 194 1323; x_wconf 87' lang='lat' dir='ltr'>donis</span> <span class='ocrx_word' id='word_1_129' title='bbox 209 1294 263 1324; x_wconf 86' lang='lat' dir='ltr'>de-</span> 
     </span>
     <span class='ocr_line' id='line_1_20' title="bbox 101 1342 198 1368; baseline 0.041 -4"><span class='ocrx_word' id='word_1_130' title='bbox 101 1342 198 1368; x_wconf 79' lang='lat' dir='ltr'>corat.</span> 
     </span>
    </p>
   </div>
   <div class='ocr_carea' id='block_1_4' title="bbox 297 1179 1416 1232">
    <p class='ocr_par' dir='ltr' id='par_1_4' title="bbox 297 1179 1416 1232">
     <span class='ocr_line' id='line_1_21' title="bbox 297 1179 1416 1232; baseline 0.004 -17"><span class='ocrx_word' id='word_1_131' title='bbox 297 1179 556 1221; x_wconf 72' lang='lat' dir='ltr'>Masinissam,</span> <span class='ocrx_word' id='word_1_132' title='bbox 580 1182 739 1229; x_wconf 56' lang='lat' dir='ltr'>prunum</span> <span class='ocrx_word' id='word_1_133' title='bbox 771 1194 897 1229; x_wconf 84' lang='lat' dir='ltr'>regem</span> <span class='ocrx_word' id='word_1_134' title='bbox 927 1182 1171 1231; x_wconf 81' lang='lat' dir='ltr'>adpellatum,</span> <span class='ocrx_word' id='word_1_135' title='bbox 1193 1183 1416 1232; x_wconf 80' lang='lat' dir='ltr'>eximiisque</span> 
     </span>
    </p>
   </div>
   <div class='ocr_carea' id='block_1_5' title="bbox 96 1308 1416 2324">
    <p class='ocr_par' dir='ltr' id='par_1_5' title="bbox 280 1308 1416 1988">
     <span class='ocr_line' id='line_1_22' title="bbox 297 1308 1414 1360; baseline 0.002 -15"><span class='ocrx_word' id='word_1_136' title='bbox 297 1308 431 1350; x_wconf 84' lang='lat' dir='ltr'>curuli,</span> <span class='ocrx_word' id='word_1_137' title='bbox 453 1314 490 1343; x_wconf 90' lang='lat' dir='ltr'>et</span> <span class='ocrx_word' id='word_1_138' title='bbox 519 1309 688 1357; x_wconf 86' lang='lat' dir='ltr'>scipione</span> <span class='ocrx_word' id='word_1_139' title='bbox 718 1308 898 1352; x_wconf 83' lang='lat' dir='ltr'>eburneo,</span> <span class='ocrx_word' id='word_1_140' title='bbox 920 1315 1013 1358; x_wconf 80' lang='lat' dir='ltr'>toga</span> <span class='ocrx_word' id='word_1_141' title='bbox 1041 1310 1158 1359; x_wconf 86' lang='lat' dir='ltr'>picta,</span> <span class='ocrx_word' id='word_1_142' title='bbox 1180 1317 1217 1346; x_wconf 89' lang='lat' dir='ltr'>et</span> <span class='ocrx_word' id='word_1_143' title='bbox 1246 1311 1414 1360; x_wconf 85' lang='lat' dir='ltr'>palmata</span> 
     </span>
     <span class='ocr_line' id='line_1_23' title="bbox 293 1373 1414 1424; baseline 0.003 -15"><span class='ocrx_word' id='word_1_144' title='bbox 293 1373 424 1410; x_wconf 83' lang='lat' dir='ltr'>tunica</span> <span class='ocrx_word' id='word_1_145' title='bbox 444 1373 574 1409; x_wconf 76' lang='lat' dir='ltr'>donat.</span> <span class='ocrx_word' id='word_1_146' title='bbox 630 1373 749 1408; x_wconf 80' lang='lat' dir='ltr'>Addit</span> <span class='ocrx_word' id='word_1_147' title='bbox 769 1373 889 1409; x_wconf 87' lang='lat' dir='ltr'>verbis</span> <span class='ocrx_word' id='word_1_148' title='bbox 910 1374 1109 1418; x_wconf 85' lang='lat' dir='ltr'>honorem,</span> <span class='ocrx_word' id='word_1_149' title='bbox 1132 1376 1256 1423; x_wconf 81' lang='lat' dir='ltr'>Neque</span> <span class='ocrx_word' id='word_1_150' title='bbox 1274 1378 1414 1424; x_wconf 76' lang='lat' dir='ltr'>magni-</span> 
     </span>
     <span class='ocr_line' id='line_1_24' title="bbox 280 1438 1416 1490; baseline 0.004 -17"><span class='ocrx_word' id='word_1_151' title='bbox 280 1438 453 1487; x_wconf 77' lang='lat' dir='ltr'>ficentius</span> <span class='ocrx_word' id='word_1_152' title='bbox 489 1439 681 1486; x_wconf 73' lang='lat' dir='ltr'>quidquam</span> <span class='ocrx_word' id='word_1_153' title='bbox 724 1439 904 1487; x_wconf 72' lang='lat' dir='ltr'>triumpho</span> <span class='ocrx_word' id='word_1_154' title='bbox 937 1441 1036 1488; x_wconf 79' lang='lat' dir='ltr'>apud</span> <span class='ocrx_word' id='word_1_155' title='bbox 1073 1440 1266 1483; x_wconf 77' lang='lat' dir='ltr'>Romanos,</span> <span class='ocrx_word' id='word_1_156' title='bbox 1304 1449 1416 1490; x_wconf 61' lang='lat' dir='ltr'>neque</span> 
     </span>
     <span class='ocr_line' id='line_1_25' title="bbox 294 1502 1416 1552; baseline 0.004 -15"><span class='ocrx_word' id='word_1_157' title='bbox 294 1502 596 1550; x_wconf 75' lang='lat' dir='ltr'>triumphantibus</span> <span class='ocrx_word' id='word_1_158' title='bbox 625 1503 833 1550; x_wconf 78' lang='lat' dir='ltr'>ampliorem</span> <span class='ocrx_word' id='word_1_159' title='bbox 863 1515 903 1539; x_wconf 82' lang='lat' dir='ltr'>eo</span> <span class='ocrx_word' id='word_1_160' title='bbox 929 1509 1059 1539; x_wconf 74' lang='lat' dir='ltr'>ornatu</span> <span class='ocrx_word' id='word_1_161' title='bbox 1089 1516 1181 1548; x_wconf 76' lang='lat' dir='ltr'>esse5</span> <span class='ocrx_word' id='word_1_162' title='bbox 1211 1517 1278 1552; x_wconf 83' lang='lat' dir='ltr'>quo</span> <span class='ocrx_word' id='word_1_163' title='bbox 1303 1517 1416 1541; x_wconf 79' lang='lat' dir='ltr'>unum</span> 
     </span>
     <span class='ocr_line' id='line_1_26' title="bbox 293 1567 1413 1616; baseline 0.003 -14"><span class='ocrx_word' id='word_1_164' title='bbox 293 1568 451 1602; x_wconf 77' lang='lat' dir='ltr'>omnium</span> <span class='ocrx_word' id='word_1_165' title='bbox 483 1572 706 1602; x_wconf 74' lang='lat' dir='ltr'>externorum</span> <span class='ocrx_word' id='word_1_166' title='bbox 739 1568 884 1613; x_wconf 71' lang='lat' dir='ltr'>dignum</span> <span class='ocrx_word' id='word_1_167' title='bbox 904 1567 1131 1603; x_wconf 77' lang='lat' dir='ltr'>Masinissam</span> <span class='ocrx_word' id='word_1_168' title='bbox 1158 1569 1316 1616; x_wconf 79' lang='lat' dir='ltr'>populus</span> <span class='ocrx_word' id='word_1_169' title='bbox 1338 1569 1413 1605; x_wconf 83' lang='lat' dir='ltr'>Ro-</span> 
     </span>
     <span class='ocr_line' id='line_1_27' title="bbox 292 1631 1412 1682; baseline 0.002 -15"><span class='ocrx_word' id='word_1_170' title='bbox 292 1644 420 1668; x_wconf 76' lang='lat' dir='ltr'>manus</span> <span class='ocrx_word' id='word_1_171' title='bbox 449 1633 567 1667; x_wconf 77' lang='lat' dir='ltr'>clueat.</span> <span class='ocrx_word' id='word_1_172' title='bbox 623 1631 785 1667; x_wconf 78' lang='lat' dir='ltr'>Laelium</span> <span class='ocrx_word' id='word_1_173' title='bbox 817 1632 966 1674; x_wconf 82' lang='lat' dir='ltr'>deinde,</span> <span class='ocrx_word' id='word_1_174' title='bbox 988 1638 1026 1667; x_wconf 91' lang='lat' dir='ltr'>et</span> <span class='ocrx_word' id='word_1_175' title='bbox 1054 1632 1177 1682; x_wconf 89' lang='lat' dir='ltr'>ipsum</span> <span class='ocrx_word' id='word_1_176' title='bbox 1206 1632 1412 1669; x_wconf 82' lang='lat' dir='ltr'>conlauda-</span> 
     </span>
     <span class='ocr_line' id='line_1_28' title="bbox 293 1696 1410 1740; baseline 0.001 -9"><span class='ocrx_word' id='word_1_177' title='bbox 293 1707 389 1739; x_wconf 78' lang='lat' dir='ltr'>tum,</span> <span class='ocrx_word' id='word_1_178' title='bbox 425 1709 539 1732; x_wconf 85' lang='lat' dir='ltr'>aurea</span> <span class='ocrx_word' id='word_1_179' title='bbox 572 1709 715 1731; x_wconf 76' lang='lat' dir='ltr'>corona</span> <span class='ocrx_word' id='word_1_180' title='bbox 750 1696 890 1732; x_wconf 85' lang='lat' dir='ltr'>donat:</span> <span class='ocrx_word' id='word_1_181' title='bbox 937 1703 974 1731; x_wconf 88' lang='lat' dir='ltr'>et</span> <span class='ocrx_word' id='word_1_182' title='bbox 1007 1696 1068 1732; x_wconf 90' lang='lat' dir='ltr'>alii</span> <span class='ocrx_word' id='word_1_183' title='bbox 1107 1696 1288 1732; x_wconf 82' lang='lat' dir='ltr'>militares</span> <span class='ocrx_word' id='word_1_184' title='bbox 1327 1697 1410 1740; x_wconf 82' lang='lat' dir='ltr'>viri,</span> 
     </span>
     <span class='ocr_line' id='line_1_29' title="bbox 292 1760 1412 1810; baseline 0.002 -15"><span class='ocrx_word' id='word_1_185' title='bbox 292 1767 406 1810; x_wconf 86' lang='lat' dir='ltr'>prout</span> <span class='ocrx_word' id='word_1_186' title='bbox 429 1773 449 1796; x_wconf 85' lang='lat' dir='ltr'>a</span> <span class='ocrx_word' id='word_1_187' title='bbox 469 1773 618 1808; x_wconf 85' lang='lat' dir='ltr'>quoque</span> <span class='ocrx_word' id='word_1_188' title='bbox 639 1767 776 1796; x_wconf 78' lang='lat' dir='ltr'>navata</span> <span class='ocrx_word' id='word_1_189' title='bbox 797 1773 912 1809; x_wconf 85' lang='lat' dir='ltr'>opera</span> <span class='ocrx_word' id='word_1_190' title='bbox 932 1768 1026 1803; x_wconf 80' lang='lat' dir='ltr'>erat,</span> <span class='ocrx_word' id='word_1_191' title='bbox 1047 1761 1189 1797; x_wconf 86' lang='lat' dir='ltr'>donati.</span> <span class='ocrx_word' id='word_1_192' title='bbox 1247 1760 1320 1797; x_wconf 83' lang='lat' dir='ltr'>His</span> <span class='ocrx_word' id='word_1_193' title='bbox 1339 1761 1412 1797; x_wconf 86' lang='lat' dir='ltr'>ho-</span> 
     </span>
     <span class='ocr_line' id='line_1_30' title="bbox 291 1824 1413 1875; baseline 0.001 -15"><span class='ocrx_word' id='word_1_194' title='bbox 291 1825 449 1860; x_wconf 87' lang='lat' dir='ltr'>noribus</span> <span class='ocrx_word' id='word_1_195' title='bbox 480 1824 646 1860; x_wconf 88' lang='lat' dir='ltr'>mollitus</span> <span class='ocrx_word' id='word_1_196' title='bbox 678 1826 775 1872; x_wconf 79' lang='lat' dir='ltr'>regis</span> <span class='ocrx_word' id='word_1_197' title='bbox 807 1826 968 1867; x_wconf 80' lang='lat' dir='ltr'>animus,</span> <span class='ocrx_word' id='word_1_198' title='bbox 991 1832 1212 1874; x_wconf 78' lang='lat' dir='ltr'>erectusque</span> <span class='ocrx_word' id='word_1_199' title='bbox 1238 1826 1278 1861; x_wconf 87' lang='lat' dir='ltr'>in</span> <span class='ocrx_word' id='word_1_200' title='bbox 1308 1838 1413 1875; x_wconf 85' lang='lat' dir='ltr'>spem</span> 
     </span>
     <span class='ocr_line' id='line_1_31' title="bbox 291 1887 1409 1939; baseline 0.001 -16"><span class='ocrx_word' id='word_1_201' title='bbox 291 1889 559 1938; x_wconf 83' lang='lat' dir='ltr'>propinquam,</span> <span class='ocrx_word' id='word_1_202' title='bbox 587 1887 738 1925; x_wconf 76' lang='lat' dir='ltr'>sublato</span> <span class='ocrx_word' id='word_1_203' title='bbox 760 1889 944 1938; x_wconf 81' lang='lat' dir='ltr'>Syphace,</span> <span class='ocrx_word' id='word_1_204' title='bbox 967 1889 1088 1925; x_wconf 87' lang='lat' dir='ltr'>omnis</span> <span class='ocrx_word' id='word_1_205' title='bbox 1118 1889 1310 1925; x_wconf 84' lang='lat' dir='ltr'>Numidiae</span> <span class='ocrx_word' id='word_1_206' title='bbox 1341 1902 1409 1939; x_wconf 81' lang='lat' dir='ltr'>po-</span> 
     </span>
     <span class='ocr_line' id='line_1_32' title="bbox 291 1952 445 1988; baseline 0.006 -1"><span class='ocrx_word' id='word_1_207' title='bbox 291 1952 445 1988; x_wconf 79' lang='lat' dir='ltr'>tiundae.</span> 
     </span>
    </p>

    <p class='ocr_par' dir='ltr' id='par_1_6' title="bbox 96 2015 1413 2324">
     <span class='ocr_line' id='line_1_33' title="bbox 345 2015 1409 2067; baseline 0 -15"><span class='ocrx_word' id='word_1_208' title='bbox 345 2016 456 2053; x_wconf 85' lang='lat' dir='ltr'><strong>XVI.</strong></span> <span class='ocrx_word' id='word_1_209' title='bbox 478 2016 619 2066; x_wconf 83' lang='lat' dir='ltr'>Scipio,</span> <span class='ocrx_word' id='word_1_210' title='bbox 643 2017 685 2052; x_wconf 88' lang='lat' dir='ltr'>C.</span> <span class='ocrx_word' id='word_1_211' title='bbox 702 2015 825 2052; x_wconf 75' lang='lat' dir='ltr'>Laelio</span> <span class='ocrx_word' id='word_1_212' title='bbox 845 2030 930 2053; x_wconf 88' lang='lat' dir='ltr'>cum</span> <span class='ocrx_word' id='word_1_213' title='bbox 952 2017 1123 2067; x_wconf 88' lang='lat' dir='ltr'>Syphace</span> <span class='ocrx_word' id='word_1_214' title='bbox 1143 2017 1300 2065; x_wconf 82' lang='lat' dir='ltr'>aliisque</span> <span class='ocrx_word' id='word_1_215' title='bbox 1321 2029 1409 2066; x_wconf 85' lang='lat' dir='ltr'>cap-</span> 
     </span>
     <span class='ocr_line' id='line_1_34' title="bbox 290 2081 1413 2130; baseline 0 -13"><span class='ocrx_word' id='word_1_216' title='bbox 290 2082 377 2117; x_wconf 83' lang='lat' dir='ltr'>tivis</span> <span class='ocrx_word' id='word_1_217' title='bbox 396 2081 562 2117; x_wconf 81' lang='lat' dir='ltr'>Romam</span> <span class='ocrx_word' id='word_1_218' title='bbox 585 2082 714 2124; x_wconf 79' lang='lat' dir='ltr'>misso,</span> <span class='ocrx_word' id='word_1_219' title='bbox 735 2094 820 2129; x_wconf 83' lang='lat' dir='ltr'>cum</span> <span class='ocrx_word' id='word_1_220' title='bbox 840 2082 974 2130; x_wconf 83' lang='lat' dir='ltr'>quibus</span> <span class='ocrx_word' id='word_1_221' title='bbox 997 2089 1033 2117; x_wconf 86' lang='lat' dir='ltr'>et</span> <span class='ocrx_word' id='word_1_222' title='bbox 1052 2082 1266 2118; x_wconf 66' lang='lat' dir='ltr'>Masinissae</span> <span class='ocrx_word' id='word_1_223' title='bbox 1293 2081 1413 2130; x_wconf 72' lang='lat' dir='ltr'>legati</span> 
     </span>
     <span class='ocr_line' id='line_1_35' title="bbox 290 2146 1407 2196; baseline -0.001 -14"><span class='ocrx_word' id='word_1_224' title='bbox 290 2146 452 2196; x_wconf 86' lang='lat' dir='ltr'>profecti</span> <span class='ocrx_word' id='word_1_225' title='bbox 479 2153 580 2188; x_wconf 82' lang='lat' dir='ltr'>sunt,</span> <span class='ocrx_word' id='word_1_226' title='bbox 602 2147 681 2196; x_wconf 80' lang='lat' dir='ltr'>ipse</span> <span class='ocrx_word' id='word_1_227' title='bbox 711 2147 757 2181; x_wconf 81' lang='lat' dir='ltr'>ad</span> <span class='ocrx_word' id='word_1_228' title='bbox 775 2147 927 2182; x_wconf 82' lang='lat' dir='ltr'>Tuneta</span> <span class='ocrx_word' id='word_1_229' title='bbox 956 2159 1104 2183; x_wconf 87' lang='lat' dir='ltr'>rursum</span> <span class='ocrx_word' id='word_1_230' title='bbox 1128 2155 1251 2182; x_wconf 74' lang='lat' dir='ltr'>castra</span> <span class='ocrx_word' id='word_1_231' title='bbox 1279 2146 1407 2188; x_wconf 85' lang='lat' dir='ltr'>refert,</span> 
     </span>
     <span class='ocr_line' id='line_1_36' title="bbox 98 2210 1408 2261; baseline -0.001 -15"><span class='ocrx_word' id='word_1_232' title='bbox 98 2225 235 2256; x_wconf 79' lang='lat' dir='ltr'>Kartha-</span> <span class='ocrx_word' id='word_1_233' title='bbox 291 2216 343 2254; x_wconf 88' lang='lat' dir='ltr'>et,</span> <span class='ocrx_word' id='word_1_234' title='bbox 371 2224 453 2260; x_wconf 81' lang='lat' dir='ltr'>quae</span> <span class='ocrx_word' id='word_1_235' title='bbox 484 2212 718 2247; x_wconf 83' lang='lat' dir='ltr'>munimenta</span> <span class='ocrx_word' id='word_1_236' title='bbox 749 2211 1008 2254; x_wconf 80' lang='lat' dir='ltr'>inchoaverat,</span> <span class='ocrx_word' id='word_1_237' title='bbox 1046 2213 1249 2261; x_wconf 52' lang='lat' dir='ltr'>permunit,</span> <span class='ocrx_word' id='word_1_238' title='bbox 1307 2210 1408 2246; x_wconf 84' lang='lat' dir='ltr'>Kar-</span> 
     </span>
     <span class='ocr_line' id='line_1_37' title="bbox 96 2270 1408 2324; baseline 0.002 -17"><span class='ocrx_word' id='word_1_239' title='bbox 96 2270 254 2307; x_wconf 72' lang='lat' dir='ltr'>ginienses</span> <span class='ocrx_word' id='word_1_240' title='bbox 291 2275 565 2323; x_wconf 79' lang='lat' dir='ltr'>thagiuienses,</span> <span class='ocrx_word' id='word_1_241' title='bbox 586 2288 664 2311; x_wconf 88' lang='lat' dir='ltr'>non</span> <span class='ocrx_word' id='word_1_242' title='bbox 683 2274 788 2310; x_wconf 88' lang='lat' dir='ltr'>brevi</span> <span class='ocrx_word' id='word_1_243' title='bbox 817 2275 953 2318; x_wconf 89' lang='lat' dir='ltr'>solum,</span> <span class='ocrx_word' id='word_1_244' title='bbox 975 2275 1039 2311; x_wconf 83' lang='lat' dir='ltr'>sed</span> <span class='ocrx_word' id='word_1_245' title='bbox 1060 2287 1176 2324; x_wconf 86' lang='lat' dir='ltr'>prope</span> <span class='ocrx_word' id='word_1_246' title='bbox 1197 2286 1295 2311; x_wconf 80' lang='lat' dir='ltr'>vano</span> <span class='ocrx_word' id='word_1_247' title='bbox 1316 2286 1408 2322; x_wconf 78' lang='lat' dir='ltr'>gau-</span> 
     </span>
    </p>
   </div>
   <div class='ocr_carea' id='block_1_6' title="bbox 94 2321 1412 2393">
    <p class='ocr_par' dir='ltr' id='par_1_7' title="bbox 94 2321 1412 2393">
     <span class='ocr_line' id='line_1_38' title="bbox 94 2321 1412 2393; baseline -0.002 -17"><span class='ocrx_word' id='word_1_248' title='bbox 94 2321 220 2393; x_wconf 55' lang='grc' dir='ltr'><strong>ξέῗὲἓξ,</strong></span> <span class='ocrx_word' id='word_1_249' title='bbox 293 2339 370 2383; x_wconf 82' lang='lat' dir='ltr'>dio,</span> <span class='ocrx_word' id='word_1_250' title='bbox 391 2339 438 2376; x_wconf 84' lang='lat' dir='ltr'>ab</span> <span class='ocrx_word' id='word_1_251' title='bbox 459 2341 548 2376; x_wconf 82' lang='lat' dir='ltr'>satis</span> <span class='ocrx_word' id='word_1_252' title='bbox 570 2351 750 2391; x_wconf 84' lang='lat' dir='ltr'>prospera</span> <span class='ocrx_word' id='word_1_253' title='bbox 769 2339 808 2375; x_wconf 86' lang='lat' dir='ltr'>in</span> <span class='ocrx_word' id='word_1_254' title='bbox 828 2351 992 2390; x_wconf 65' lang='lat' dir='ltr'>praesens</span> <span class='ocrx_word' id='word_1_255' title='bbox 1010 2339 1298 2390; x_wconf 77' lang='lat' dir='ltr'>obpugnatione</span> <span class='ocrx_word' id='word_1_256' title='bbox 1314 2336 1412 2373; x_wconf 81' lang='lat' dir='ltr'>clas—</span> 
     </span>
    </p>
   </div>
  </div>
 </body>
</html>
