1523 2666
122 284 164 314 U.
179 283 215 314 C.
231 292 304 317 551.

119 328 159 361 Α.
175 327 212 359 C.
229 336 303 361 201.

120 2297 227 2337 Legati

118 2339 267 2381 Philippi.

317 185 400 228 266
771 197 820 226 Τ.
844 197 979 228 L1V11

370 284 480 322 XLI.
509 284 554 323 P.
575 285 743 336 Scipioni
763 299 846 323 cum
878 287 1120 333 exercitibus,
1140 303 1234 340 quos
1263 290 1436 335 haberet,

315 350 355 386 in
374 351 570 400 provincia
588 351 720 388 Africa
739 359 988 401 prorogatum
1007 353 1218 404 imperium.
1274 356 1436 393 Praetori

311 415 370 453 Μ.
390 416 543 452 Valerio
562 416 717 453 Faltoni
737 418 819 454 duae
848 418 1018 467 legiones
1043 420 1081 455 in
1101 419 1278 464 Bruttiis,
1299 420 1435 471 quibus

314 481 357 517 C.
377 480 509 517 Livius
530 481 654 531 priore
675 495 776 518 anno
796 483 1014 533 praefuerat,
1037 486 1209 523 decretae.
1250 487 1294 524 P.
1307 486 1434 523 AElius

311 552 454 596 praetor
472 546 564 582 duas
585 545 755 595 legiones
776 548 816 583 in
837 548 967 585 Sicilia
993 549 1040 586 ab
1062 550 1132 586 Cn.
1145 551 1351 587 Tremellio
1371 563 1434 587 ac-

313 609 466 660 ciperet.
522 609 647 659 Legio
675 624 753 647 una
780 611 837 648 M.
857 612 979 649 Fabio
1005 615 1044 650 in
1072 614 1299 659 Sardiniam,
1321 627 1432 665 quam

310 673 355 711 P.
375 673 562 710 Lentulus
583 687 651 724 pro
672 682 834 724 praetore
862 677 1072 721 habuisset,
1093 679 1321 716 decernitur.
1376 678 1434 716 M.

311 738 472 775 Servilio
492 739 629 788 prioris
660 740 750 775 anni
771 741 933 785 consuli,
955 755 1040 778 cum
1070 743 1145 778 suis
1168 742 1312 779 duabus
1342 743 1435 779 item

307 801 538 852 legionibus,
569 804 609 840 in
645 804 802 841 Etruria
839 814 1089 855 prorogatum
1126 807 1324 857 imperium
1363 814 1433 845 est.

309 867 424 906 Quod
444 867 490 903 ad
511 867 717 917 Hispanias
739 869 939 913 adtineret,
960 870 1107 919 aliquot
1128 870 1213 921 jam
1235 883 1356 908 annos
1376 871 1431 908 ibi

309 931 356 969 L.
375 931 595 968 Cornelium
628 932 835 969 Lentulum
871 940 910 970 et
942 935 989 971 L.
1009 935 1197 972 Manlium
1227 936 1433 972 Acidinum

309 1009 414 1033 esse:
447 997 502 1033 uti
523 996 696 1033 consules
717 1011 803 1034 cum
822 999 984 1035 tribunis
1014 1008 1183 1049 agerent,
1205 1001 1236 1036 si
1257 1001 1308 1036 eis
1328 1001 1434 1036 vide-

307 1068 425 1105 retur,
447 1067 489 1097 ut
508 1062 658 1112 plebem
677 1070 872 1111 rogarent,
895 1065 955 1100 cui
978 1064 1162 1114 juberent
1182 1066 1221 1101 in
1242 1065 1433 1114 Hispania

310 1127 509 1176 imperium
543 1140 646 1163 esse:
679 1128 710 1163 is
742 1141 787 1164 ex
819 1129 966 1165 duobus
992 1129 1220 1166 exercitibus
1247 1130 1286 1165 in
1320 1141 1434 1165 unam

308 1191 498 1240 legionem
519 1192 776 1228 conscriberet
795 1193 994 1230 Romanos
1024 1194 1179 1237 milites,
1201 1199 1240 1230 et
1258 1195 1297 1230 in
1318 1194 1428 1243 quin-

309 1256 431 1292 decim
459 1257 634 1292 cohortes
667 1258 790 1293 socios
820 1257 953 1294 Latini
975 1259 1155 1301 nominis,
1177 1258 1311 1307 quibus
1342 1270 1432 1308 pro-

307 1321 470 1356 vinciam
499 1321 712 1358 obtineret:
746 1328 891 1358 veteres
927 1322 1064 1358 milites
1093 1322 1140 1359 L.
1163 1322 1363 1358 Cornelius
1394 1327 1433 1358 et

307 1384 353 1422 L.
373 1385 542 1421 Manlius
574 1386 613 1421 in
639 1385 790 1422 Italiam
814 1387 1071 1436 deportarent.
1131 1386 1311 1423 Cornelio
1339 1398 1431 1422 con-

308 1450 379 1486 suli
403 1451 683 1499 quinquaginta
713 1452 865 1487 navium
895 1451 1023 1488 classis
1051 1464 1098 1489 ex
1127 1451 1272 1488 duabus
1299 1450 1428 1487 classi-

307 1514 392 1557 bus,
414 1515 485 1550 Cn.
507 1513 672 1558 Octavii,
691 1528 773 1563 quae
799 1516 839 1550 in
858 1515 990 1551 Africa
1010 1522 1121 1558 esset,
1142 1515 1185 1551 P.
1205 1514 1325 1557 Vinii,
1345 1527 1429 1563 quae

310 1578 447 1614 Sicilire
467 1591 572 1614 oram
596 1578 788 1621 tuebatur,
810 1579 982 1614 decreta:
1016 1585 1071 1622 ut,
1094 1591 1184 1627 quas
1214 1590 1328 1614 naves
1350 1577 1428 1613 vel-

308 1643 375 1686 let,
403 1644 594 1692 deligeret.
651 1644 695 1680 P.
716 1644 845 1693 Scipio
865 1644 1119 1692 quadraginta
1148 1643 1282 1690 longas
1313 1654 1426 1678 naves

309 1709 480 1752 haberet,
513 1721 603 1757 quas
635 1708 854 1744 habuisset:
889 1708 1025 1758 quibus
1057 1708 1089 1743 si
1119 1708 1188 1744 Cn.
1210 1707 1428 1750 Octavium,

309 1774 407 1809 sicut
428 1773 652 1823 praefuisset,
670 1784 831 1822 praeesse
850 1772 978 1815 vellet,
993 1771 1156 1808 Octavio
1175 1783 1246 1821 pro
1266 1777 1429 1820 praetore

310 1839 349 1874 in
369 1850 454 1874 eum
475 1850 615 1873 annum
635 1837 833 1886 imperium
861 1843 982 1872 esset:
1016 1836 1046 1871 si
1073 1835 1233 1872 Laelium
1263 1834 1430 1885 praefice-

310 1908 381 1945 ret,
410 1901 591 1937 Octavius
618 1901 783 1937 Romam
812 1900 1031 1936 decederet:
1063 1899 1333 1947 reduceretque
1360 1911 1429 1935 na-

309 1979 387 2010 ves,
409 1965 544 2015 quibus
566 1964 711 2001 consuli
732 1976 819 2000 usus
842 1976 920 2000 non
940 1970 1049 2000 esset.
1098 1963 1151 1999 Et
1168 1963 1226 1999 M.
1246 1962 1368 1998 Fabio
1387 1963 1426 1999 in

310 2032 524 2068 Sardiniam
544 2030 672 2066 decem
692 2028 817 2077 longae
837 2040 951 2064 naves
973 2028 1145 2064 decretae.
1182 2026 1235 2063 Et
1255 2026 1428 2063 consules

310 2097 402 2133 duas
422 2096 591 2144 legiones
614 2093 775 2129 urbanas
806 2093 969 2129 scribere
981 2091 1078 2142 jussi
1097 2107 1104 2127 :
1138 2097 1179 2128 ut
1199 2090 1428 2140 quatuorde-

311 2162 385 2199 cim
404 2160 618 2210 legionibus
639 2172 684 2195 eo
701 2172 816 2202 anno,
839 2164 991 2195 centum
1019 2157 1177 2195 navibus
1208 2157 1333 2206 longis
1354 2169 1432 2194 res·
1480 2182 1494 2204 4

312 2227 464 2278 publica
484 2225 825 2261 administraretur.

367 2290 500 2327 XLII.
529 2289 629 2325 Tum
653 2289 698 2324 de
727 2288 862 2337 legatis
883 2287 1052 2338 Philippi
1072 2292 1109 2322 et
1128 2285 1430 2335 Karthaginien-

314 2356 411 2392 sium
431 2361 568 2390 actum.
627 2352 778 2389 Priores
798 2351 1031 2388 Macedonas
1051 2350 1241 2387 introduci
1261 2349 1427 2400 placuit:

314 2432 475 2471 quorum
504 2418 605 2455 varia
625 2417 748 2454 oratio
768 2416 863 2463 fuit5
896 2416 1035 2468 partim
1063 2414 1320 2467 purgantium,
1343 2425 1425 2464 quae

1482 2475 1501 2522 ff·

1482 2597 1502 2666 ἱ
1509 2599 1510 2639 Τ
