1523 2666
313 223 396 268 130
772 225 818 258 τ.
843 228 977 259 mvn

116 323 157 356 U,
177 324 214 357 c,
234 331 306 358 545,
319 328 538 368 comparare
573 317 613 354 in
643 317 742 356 diem
772 328 968 370 posterum
997 319 1125 371 jubet,
1163 320 1431 374 profectusque

116 369 157 400 Α·
175 369 210 400 C'
227 376 302 404 ‘²⁰⁶-
317 382 471 419 decimis
493 384 624 419 castris
651 386 824 434 pervenit
853 386 899 422 ad
927 386 1082 424 Iberum
1111 386 1264 426 flumen.
1320 389 1430 433 Inde,

314 455 493 498 superato
513 449 629 493 amni,
650 449 710 486 die
730 457 866 499 quarto
886 452 925 487 in
945 458 1153 502 conspectu
1173 453 1342 490 hostium
1360 466 1431 505 po-

315 513 392 549 suit
422 519 558 550 castra.
616 514 782 564 Campus
817 521 905 551 ante
937 516 1131 552 montibus
1165 517 1265 553 circa
1301 524 1428 568 septus

310 584 414 614 erat:
447 578 485 613 in
508 591 590 614 eam
610 577 746 614 vallem
767 579 896 630 Scipio
916 593 1031 629 quum
1047 594 1199 631 pecora,
1221 589 1330 632 rapta
1349 581 1430 633 ple-

308 655 425 691 raque
445 655 492 678 ex
511 643 678 679 hostium
699 645 814 692 agris,
836 645 998 695 propelli
1027 646 1074 682 ad
1095 648 1319 684 irritandam
1337 646 1428 684 feri-

308 712 427 743 tatem
453 706 701 744 barbarorum
726 707 918 759 jussisset,
939 710 1070 746 velites
1102 711 1270 747 subsidio
1298 711 1424 748 misit:

309 784 331 807 a
357 771 492 821 quibus
522 773 585 809 ubi
615 786 682 824 per
714 776 1043 824 procursationem
1071 776 1274 811 commissa
1298 788 1429 825 pugna

307 843 420 879 esset,
442 836 602 872 Laelium
630 851 714 873 cum
735 838 907 886 equitatu
930 839 1102 888 inpetum
1132 851 1179 875 ex
1199 839 1350 875 occulto
1369 839 1428 876 fa-

307 913 392 936 cere
423 900 548 951 jubet.
604 901 720 937 BIons
753 911 970 952 opportune
1008 905 1226 953 prominens
1258 905 1427 952 equitum

308 966 460 1001 insidias
499 967 617 1002 texit:
665 979 734 1003 nec
771 967 847 1002 ulla
890 980 997 1003 mora
1038 980 1178 1018 pugnae
1214 968 1318 1004 facta
1356 974 1426 1005 est.

306 1029 472 1080 Hispani
493 1032 530 1066 in
552 1038 757 1082 conspecta
776 1031 909 1081 procul
938 1044 1090 1081 pecora,
1111 1031 1242 1068 velites
1273 1033 1311 1068 in
1332 1032 1427 1068 His-

306 1107 425 1143 panos
446 1096 569 1145 praeda
590 1102 796 1146 occupatos
818 1097 1021 1132 incurrere.
1068 1096 1199 1133 Primo
1220 1096 1426 1133 missilibus

306 1161 548 1197 tersit-avere:
582 1161 730 1204 deinde,
752 1162 896 1197 emissis
927 1161 1071 1197 levibus
1102 1161 1202 1204 telis,
1229 1175 1311 1211 quae
1341 1163 1426 1198 irri-

306 1233 387 1261 tare
407 1227 542 1275 magis,
565 1239 679 1275 quam
700 1226 916 1269 decernere,
938 1238 1106 1276 pugnam
1132 1233 1324 1277 poterant,
1346 1226 1427 1275 gla-

304 1289 386 1326 dios
413 1290 572 1333 nudant‚
600 1296 638 1326 et
664 1290 818 1326 conlato
848 1290 944 1340 pede
973 1302 1031 1325 res
1067 1296 1194 1341 coepta
1226 1292 1307 1340 geri
1339 1298 1422 1327 est:

303 1367 516 1404 ancepsque
544 1355 717 1405 pedestre
747 1361 937 1390 certamen
969 1360 1063 1397 erat,
1092 1355 1167 1391 nisi
1187 1356 1332 1404 equites
1362 1367 1424 1392 su·

304 1420 586 1468 pervenissent:
619 1432 741 1469 neque
772 1432 818 1455 ex
846 1419 1003 1455 adverso
1030 1426 1181 1456 tantum
1211 1419 1320 1456 inlati
1353 1419 1423 1457 ob-

304 1485 384 1520 vios
420 1484 624 1528 obtrivere,
657 1484 722 1520 sed
757 1484 998 1520 circumvecti
1033 1485 1148 1520 etiam
1179 1485 1330 1533 quidam
1359 1496 1426 1534 per

305 1548 432 1585 infima
454 1549 538 1585 clivi
561 1549 607 1585 ab
628 1556 738 1597 tergo
759 1562 812 1592 se,
834 1556 875 1584 ut
894 1548 1094 1598 plerosque
1113 1549 1423 1592 intercluderent,

305 1613 553 1664 objecerunt:
588 1614 784 1664 majorque
819 1614 938 1650 caedes
975 1614 1062 1656 fuit,
1099 1626 1211 1663 quam
1242 1619 1423 1662 quantam

305 1679 412 1714 edere
432 1679 529 1715 levia
550 1692 616 1729 per
636 1680 878 1715 excursiones
902 1678 1037 1729 proelia
1067 1678 1203 1715 solent,
1260 1677 1323 1714 Ira
1342 1691 1422 1714 ma-

305 1744 360 1791 gis
392 1756 551 1780 accensa
581 1745 738 1780 adverso
762 1744 899 1793 proelio
928 1743 1098 1779 barbaris
1129 1749 1199 1785 est,
1221 1755 1331 1791 quam
1363 1743 1421 1778 in-

304 1809 439 1843 minuti
461 1810 574 1844 animi
593 1826 599 1844 :
633 1810 774 1856 itaque,
797 1821 843 1844 ne
863 1808 1026 1858 perculsi
1050 1807 1279 1850 viderentur,
1300 1807 1422 1856 prima

303 1871 385 1908 luce
407 1879 559 1922 postero
580 1873 638 1908 die
660 1873 697 1908 in
719 1873 838 1908 aciem
858 1885 1086 1922 processere.
1134 1871 1227 1908 Non
1247 1871 1422 1921 capiebat

303 1949 434 1972 omnes
456 1938 583 1986 copias
605 1944 781 1985 angusta,
804 1939 900 1973 sicut
921 1944 1009 1973 ante
1030 1938 1170 1973 dictum
1195 1942 1264 1979 est,
1286 1935 1417 1971 vallis:

304 2001 384 2037 duae
405 2001 522 2037 ferme
539 2002 708 2052 peditum
728 2010 868 2051 partes,
892 2002 1013 2037 omnis
1032 2001 1220 2050 equitatus
1241 2000 1280 2035 in
1301 2000 1421 2035 aciem

303 2065 523 2101 descendit:
562 2066 663 2114 quod
700 2066 886 2114 reliquum
923 2065 1092 2115 peditum
1130 2071 1224 2107 erat,
1264 2063 1421 2113 obliquo

304 2131 586 2165 constituerunt
606 2129 713 2165 colle.
773 2131 914 2180 Scipio,
936 2141 1005 2179 pro
1027 2141 1065 2164 se
1086 2141 1166 2163 esse
1195 2127 1267 2163 loci
1299 2140 1421 2176 angu-

306 2194 396 2230 stias
426 2202 544 2237 ratus,
567 2201 604 2229 et
630 2195 732 2243 quod
762 2195 800 2230 in
830 2203 913 2230 arto
934 2207 1061 2244 pugna
1081 2193 1260 2229 Romano
1281 2194 1419 2242 aptior,

305 2271 417 2307 quam
450 2259 624 2308 Hispano
645 2259 771 2302 militi,
801 2259 930 2295 futura
959 2259 1170 2301 videbatur,
1192 2265 1229 2294 et
1249 2257 1351 2307 quod
1379 2258 1419 2293 in

305 2336 389 2359 eum
420 2324 547 2360 locum
574 2324 744 2360 detracta
774 2325 943 2361 hostium
976 2325 1074 2360 acies
1107 2330 1219 2366 esset,
1247 2323 1310 2372 qui
1340 2334 1419 2359 non

305 2401 458 2427 omnem
489 2389 771 2428 multitudinem
809 2403 941 2430 eorum
975 2395 1139 2442 caperet,
1173 2401 1273 2427 novo
1302 2388 1417 2426 etiam
