1523 2666
337 157 421 211 236
795 172 838 200 T.
864 173 996 202 111v11

138 259 230 292 U.C.
249 270 322 296 549·
336 270 380 294 ne
397 263 515 295 vertat
534 261 570 295 in
590 261 793 304 audaciam,
811 265 1011 310 periculum
1031 269 1092 300 est.
1133 265 1339 313 Equestrem
1356 278 1451 315 pro-r

138 304 232 337 A.C‚
249 312 463 359 2οῡόιτῑῖῐαηι
491 326 693 368 excitemus,
721 332 874 374 oporsset,
900 330 931 363 si
957 329 1101 365 turbare
1126 342 1168 365 ac
1191 335 1290 366 statu
1308 343 1447 367 movere

332 387 506 423 volumus.
564 389 692 436 Itaque
715 391 771 425 vel
798 395 836 426 tu
856 393 904 427 acl
925 394 1046 439 prima
1064 395 1167 440 signa
1184 395 1350 441 praelium
1367 407 1444 430 sus-

335 452 419 493 tine,
440 463 504 498 ego
532 453 699 488 inducam
728 455 764 488 z'n
786 467 945 501 pugnam
975 458 1130 503 equites:
1158 459 1214 492 cel
1237 470 1300 505 ego
1331 458 1386 494 hic
1410 460 1448 493 in

327 516 451 562 prima
469 517 545 551 acie
563 529 637 552 rem
657 529 795 564 geram,
818 523 856 553 tu
877 525 1030 566 quatuor
1049 522 1226 568 legionum
1253 523 1387 570 equites
1408 524 1445 558 in

334 578 466 615 hostem
486 582 617 616 emitte.
661 581 795 618 Utram
815 582 926 618 vellet
945 591 1098 632 praetor,
1120 587 1284 621 muneris
1298 592 1445 635 partem

333 642 559 691 proconsule
579 644 801 694 accipiente,
824 646 1055 684 Quinctilius
1083 654 1222 697 praetor
1244 661 1329 684 cum
1350 649 1443 692 filio,

333 705 394 741 cui
412 705 548 742 2Marc0
563 720 779 757 praenomen
805 717 898 753 erat,
926 712 1075 760 inpigro
1095 711 1252 761 juvene,
1273 712 1318 747 ad
1339 713 1444 760 equi-

331 775 389 806 tes
408 773 555 821 pergit:
581 771 785 822 *iussosque
816 775 1014 811 escendere
1036 776 1076 811 in
1096 788 1211 824 equos
1232 782 1386 825 repente
1405 777 1445 812 iu

331 833 482 870 hostem
503 837 653 872 emittit.
702 837 924 873 Tumultum
945 846 1154 887 equestrem
1177 840 1282 875 auxit
1302 839 1446 876 clamor

333 898 381 935 ab
401 898 614 947 legionibus
635 901 803 938 addit-us:
837 915 907 938 uec
934 904 1100 939 stetisset
1130 904 1297 939 hostium
1329 904 1443 947 acies,

331 962 373 998 ni
391 962 526 1011 Blago,
548 963 594 1000 ad
620 966 783 1014 primum
812 967 982 1014 equitum
1008 974 1166 1009 motum,
1194 973 1346 1017 paratos
1368 967 1443 1002 ele-

330 1027 496 1077 phantos
518 1028 708 1078 extemplo
730 1030 767 1065 in
788 1030 963 1079 proelium
988 1031 1209 1067 induxisset.
1266 1031 1327 1066 Ad
1347 1044 1442 1079 quo-

331 1102 415 1127 rum
435 1092 633 1128 stridorem
655 1094 885 1143 odoremque
905 1101 943 1130 et
968 1095 1187 1144 adspectum
1214 1095 1337 1131 territi
1357 1096 1444 1143 equi

331 1167 472 1190 vanum
493 1164 665 1204 equestre
686 1157 865 1193 auxilium
887 1158 1080 1198 fecerunt:
1105 1165 1141 1194 et
1163 1166 1201 1194 ut
1222 1159 1444 1208 permixtus,

331 1217 397 1254 ubi
428 1220 581 1270 cuspide
610 1222 665 1257 uti
700 1228 737 1257 et
765 1223 936 1257 cominus
967 1222 1094 1270 gladio
1124 1229 1266 1272 posset,
1294 1222 1440 1258 roboris

329 1281 485 1332 majoris
506 1283 703 1320 Romanus
724 1298 836 1333 eques
858 1293 961 1330 erat3
985 1287 1038 1322 ita
1054 1287 1092 1321 in
1113 1285 1282 1321 ablatum
1300 1298 1442 1335 paven-

329 1346 431 1383 tibus
453 1348 587 1397 procul
605 1350 709 1397 equis
736 1350 868 1385 melius
895 1363 941 1386 ex
966 1349 1166 1385 intervallo
1188 1349 1442 1400 Numidaeja-

330 1411 568 1449 culabantur.
640 1414 760 1449 Simul
793 1421 831 1450 et
865 1415 1031 1464 peditum
1065 1413 1167 1462 legio
1205 1414 1440 1456 duodecima,

330 1487 469 1524 magna
488 1489 534 1512 ex
553 1484 661 1526 parte
684 1490 793 1521 caesa,
821 1478 963 1527 pudore
994 1478 1128 1525 magis,
1150 1490 1261 1526 quam
1282 1477 1438 1519 viribus,

329 1539 487 1576 tenebat
506 1540 631 1577 locum
648 1556 654 1577 r
679 1555 747 1577 uec
767 1543 906 1577 diutius
927 1542 1124 1584 tenuisset,
1144 1542 1190 1592 ni
1204 1555 1250 1578 ex
1266 1540 1442 1577 subsidiis

328 1605 590 1641 tertiadecima
615 1606 730 1654 legio,
752 1608 790 1642 in
817 1607 976 1656 primam
999 1606 1117 1642 aciem
1145 1606 1312 1647 inducta,
1339 1618 1441 1654 proe-

327 1666 421 1704 lium
442 1669 598 1705 dubium
619 1671 840 1720 excepisset.
889 1670 1008 1719 Mago
1030 1683 1179 1718 quoque
1200 1683 1243 1706 ex
1266 1670 1441 1706 subsidiis

329 1731 462 1768 Gallos
480 1734 637 1782 integrae
657 1734 799 1782 legioni
820 1735 1011 1785 obposuit.
1046 1735 1193 1774 Quibus
1214 1735 1315 1770 haud
1335 1747 1439 1783 mag-

328 1808 380 1831 no
401 1798 607 1833 certamine
634 1797 742 1840 fusis,
770 1799 911 1833 hastati
935 1798 1101 1846 legionis
1121 1799 1326 1834 undecimae
1348 1810 1440 1834 con-

327 1858 490 1907 globant
516 1872 611 1902 sese,
633 1868 746 1909 atque
773 1861 995 1912 elephantos
1018 1863 1101 1912 jam
1132 1863 1297 1913 peditum
1322 1863 1442 1898 aciem

327 1923 525 1960 turbantes
559 1925 764 1960 invadunt:
799 1927 837 1961 in
868 1939 961 1975 quos
992 1940 1104 1974 quum
1139 1927 1215 1977 pila
1248 1927 1439 1962 confertos

327 1987 595 2038 conjecissent,
616 1989 722 2025 nullo
747 1990 865 2026 ferme
892 1991 1032 2026 frustra
1058 1992 1208 2033 emisso,
1230 2003 1361 2025 omnes
1381 2003 1439 2026 re-

328 2058 389 2088 tro
419 2053 458 2088 in
492 2054 612 2090 aciem
643 2066 795 2090 suorum
829 2062 1067 2090 averterunt:
1101 2061 1263 2102 quatuor
1293 2055 1440 2102 gravati

329 2114 546 2152 vulneribus
568 2124 811 2153 conruerunt.
869 2118 967 2153 Tum
998 2119 1117 2168 prima
1140 2124 1332 2153 commota
1349 2117 1439 2153 bos-

329 2180 425 2215 tium
444 2180 557 2223 acies,
578 2180 689 2216 simul
715 2181 890 2216 omuibus
920 2181 1123 2231 peditibus,
1147 2187 1186 2215 ut
1213 2192 1361 2216 aversos
1382 2181 1438 2216 vi-

329 2242 415 2278 dere
431 2242 668 2292 elephantOS,
686 2244 732 2279 ad
748 2245 960 2293 augendum
977 2257 1153 2294 pavorem
1172 2257 1214 2279 ac
1230 2243 1436 2280 tumultum

329 2306 475 2342 effusis:
509 2308 586 2349 sed,
608 2308 729 2344 donec
752 2310 859 2344 stetit
878 2315 966 2344 ante
991 2310 1101 2357 sigua
1118 2308 1253 2356 Mago,
1282 2307 1436 2355 gradum

329 2372 468 2408 sensim
501 2372 705 2410 referentes
739 2374 903 2418 ordines,
936 2381 1106 2411 tenorem
1138 2386 1274 2424 puguae
1312 2384 1434 2408 serva-
