1507 2656
282 182 437 210 LIBER
461 180 642 209 XXXVI.
675 180 782 210 CAP.
806 182 915 212 XIV·
1075 181 1159 227 575

44 284 83 308 se
116 272 344 308 crediturum
381 271 520 308 fuisse:
567 271 604 306 in
647 271 815 322 Philippi
854 286 894 309 se
930 280 1159 323 potestatem
1176 280 1357 315 U.C..561.

45 337 334 374 commissurum
379 348 455 372 non
490 348 582 372 esse.
640 335 849 385 Postquam
896 338 1070 388 adparuit
1123 340 1161 375 vi
1174 325 1263 355 A‘C·
1284 332 1359 359 ¹⁹¹*

46 402 247 451 agendum,
269 402 357 451 quia
383 400 580 438 videbatur
608 407 646 437 et
671 400 883 437 Limnaeam
904 402 1036 438 eodem
1064 411 1161 440 tem-

45 480 138 517 pore
170 466 383 517 obpugnari
427 479 552 516 posse,
591 479 716 515 regem
764 466 810 502 ad
853 465 1066 502 Limnaeam
1107 468 1161 504 ire

43 532 208 582 placuit:
241 531 395 568 Baebius
433 532 573 567 restitit
600 532 647 568 ad
676 531 898 568 Pellinaeum
931 532 1160 583 obpugnan-

43 596 145 632 dum.

96 660 209 698 XIV.
239 661 312 698 Per
334 674 398 698 eos
426 661 527 698 forte
547 662 623 698 dies
652 661 722 699 Μ’.
743 661 887 697 Acilius
904 661 1050 705 consul,
1073 675 1156 698 cum
1173 664 1231 694 Μ’.
1252 665 1343 697 Acilii

44 725 173 762 decem
202 725 367 762 millibus
397 727 581 776 peditum,
603 725 748 762 duobus
779 725 945 762 millibus
972 728 1156 775 equitum,
1172 718 1217 739 ’Ἢ
1235 716 1342 748 gestae.

42 789 258 839 quindecim
282 789 507 840 elephantis,
542 791 635 828 mari
662 790 838 842 trajecto,
872 793 1062 843 pedestres
1092 806 1158 830 co-

43 854 123 904 pias
144 854 337 891 Larissam
358 856 493 892 ducere
513 856 678 893 delectos
705 857 867 894 militum
889 858 1158 909 tribunosjus-

43 918 114 954 sit:
147 919 227 968 ipse
247 932 331 956 cum
358 921 528 969 equitatu
556 920 767 957 Limnaeam
787 922 833 958 ad
856 922 1075 972 Philippum
1095 936 1158 959 ve-

41 984 110 1021 nit.
167 984 343 1021 Adventu
374 985 539 1022 consulis
563 986 704 1023 deditio
728 987 808 1022 sine
833 989 1076 1024 cunctatione
1101 995 1157 1024 est

40 1047 164 1084 facta:
196 1050 453 1098 traditumque
486 1051 699 1100 praesidium
731 1052 890 1100 regium,
922 1058 960 1087 et
997 1065 1082 1088 cum
1112 1053 1156 1088 iis

37 1113 286 1150 Athamanes.
342 1114 403 1150 Ab
429 1113 603 1150 Liinnaea
630 1114 852 1150 Pellinaeum
879 1116 1014 1152 consul
1040 1117 1157 1166 profi-

37 1177 203 1214 ciscitur.
250 1177 308 1214 Ibi
330 1179 441 1228 primi
461 1179 695 1214 Athamanes
719 1179 955 1215 tradiderunt
976 1193 1070 1224 sese,
1093 1182 1157 1217 de-

37 1243 125 1280 inde
155 1248 193 1278 et
223 1243 422 1294 Philippus
455 1243 831 1294 Megalopolitanus:
865 1245 940 1288 cui,
962 1245 1157 1282 decedenti

38 1306 82 1342 de
115 1307 305 1357 praesidio,
340 1320 456 1356 quum
494 1307 627 1344 obvius
657 1308 758 1344 forte
791 1308 924 1345 fuisset
957 1309 1154 1360 Philippus

37 1384 118 1415 rex,
140 1371 185 1408 ad
206 1371 410 1408 ludibrium
425 1385 553 1421 regem
569 1386 654 1409 eum
668 1372 1051 1423 consalutarijussit3
1075 1376 1160 1425 ipse.

38 1449 262 1486 congressus
282 1437 451 1480 fratrem,
473 1438 573 1474 haud
597 1450 687 1474 saue
707 1439 845 1474 decoro
867 1437 1055 1488 majestati
1078 1452 1154 1476 suae

29 1501 137 1552 joco,
159 1502 374 1552 adpellavit.
420 1502 617 1544 Deductus
638 1503 723 1539 inde
742 1503 789 1538 ad
810 1503 1004 1539 consulem
1024 1511 1153 1540 custo-

36 1565 263 1616 dirijussus,
281 1573 318 1602 et
346 1567 445 1603 haud
479 1567 534 1603 ita
562 1567 683 1603 multo
712 1574 799 1618 post
829 1568 867 1603 in
888 1567 1045 1603 vinculis
1067 1567 1149 1604 Ro-

34 1644 134 1667 mam
154 1632 309 1667 missus:
342 1638 468 1668 cetera
487 1632 691 1668 multitudo
713 1633 973 1668 Athamanum
993 1639 1057 1669 aut
1078 1634 1149 1668 mi-

33 1696 144 1732 litum
162 1696 347 1732 Antiochi
366 1697 480 1745 regis,
495 1710 577 1745 quae
598 1697 636 1732 in
658 1697 838 1746 praesidiis
859 1696 1070 1732 deditorum
1084 1710 1150 1747 per

33 1773 98 1797 eos
119 1761 196 1797 dies
217 1761 445 1811 oppidorum
463 1761 602 1804 fuerat,
619 1760 798 1811 Philippo
816 1761 955 1797 tradita
974 1763 1052 1810 regi
1070 1769 1147 1798 est:

31 1825 137 1862 fuere
162 1832 288 1862 autem
316 1826 364 1862 ad
388 1826 462 1862 tria
487 1825 605 1862 millia
631 1826 843 1862 hominum.
901 1826 1045 1861 Consul
1073 1825 1149 1862 La-

32 1891 165 1926 rissam
185 1897 242 1926 est
264 1890 472 1940 profectus,
494 1891 548 1927 ibi
568 1891 613 1927 de
633 1903 779 1926 summa
798 1890 888 1926 belli
910 1890 1148 1926 consultatu-

33 1968 118 1992 rus:
151 1956 190 1992 in
206 1956 341 1992 itinere
361 1956 408 1992 ab
428 1956 553 1992 Pieria
573 1962 611 1992 et
629 1955 839 2005 Metropoli
860 1954 976 2003 legati
996 1956 1150 1991 traden-

31 2026 87 2056 tes
122 2020 232 2056 urbes
265 2033 350 2057 suas
384 2021 648 2057 obcurrerunt.
705 2019 921 2069 Philippus,
962 2020 1147 2056 Athama-

31 2098 121 2122 num
148 2086 337 2135 praecipue
362 2086 520 2135 captivis
552 2084 794 2133 indulgenter
820 2083 974 2126 habitis,
1008 2091 1048 2119 ut
1081 2097 1148 2134 per

30 2162 94 2186 eos
111 2149 332 2186 conciliaret
351 2156 518 2198 gentem,
539 2158 672 2186 nactus
691 2161 794 2199 spem
815 2149 1056 2185 Athamaniae
1077 2162 1146 2199 po-

33 2214 188 2257 tiundae,
219 2215 426 2250 exercitum
454 2227 499 2250 eo
526 2214 647 2257 duxit,
675 2214 876 2264 praemissis
903 2213 940 2248 in
975 2213 1146 2249 civitates

32 2279 202 2329 captiviS.
258 2278 311 2315 Et
331 2278 386 2314 illi
412 2292 591 2327 magnam
615 2279 882 2314 auctoritatem
905 2276 1003 2327 apud
1024 2289 1146 2327 popu-

31 2342 126 2380 lares
151 2342 380 2387 habuerunt,
402 2342 643 2380 clementiam
673 2354 763 2392 erga
793 2355 831 2378 se
864 2341 963 2392 regiS
994 2341 1144 2379 munifi-
