1507 2656
326 214 481 243 LIBER
506 213 675 241 xxvn.
708 211 816 240 CAP.
841 212 926 242 XV·
1132 211 1181 255 27

70 305 168 341 iuter
194 303 395 355 populares
425 310 503 340 tam
532 303 727 346 honorati,
748 315 853 352 spem
883 309 1015 339 nactus
1036 315 1102 352 per
1121 315 1183 339 so—

66 380 194 405 rorem
214 368 385 418 quolibet
414 367 544 419 inpelli
574 374 764 404 amantem
791 379 915 418 posse,
936 367 1027 417 quid
1056 380 1184 418 spera-

67 438 138 476 ret,
173 433 221 470 ad
253 432 448 470 consulem
480 432 641 470 detulit:
682 445 764 481 quae
803 445 918 481 quum
950 432 1054 468 haud
1086 445 1186 470 vana.

67 497 253 545 cogitatio
284 497 363 534 visa
392 502 504 540 esset,
530 509 600 547 pro
630 496 790 546 perfuga
811 495 942 546 jussus
972 495 1184 534 Tarentum

63 562 239 605 transire,
260 573 303 598 ac
322 574 389 612 per
408 574 579 598 sororem
598 560 780 612 praefecto
800 561 1038 604 conciliatus,
1059 561 1183 612 primo

63 625 212 662 occulte
231 627 400 663 animum
419 625 499 676 ejus
520 626 719 668 tentando,
741 625 842 669 dein,
864 626 955 662 satis
986 626 1184 677 explorata

62 689 231 735 levitate,
252 691 446 728 blanditiis
467 690 713 728 muliebribus
734 690 901 742 perpulit
920 703 1004 727 eum
1026 691 1072 728 ad
1091 703 1184 741 pro-

63 755 247 793 ditionem
266 755 448 792 custodiae
466 755 556 799 loci,
578 756 638 792 cui
658 757 883 806 praepositus
905 762 998 793 erat.
1045 755 1125 793 Ubi
1145 762 1184 793 et

61 820 161 856 ratio
190 820 346 870 agendae
374 820 442 863 rei,
463 826 503 856 et
529 827 679 870 tempus
709 821 903 863 convenit,
924 819 1047 863 miles,
1067 827 1183 857 nocte

61 896 128 935 per
147 884 348 921 intervalla
365 884 574 921 stationum
604 884 700 921 clam
733 898 780 921 ex
809 884 904 921 urbe
927 885 1100 928 emissus,
1121 897 1181 929 ea,

61 961 145 998 quae
174 955 260 985 acta
280 955 400 992 eraut,
423 962 594 998 quaeque,
625 956 667 986 ut
697 957 913 998 agerentur,
936 955 1181 992 convenerat,

61 1013 107 1050 ad
127 1012 321 1050 consulem
340 1013 468 1050 refert.
523 1013 664 1051 Fabius
687 1014 816 1064 vigilia
834 1016 970 1065 prima,
992 1015 1082 1050 dato
1104 1015 1182 1063 sig-

59 1094 110 1117 no
139 1081 199 1124 iis,
221 1081 285 1130 qui
314 1081 354 1117 in
384 1093 469 1117 arce
500 1088 622 1125 erant,
644 1082 782 1131 quique
812 1082 1025 1118 custodiam
1046 1082 1180 1132 portus

62 1145 269 1189 habebant,
301 1145 381 1195 ipse
414 1145 573 1182 circuito
603 1153 716 1196 portu
747 1145 793 1182 ab
825 1147 980 1195 regione
1010 1145 1111 1182 urbis
1140 1147 1180 1182 in

60 1210 246 1246 orientem
282 1222 390 1246 versa
425 1209 597 1246 occultus
645 1211 830 1248 consedit.
897 1211 1045 1247 Canere
1092 1211 1180 1247 inde

60 1273 161 1310 tubae.
191 1273 303 1310 simul
332 1273 378 1310 ab
410 1286 509 1316 arce,
538 1273 650 1309 simul
679 1288 702 1310 a
730 1280 843 1325 portu
870 1281 909 1311 et
936 1275 982 1311 ab
1004 1275 1178 1317 navibus,

58 1350 141 1386 quae
161 1337 208 1374 ab
229 1343 361 1387 aperto
390 1338 484 1373 mari
514 1338 679 1387 adpulsae
704 1346 838 1384 erant5
872 1337 1089 1387 clamorque
1111 1352 1181 1374 un-

59 1401 171 1450 dique
191 1414 275 1437 cum
295 1401 441 1450 ingenti
467 1401 646 1443 tumultu,
670 1402 767 1437 unde
796 1403 993 1439 minimum
1024 1402 1180 1453 periculi

61 1472 154 1507 erat,
189 1465 235 1501 de
268 1464 453 1500 industria
485 1472 605 1502 ortus.
663 1465 808 1501 Consul
841 1466 992 1501 interim
1025 1465 1178 1501 silentio

60 1529 282 1566 continebat
302 1542 402 1565 suos.
459 1528 583 1578 Igitur
606 1528 870 1572 Democrates,
892 1530 954 1578 qui
977 1530 1176 1580 praefcctus

1 1633 2 1638 Ἰ
59 1599 171 1630 antea
190 1592 318 1629 classis
336 1592 475 1635 fuerat,
495 1592 596 1628 forte
617 1592 682 1629 illo
701 1591 788 1629 loco
808 1594 1048 1643 p1·a›positu8‚
1070 1600 1176 1644 post-

0 1661 4 1706 j
59 1669 171 1706 quam
202 1657 328 1706 quieta
362 1657 490 1693 omnia
518 1657 617 1694 circa
651 1669 690 1693 se
720 1657 826 1700 vidit,
852 1657 942 1693 alias
974 1664 1098 1707 partes
1130 1670 1175 1693 eo

4 1758 5 1761 ,
57 1721 223 1758 tumultu
252 1734 469 1771 personare,
501 1729 543 1758 ut
572 1728 692 1772 captae
721 1722 824 1758 urbis
854 1724 1045 1759 interdum
1074 1724 1175 1759 exci-

6 1831 7 1834 ,
59 1792 203 1821 taretur
223 1784 378 1829 clamor,
399 1786 539 1822 veritus
569 1798 616 1822 ne
646 1787 744 1821 inter
764 1787 1047 1823 cunctationem
1068 1799 1174 1823 suani

58 1848 191 1885 consul
219 1848 383 1898 aliquam
402 1850 476 1886 vim
497 1850 654 1893 faceret,
675 1852 857 1900 signaque
887 1851 1057 1893 inferret,
1078 1865 1174 1901 prae-

58 1912 192 1948 sidium
222 1913 268 1949 ad
298 1926 437 1957 arcem,
465 1914 563 1950 uude
596 1915 758 1951 maxime
778 1914 954 1951 terribilis
979 1915 1175 1951 accidebat

58 1989 187 2021 sonus,
207 1977 383 2015 traducit.
439 1978 594 2022 Fabius,
616 1992 731 2027 quum
752 1986 789 2015 et
809 1992 855 2016 ex
878 1981 1059 2030 temporis
1089 1993 1173 2029 spa·

11 2040 12 2043 ’
58 2042 112 2077 tio
133 2048 171 2078 et
190 2055 237 2079 ex
255 2042 407 2080 silentio
427 2043 510 2093 ipso
533 2044 653 2093 (quod
673 2043 735 2080 ubi
757 2043 885 2094 paullo
916 2052 1003 2080 aute
1031 2051 1175 2095 strepe-

13 2103 14 2106 ’
56 2104 152 2142 bant
171 2107 379 2143 excitantes
400 2115 654 2158 vocantesque
675 2109 720 2145 ad
739 2122 856 2151 arina,
878 2109 966 2144 iude
990 2108 1092 2144 uuila
1112 2123 1174 2146 ac-

56 2169 205 2206 cidebat
224 2172 315 2219 vox)
339 2171 518 2208 deductas
541 2173 730 2208 custodias
751 2174 949 2217 sensissem
983 2172 1070 2208 sei-ri
1092 2186 1172 2210 sca-

16 2233 17 2250 ³
57 2232 113 2269 las
133 2234 179 2269 ad
199 2247 281 2271 eam
300 2242 446 2286 partem
466 2237 577 2280 muri,
599 2250 674 2286 qua
703 2237 946 2273 Bruttiorum
977 2238 1173 2274 cohortem

18 2308 19 2315 ¹
57 2297 274 2346 praesidium
303 2300 448 2347 agitare
477 2300 704 2350 proditionis
726 2301 951 2338 conciliator
971 2302 1174 2337 nunciam«

58 2366 133 2406 rat,
147 2359 272 2413 jubet.
326 2363 386 2402 Ea
414 2364 577 2416 primum
597 2371 655 2401 est
674 2370 805 2418 captus
830 2377 972 2411 muruS,
993 2364 1174 2416 adjuvaw

565 2429 595 2467 C
613 2430 636 2467 2

1198 308 1240 337 U.
1252 307 1288 338 C.
1304 315 1377 339 5423.

1197 352 1236 383 A.
1250 352 1288 384 C.
1302 359 1376 385 ποῖ).
