1507 2656
343 159 499 188 mnan
523 157 698 187 xxvn.
731 155 838 186 CAP.
862 157 944 186 xL.
1143 147 1196 203 63

81 248 221 298 quippe
247 254 500 298 reputantem,
521 259 601 283 non
630 245 754 282 solum
773 258 886 295 quam
912 244 1017 282 lenta
1047 245 1197 284 urbium
1210 251 1253 283 U.
1264 251 1300 283 C.
1319 260 1395 286 545.

80 312 318 362 obpugnatio
339 318 451 355 esset,
473 311 538 347 sed
558 311 673 346 etiam
692 322 805 359 quam
832 310 913 359 ipse
933 308 1074 346 frustra
1093 323 1196 347 eam—

79 378 164 415 dem
202 378 304 414 illam
342 377 546 421 coloniam,
582 376 629 414 ab
664 375 805 413 Trebia
832 375 955 412 victor
986 388 1193 426 regressus,

78 448 278 479 tentasset.

1208 295 1249 328 A.
1263 295 1300 328 C.
1318 303 1393 333 207·

129 506 218 543 XL.
240 505 440 549 Consules,
458 505 611 542 diversis
627 503 825 541 itineribus
841 504 1004 554 profecti
1019 504 1067 542 ab
1084 505 1190 550 urbe,
1204 509 1357 540 Anxietas

75 570 178 606 velut
206 571 245 606 in
275 570 350 606 duo
383 571 525 620 pariter
552 569 653 605 bella
690 569 950 605 distenderant
979 582 1086 606 curas
1118 571 1189 607 ho-

74 635 233 678 minum,
255 635 366 670 simul
394 635 691 676 recordantium,
713 646 803 683 quas
833 634 975 684 primus
1006 635 1190 672 adventus

74 697 304 735 Hannibalis
324 698 515 734 intulisset
534 697 657 734 Italiae
681 696 828 742 clade53
863 697 987 740 simul,
1009 710 1124 747 quum
1144 698 1190 735 il-

72 761 108 797 la
128 768 282 809 angeret
302 775 404 804 cura,
426 774 512 810 quos
532 766 606 797 tam
623 763 798 809 propitios
815 761 894 797 urbi
914 766 1021 808 atque
1040 763 1191 810 imperio

59 825 150 873 fore
169 826 281 868 Deos,
302 830 342 861 ut
361 827 479 861 eodem
499 831 654 872 tempere
670 825 852 872 utrobique
870 824 1069 872 respublica
1083 838 1189 873 pros·
1206 840 1211 846 ¹

66 900 154 936 pere
169 893 353 935 gereretur
366 891 388 924 ,9
419 889 537 924 acllzuc
555 890 706 924 adversa
724 889 886 924 secundis
906 889 1088 936 pensando
1113 901 1189 926 rem

70 955 119 989 ad
138 955 175 989 id
202 959 339 1001 tempus
363 959 561 989 extractam
581 965 675 989 esse:
705 966 812 1001 quum
833 955 869 989 in
890 954 1003 989 Italia
1025 955 1073 990 acl
1097 954 1187 990 Tra-

68 1019 238 1054 simenum
260 1023 295 1054 et
314 1018 456 1054 Cannas
474 1020 731 1066 praecipitasset
748 1018 914 1053 Romana
930 1030 994 1060 res,
1012 1030 1187 1066 prospera

69 1082 160 1118 bella
196 1085 232 1118 in
267 1083 450 1130 Hispania
485 1084 690 1130 prolapsam
730 1094 808 1118 eam
845 1084 993 1118 erexisse
1006 1099 1018 1118 .·
1042 1087 1183 1130 postea,

66 1158 174 1194 quam
195 1147 229 1182 in
245 1146 424 1194 Hispania
439 1147 515 1182 alia
534 1158 639 1194 super
655 1147 765 1182 aliam
785 1147 914 1188 clades,
933 1146 1066 1182 duobus
1082 1158 1183 1194 egre-

63 1211 133 1256 giis
162 1210 306 1245 ducibus
335 1211 485 1252 amissis,
515 1210 603 1245 duos
632 1211 806 1245 exercitus
835 1222 876 1244 ex
900 1214 1008 1257 parte
1037 1210 1184 1246 delesset

63 1274 194 1316 multa,
223 1275 377 1309 secunda
409 1275 444 1308 in
480 1273 593 1309 Italia
623 1274 819 1321 Siciliaque
845 1277 947 1320 gesta
975 1278 1183 1321 quassatam

64 1337 319 1385 rempublicam
334 1339 530 1385 excepisse:
559 1342 595 1373 et
611 1338 726 1385 ipsum
742 1337 970 1372 intervallum
990 1337 1070 1379 loci,
1089 1338 1183 1385 quod

61 1404 100 1437 in
119 1402 255 1437 ultimis
275 1406 448 1438 terrarum
470 1403 538 1437 oris
558 1402 712 1438 alterum
730 1401 859 1436 bellum
877 1405 1073 1448 gereretur,
1094 1413 1178 1449 spa·

62 1466 149 1500 tium
170 1466 305 1500 dedisse
325 1466 372 1501 ad
392 1466 650 1512 respirandum.
711 1465 818 1499 Nunc
838 1465 908 1499 (luo
928 1464 1020 1499 bella
1041 1466 1078 1499 z'n
1098 1465 1178 1500 Ita-

62 1529 148 1565 liam
176 1534 336 1577 accepta,
368 1530 438 1564 (luo
467 1529 684 1564 celeberrimi
712 1530 864 1563 nominis
887 1528 992 1563 duces
1022 1529 1176 1564 circum-

56 1598 153 1629 stare
171 1593 291 1629 urbem
312 1593 529 1634 Romanum,
550 1597 583 1627 et
604 1604 713 1627 unum
739 1593 774 1627 in
796 1592 912 1627 locum
941 1596 1054 1626 totam
1075 1593 1176 1639 peri-

58 1659 132 1694 culi
168 1658 310 1700 molem,
341 1669 442 1693 omne
471 1669 556 1692 onus
586 1656 803 1692 incubuisse:
835 1657 895 1703 qui
923 1667 1045 1691 eorum
1074 1657 1177 1703 prior

60 1724 210 1763 vicisset,
232 1723 329 1757 intra
344 1733 478 1769 paucos
498 1722 572 1756 dies
591 1725 709 1755 castra
724 1733 804 1756 cum
823 1721 937 1755 altero
947 1718 1174 1765 juncturam.

57 1785 245 1822 Terrebat
272 1793 309 1822 et
328 1787 522 1836 proximus
551 1798 671 1822 annus
699 1786 868 1834 lugubris
897 1786 1057 1822 duorum
1081 1798 1174 1821 con-

57 1850 179 1886 sulum
198 1851 405 1888 funeribus,
464 1851 536 1887 His
564 1852 667 1886 anxii
691 1851 789 1887 curis
815 1850 990 1886 homines
1011 1850 1173 1898 digredi-

56 1921 162 1949 entes
190 1914 227 1950 in
257 1915 469 1964 provincias
497 1914 670 1951 consules
703 1915 895 1964 prosecuti
928 1920 1028 1949 sunt.
1084 1912 1172 1949 isse-

54 1978 184 2014 moriae
209 1978 400 2027 proditum
429 1985 498 2021 est,
521 1978 672 2028 plenum
703 1978 824 2014 adhuc
844 1978 907 2013 irae
935 1978 974 2012 in
994 1977 1092 2012 cives
1112 1976 1170 2014 M.

1204 552 1369 584 Romano-

1203 605 1288 626 rum.

53 2040 218 2085 Livium,
233 2042 279 2078 ad
294 2042 434 2078 bellum
451 2043 766 2092 proficiscentem,
781 2042 952 2078 monenti
969 2041 1016 2080 Q.
1031 2039 1166 2083 Fabio,
1182 2046 1259 2077 Livii
1276 2057 1341 2079 vox

51 2118 109 2148 ne,
129 2108 336 2155 priusquam
352 2119 463 2154 genus
482 2108 632 2143 hostium
653 2111 844 2154 cognosset,
867 2111 995 2141 temere
1021 2117 1167 2140 manum

51 2175 260 2213 consereret,
291 2170 552 2219 respondisse:
586 2171 645 2206 ubi
671 2172 827 2218 primum
855 2170 1009 2205 hostium
1039 2180 1168 2215 agmen

53 2236 294 2281 conspexisset,
326 2239 584 2282 pugnaturum.
643 2234 772 2278 Quum
807 2238 1051 2281 quaercretur,
1083 2244 1165 2280 quae

49 2308 183 2333 caussa
201 2297 406 2335 festinandi
436 2298 560 2336 esset?
587 2298 665 2334 Aut
693 2310 737 2335 ex
757 2297 857 2346 hoste
884 2297 1065 2345 egregiam
1084 2295 1165 2344 glo-
1193 2314 1195 2316 ·

1179 2090 1273 2128 plena
1290 2091 1345 2122 irae

1179 2143 1211 2163 ιη
1228 2142 1324 2165 cives.
