<?xml version="1.0" encoding="UTF-8"?>
<!DOCTYPE html PUBLIC "-//W3C//DTD XHTML 1.0 Transitional//EN"
    "http://www.w3.org/TR/xhtml1/DTD/xhtml1-transitional.dtd">
<html xmlns="http://www.w3.org/1999/xhtml" xml:lang="en" lang="en">
 <head>
  <title>
</title>
<meta http-equiv="Content-Type" content="text/html;charset=utf-8" />
  <meta name='ocr-system' content='tesseract 3.04.00' />
  <meta name='ocr-capabilities' content='ocr_page ocr_carea ocr_par ocr_line ocrx_word'/>
</head>
<body>
  <div class='ocr_page' id='page_1' title='image "./historiarumquaes03livyuoft/historiarumquaes03livyuoft_0093.png"; bbox 0 0 1507 2656; ppageno 0'>
   <div class='ocr_carea' id='block_1_1' title="bbox 358 191 1210 247">
    <p class='ocr_par' dir='ltr' id='par_1_1' title="bbox 358 191 1210 247">
     <span class='ocr_line' id='line_1_1' title="bbox 358 191 1210 247; baseline 0.001 -16"><span class='ocrx_word' id='word_1_1' title='bbox 358 200 516 231; x_wconf 69' lang='lat' dir='ltr'>mnan</span> <span class='ocrx_word' id='word_1_2' title='bbox 542 199 733 230; x_wconf 84' lang='lat' dir='ltr'>xxvn1.</span> <span class='ocrx_word' id='word_1_3' title='bbox 765 199 872 231; x_wconf 62' lang='lat' dir='ltr'>cn.</span> <span class='ocrx_word' id='word_1_4' title='bbox 895 201 953 231; x_wconf 91' lang='lat'>11.</span> <span class='ocrx_word' id='word_1_5' title='bbox 1157 191 1210 247; x_wconf 83' lang='lat'>83</span> 
     </span>
    </p>
   </div>
   <div class='ocr_carea' id='block_1_2' title="bbox 93 290 1404 1044">
    <p class='ocr_par' dir='ltr' id='par_1_2' title="bbox 95 290 1404 725">
     <span class='ocr_line' id='line_1_2' title="bbox 97 290 1402 343; baseline 0 -13"><span class='ocrx_word' id='word_1_6' title='bbox 97 292 270 330; x_wconf 88' lang='lat' dir='ltr'>custodia</span> <span class='ocrx_word' id='word_1_7' title='bbox 288 298 372 329; x_wconf 82' lang='lat' dir='ltr'>tuta</span> <span class='ocrx_word' id='word_1_8' title='bbox 400 298 438 329; x_wconf 89' lang='lat' dir='ltr'>et</span> <span class='ocrx_word' id='word_1_9' title='bbox 464 292 572 328; x_wconf 90' lang='lat' dir='ltr'>firma</span> <span class='ocrx_word' id='word_1_10' title='bbox 592 303 698 328; x_wconf 88' lang='lat' dir='ltr'>esse:</span> <span class='ocrx_word' id='word_1_11' title='bbox 732 290 797 327; x_wconf 87' lang='lat' dir='ltr'>illa</span> <span class='ocrx_word' id='word_1_12' title='bbox 826 291 945 328; x_wconf 86' lang='lat' dir='ltr'>altera</span> <span class='ocrx_word' id='word_1_13' title='bbox 973 291 1098 329; x_wconf 89' lang='lat' dir='ltr'>soluta</span> <span class='ocrx_word' id='word_1_14' title='bbox 1116 306 1209 343; x_wconf 87' lang='lat' dir='ltr'>neg-</span> <span class='ocrx_word' id='word_1_15' title='bbox 1222 300 1265 332; x_wconf 84' lang='lat' dir='ltr'>U.</span> <span class='ocrx_word' id='word_1_16' title='bbox 1276 300 1312 331; x_wconf 93' lang='lat' dir='ltr'>C.</span> <span class='ocrx_word' id='word_1_17' title='bbox 1328 307 1402 332; x_wconf 73' lang='lat'><strong>545.</strong></span> 
     </span>
     <span class='ocr_line' id='line_1_3' title="bbox 95 344 1404 405; baseline 0 -12"><span class='ocrx_word' id='word_1_18' title='bbox 95 355 281 405; x_wconf 89' lang='lat' dir='ltr'>lectaque,</span> <span class='ocrx_word' id='word_1_19' title='bbox 310 362 351 392; x_wconf 87' lang='lat' dir='ltr'>ut</span> <span class='ocrx_word' id='word_1_20' title='bbox 377 355 625 392; x_wconf 86' lang='lat' dir='ltr'>barbarorum</span> <span class='ocrx_word' id='word_1_21' title='bbox 655 360 693 390; x_wconf 90' lang='lat' dir='ltr'>et</span> <span class='ocrx_word' id='word_1_22' title='bbox 722 355 906 398; x_wconf 87' lang='lat' dir='ltr'>tironum,</span> <span class='ocrx_word' id='word_1_23' title='bbox 938 362 976 391; x_wconf 89' lang='lat' dir='ltr'>et</span> <span class='ocrx_word' id='word_1_24' title='bbox 1008 357 1130 393; x_wconf 86' lang='lat' dir='ltr'>minus</span> <span class='ocrx_word' id='word_1_25' title='bbox 1161 358 1210 392; x_wconf 83' lang='lat' dir='ltr'>ti·</span> <span class='ocrx_word' id='word_1_26' title='bbox 1224 344 1404 380; x_wconf 72' lang='lat' dir='ltr'>A·C·²07·</span> 
     </span>
     <span class='ocr_line' id='line_1_4' title="bbox 97 419 1210 470; baseline 0.001 -14"><span class='ocrx_word' id='word_1_27' title='bbox 97 422 295 464; x_wconf 83' lang='lat' dir='ltr'><strong>mentium,</strong></span> <span class='ocrx_word' id='word_1_28' title='bbox 323 421 424 468; x_wconf 87' lang='lat' dir='ltr'>quod</span> <span class='ocrx_word' id='word_1_29' title='bbox 449 420 490 455; x_wconf 91' lang='lat' dir='ltr'>in</span> <span class='ocrx_word' id='word_1_30' title='bbox 516 432 583 455; x_wconf 88' lang='lat' dir='ltr'>sua</span> <span class='ocrx_word' id='word_1_31' title='bbox 607 426 709 455; x_wconf 84' lang='lat' dir='ltr'>terra</span> <span class='ocrx_word' id='word_1_32' title='bbox 733 425 871 456; x_wconf 85' lang='lat' dir='ltr'>essent.</span> <span class='ocrx_word' id='word_1_33' title='bbox 926 419 986 456; x_wconf 87' lang='lat' dir='ltr'>Ea</span> <span class='ocrx_word' id='word_1_34' title='bbox 1015 421 1117 470; x_wconf 90' lang='lat' dir='ltr'>prius</span> <span class='ocrx_word' id='word_1_35' title='bbox 1144 421 1210 457; x_wconf 88' lang='lat' dir='ltr'>ad-</span> 
     </span>
     <span class='ocr_line' id='line_1_5' title="bbox 96 483 1212 533; baseline 0 -13"><span class='ocrx_word' id='word_1_36' title='bbox 96 484 297 533; x_wconf 86' lang='lat' dir='ltr'>gredienda</span> <span class='ocrx_word' id='word_1_37' title='bbox 316 490 419 520; x_wconf 86' lang='lat' dir='ltr'>ratus</span> <span class='ocrx_word' id='word_1_38' title='bbox 441 483 605 527; x_wconf 81' lang='lat' dir='ltr'>Silanus,</span> <span class='ocrx_word' id='word_1_39' title='bbox 627 484 736 532; x_wconf 84' lang='lat' dir='ltr'>signa</span> <span class='ocrx_word' id='word_1_40' title='bbox 755 496 867 532; x_wconf 88' lang='lat' dir='ltr'>quam</span> <span class='ocrx_word' id='word_1_41' title='bbox 887 484 1052 520; x_wconf 82' lang='lat' dir='ltr'>maxime</span> <span class='ocrx_word' id='word_1_42' title='bbox 1078 484 1125 520; x_wconf 85' lang='lat' dir='ltr'>ad</span> <span class='ocrx_word' id='word_1_43' title='bbox 1144 484 1212 521; x_wconf 81' lang='lat' dir='ltr'>lae-</span> 
     </span>
     <span class='ocr_line' id='line_1_6' title="bbox 95 545 1210 597; baseline 0.001 -14"><span class='ocrx_word' id='word_1_44' title='bbox 95 559 181 583; x_wconf 88' lang='lat' dir='ltr'>vam</span> <span class='ocrx_word' id='word_1_45' title='bbox 199 547 363 597; x_wconf 88' lang='lat' dir='ltr'>jubebat</span> <span class='ocrx_word' id='word_1_46' title='bbox 388 546 492 590; x_wconf 87' lang='lat' dir='ltr'>ferri,</span> <span class='ocrx_word' id='word_1_47' title='bbox 520 547 691 583; x_wconf 86' lang='lat' dir='ltr'><strong>necunde</strong></span> <span class='ocrx_word' id='word_1_48' title='bbox 718 545 766 583; x_wconf 92' lang='lat' dir='ltr'>ab</span> <span class='ocrx_word' id='word_1_49' title='bbox 793 547 1023 583; x_wconf 89' lang='lat' dir='ltr'>stationibus</span> <span class='ocrx_word' id='word_1_50' title='bbox 1053 547 1210 584; x_wconf 86' lang='lat' dir='ltr'>Punicis</span> 
     </span>
     <span class='ocr_line' id='line_1_7' title="bbox 97 610 1209 662; baseline 0.002 -15"><span class='ocrx_word' id='word_1_51' title='bbox 97 611 400 661; x_wconf 80' lang='lat' dir='ltr'>conspiceretur:</span> <span class='ocrx_word' id='word_1_52' title='bbox 423 612 517 661; x_wconf 90' lang='lat' dir='ltr'>ipse,</span> <span class='ocrx_word' id='word_1_53' title='bbox 534 611 737 661; x_wconf 77' lang='lat' dir='ltr'>praemissis</span> <span class='ocrx_word' id='word_1_54' title='bbox 758 610 1072 662; x_wconf 83' lang='lat' dir='ltr'>speculatoribus,</span> <span class='ocrx_word' id='word_1_55' title='bbox 1090 613 1209 649; x_wconf 87' lang='lat' dir='ltr'>citato</span> 
     </span>
     <span class='ocr_line' id='line_1_8' title="bbox 96 671 658 725; baseline -0.004 -13"><span class='ocrx_word' id='word_1_56' title='bbox 96 676 246 724; x_wconf 83' lang='lat' dir='ltr'>agmine</span> <span class='ocrx_word' id='word_1_57' title='bbox 263 676 308 712; x_wconf 87' lang='lat' dir='ltr'>ad</span> <span class='ocrx_word' id='word_1_58' title='bbox 327 676 476 711; x_wconf 88' lang='lat' dir='ltr'>hostem</span> <span class='ocrx_word' id='word_1_59' title='bbox 495 676 632 725; x_wconf 87' lang='lat' dir='ltr'>pergit.</span> <span class='ocrx_word' id='word_1_60' title='bbox 654 671 658 676; x_wconf 81' lang='grc'><strong>’</strong></span> 
     </span>
    </p>

    <p class='ocr_par' dir='ltr' id='par_1_3' title="bbox 93 738 1209 1044">
     <span class='ocr_line' id='line_1_9' title="bbox 150 738 1209 788; baseline 0.001 -12"><span class='ocrx_word' id='word_1_61' title='bbox 150 739 204 776; x_wconf 90' lang='grc' dir='ltr'>ΙΙ.</span> <span class='ocrx_word' id='word_1_62' title='bbox 243 739 335 776; x_wconf 91' lang='lat' dir='ltr'>Tria</span> <span class='ocrx_word' id='word_1_63' title='bbox 370 738 489 775; x_wconf 91' lang='lat' dir='ltr'>millia</span> <span class='ocrx_word' id='word_1_64' title='bbox 524 738 642 775; x_wconf 90' lang='lat' dir='ltr'>ferme</span> <span class='ocrx_word' id='word_1_65' title='bbox 682 738 827 782; x_wconf 85' lang='lat' dir='ltr'>aberat,</span> <span class='ocrx_word' id='word_1_66' title='bbox 866 751 982 788; x_wconf 89' lang='lat' dir='ltr'>quum</span> <span class='ocrx_word' id='word_1_67' title='bbox 1017 739 1209 777; x_wconf 83' lang='lat' dir='ltr'>hauddum</span> 
     </span>
     <span class='ocr_line' id='line_1_10' title="bbox 96 803 1208 853; baseline 0.001 -14"><span class='ocrx_word' id='word_1_68' title='bbox 96 804 294 853; x_wconf 85' lang='lat' dir='ltr'>quisquam</span> <span class='ocrx_word' id='word_1_69' title='bbox 313 804 481 839; x_wconf 91' lang='lat' dir='ltr'>hostium</span> <span class='ocrx_word' id='word_1_70' title='bbox 504 809 695 840; x_wconf 85' lang='lat' dir='ltr'>senserat:</span> <span class='ocrx_word' id='word_1_71' title='bbox 728 803 957 852; x_wconf 84' lang='lat' dir='ltr'>confragosa</span> <span class='ocrx_word' id='word_1_72' title='bbox 975 804 1061 839; x_wconf 86' lang='lat' dir='ltr'>loca</span> <span class='ocrx_word' id='word_1_73' title='bbox 1080 810 1118 839; x_wconf 88' lang='lat' dir='ltr'>et</span> <span class='ocrx_word' id='word_1_74' title='bbox 1137 804 1208 840; x_wconf 91' lang='lat' dir='ltr'>ob-</span> 
     </span>
     <span class='ocr_line' id='line_1_11' title="bbox 97 866 1207 916; baseline 0.001 -14"><span class='ocrx_word' id='word_1_75' title='bbox 97 867 169 903; x_wconf 86' lang='lat' dir='ltr'>sita</span> <span class='ocrx_word' id='word_1_76' title='bbox 190 866 361 916; x_wconf 85' lang='lat' dir='ltr'>virgultis</span> <span class='ocrx_word' id='word_1_77' title='bbox 380 867 564 903; x_wconf 83' lang='lat' dir='ltr'>tenebant</span> <span class='ocrx_word' id='word_1_78' title='bbox 583 866 710 903; x_wconf 85' lang='lat' dir='ltr'>colles.</span> <span class='ocrx_word' id='word_1_79' title='bbox 768 866 829 902; x_wconf 90' lang='lat' dir='ltr'>Ibi</span> <span class='ocrx_word' id='word_1_80' title='bbox 849 867 888 902; x_wconf 95' lang='lat' dir='ltr'>in</span> <span class='ocrx_word' id='word_1_81' title='bbox 908 880 999 902; x_wconf 86' lang='lat' dir='ltr'>cava</span> <span class='ocrx_word' id='word_1_82' title='bbox 1018 867 1126 910; x_wconf 84' lang='lat' dir='ltr'>valle,</span> <span class='ocrx_word' id='word_1_83' title='bbox 1148 873 1207 903; x_wconf 89' lang='lat' dir='ltr'>at-</span> 
     </span>
     <span class='ocr_line' id='line_1_12' title="bbox 94 930 1206 980; baseline 0 -14"><span class='ocrx_word' id='word_1_84' title='bbox 94 943 168 980; x_wconf 88' lang='lat' dir='ltr'>que</span> <span class='ocrx_word' id='word_1_85' title='bbox 193 931 242 966; x_wconf 94' lang='lat' dir='ltr'>ob</span> <span class='ocrx_word' id='word_1_86' title='bbox 268 931 305 966; x_wconf 89' lang='lat' dir='ltr'>id</span> <span class='ocrx_word' id='word_1_87' title='bbox 334 931 497 973; x_wconf 83' lang='lat' dir='ltr'>occulta,</span> <span class='ocrx_word' id='word_1_88' title='bbox 524 931 719 966; x_wconf 87' lang='lat' dir='ltr'>considere</span> <span class='ocrx_word' id='word_1_89' title='bbox 746 930 918 973; x_wconf 88' lang='lat' dir='ltr'>militem,</span> <span class='ocrx_word' id='word_1_90' title='bbox 940 936 978 966; x_wconf 83' lang='lat' dir='ltr'>et</span> <span class='ocrx_word' id='word_1_91' title='bbox 997 931 1122 966; x_wconf 89' lang='lat' dir='ltr'>cibum</span> <span class='ocrx_word' id='word_1_92' title='bbox 1142 944 1206 967; x_wconf 89' lang='lat' dir='ltr'>ca-</span> 
     </span>
     <span class='ocr_line' id='line_1_13' title="bbox 93 992 1208 1044; baseline 0 -15"><span class='ocrx_word' id='word_1_93' title='bbox 93 992 327 1044; x_wconf 76' lang='lat' dir='ltr'>perejubetz</span> <span class='ocrx_word' id='word_1_94' title='bbox 351 994 502 1029; x_wconf 84' lang='lat' dir='ltr'>interim</span> <span class='ocrx_word' id='word_1_95' title='bbox 521 993 788 1043; x_wconf 85' lang='lat' dir='ltr'>speculatores,</span> <span class='ocrx_word' id='word_1_96' title='bbox 803 993 1085 1041; x_wconf 81' lang='lat' dir='ltr'>transfugarum</span> <span class='ocrx_word' id='word_1_97' title='bbox 1105 994 1208 1030; x_wconf 82' lang='lat' dir='ltr'>(licta.</span> 
     </span>
    </p>
   </div>
   <div class='ocr_carea' id='block_1_3' title="bbox 0 0 20 1137">
    <p class='ocr_par' dir='ltr' id='par_1_4' title="bbox 0 0 20 1137">
     <span class='ocr_line' id='line_1_14' title="bbox 0 0 20 1137; baseline 0 0"><span class='ocrx_word' id='word_1_98' title='bbox 0 0 20 1137; x_wconf 95' lang='lat' dir='ltr'> </span> 
     </span>
    </p>
   </div>
   <div class='ocr_carea' id='block_1_4' title="bbox 0 1056 1207 2317">
    <p class='ocr_par' dir='ltr' id='par_1_5' title="bbox 0 1056 1207 2317">
     <span class='ocr_line' id='line_1_15' title="bbox 95 1056 1207 1100; baseline 0 -6"><span class='ocrx_word' id='word_1_99' title='bbox 95 1057 346 1100; x_wconf 83' lang='lat' dir='ltr'>adfirmantes,</span> <span class='ocrx_word' id='word_1_100' title='bbox 381 1064 577 1094; x_wconf 84' lang='lat' dir='ltr'>venerunt.</span> <span class='ocrx_word' id='word_1_101' title='bbox 633 1056 746 1099; x_wconf 88' lang='lat' dir='ltr'>Tum,</span> <span class='ocrx_word' id='word_1_102' title='bbox 782 1058 937 1093; x_wconf 81' lang='lat' dir='ltr'>sarcinis</span> <span class='ocrx_word' id='word_1_103' title='bbox 972 1059 1010 1092; x_wconf 90' lang='lat' dir='ltr'>in</span> <span class='ocrx_word' id='word_1_104' title='bbox 1041 1058 1207 1094; x_wconf 85' lang='lat' dir='ltr'>medium</span> 
     </span>
     <span class='ocr_line' id='line_1_16' title="bbox 93 1120 1205 1172; baseline 0 -14"><span class='ocrx_word' id='word_1_105' title='bbox 93 1121 290 1172; x_wconf 87' lang='lat' dir='ltr'>conjectis,</span> <span class='ocrx_word' id='word_1_106' title='bbox 322 1135 426 1158; x_wconf 85' lang='lat' dir='ltr'>arma</span> <span class='ocrx_word' id='word_1_107' title='bbox 457 1121 625 1157; x_wconf 81' lang='lat' dir='ltr'>Romani</span> <span class='ocrx_word' id='word_1_108' title='bbox 652 1122 821 1171; x_wconf 84' lang='lat' dir='ltr'>capiunt,</span> <span class='ocrx_word' id='word_1_109' title='bbox 853 1122 1007 1170; x_wconf 81' lang='lat' dir='ltr'>acieque</span> <span class='ocrx_word' id='word_1_110' title='bbox 1031 1120 1138 1170; x_wconf 84' lang='lat' dir='ltr'>justa</span> <span class='ocrx_word' id='word_1_111' title='bbox 1165 1122 1205 1158; x_wconf 85' lang='lat' dir='ltr'>in</span> 
     </span>
     <span class='ocr_line' id='line_1_17' title="bbox 0 1184 1203 1235; baseline 0 -14"><span class='ocrx_word' id='word_1_112' title='bbox 0 1187 4 1230; x_wconf 68' lang='lat' dir='ltr'>&#39;ji</span> <span class='ocrx_word' id='word_1_113' title='bbox 91 1198 257 1235; x_wconf 81' lang='lat' dir='ltr'>pugnam</span> <span class='ocrx_word' id='word_1_114' title='bbox 276 1186 428 1221; x_wconf 85' lang='lat' dir='ltr'>vadunt.</span> <span class='ocrx_word' id='word_1_115' title='bbox 484 1184 594 1221; x_wconf 83' lang='lat' dir='ltr'>Mille</span> <span class='ocrx_word' id='word_1_116' title='bbox 623 1197 801 1234; x_wconf 86' lang='lat' dir='ltr'>passuum</span> <span class='ocrx_word' id='word_1_117' title='bbox 825 1185 997 1227; x_wconf 85' lang='lat' dir='ltr'>aberant,</span> <span class='ocrx_word' id='word_1_118' title='bbox 1019 1197 1133 1233; x_wconf 87' lang='lat' dir='ltr'>quum</span> <span class='ocrx_word' id='word_1_119' title='bbox 1155 1184 1203 1221; x_wconf 86' lang='lat' dir='ltr'>ab</span> 
     </span>
     <span class='ocr_line' id='line_1_18' title="bbox 92 1249 1200 1298; baseline -0.001 -13"><span class='ocrx_word' id='word_1_120' title='bbox 92 1249 202 1285; x_wconf 84' lang='lat' dir='ltr'>hoste</span> <span class='ocrx_word' id='word_1_121' title='bbox 223 1249 415 1298; x_wconf 88' lang='lat' dir='ltr'>conspecti</span> <span class='ocrx_word' id='word_1_122' title='bbox 431 1255 533 1291; x_wconf 86' lang='lat' dir='ltr'>suut,</span> <span class='ocrx_word' id='word_1_123' title='bbox 549 1249 803 1298; x_wconf 88' lang='lat' dir='ltr'>trepidarique</span> <span class='ocrx_word' id='word_1_124' title='bbox 833 1255 987 1298; x_wconf 85' lang='lat' dir='ltr'>repente</span> <span class='ocrx_word' id='word_1_125' title='bbox 1007 1255 1200 1298; x_wconf 82' lang='lat' dir='ltr'>coeptum:</span> 
     </span>
     <span class='ocr_line' id='line_1_19' title="bbox 94 1312 1203 1362; baseline -0.001 -13"><span class='ocrx_word' id='word_1_126' title='bbox 94 1318 132 1349; x_wconf 91' lang='lat' dir='ltr'>et</span> <span class='ocrx_word' id='word_1_127' title='bbox 159 1313 279 1361; x_wconf 86' lang='lat' dir='ltr'>Mago</span> <span class='ocrx_word' id='word_1_128' title='bbox 309 1325 356 1349; x_wconf 84' lang='lat' dir='ltr'>ex</span> <span class='ocrx_word' id='word_1_129' title='bbox 385 1313 514 1349; x_wconf 90' lang='lat' dir='ltr'>castris</span> <span class='ocrx_word' id='word_1_130' title='bbox 543 1313 660 1348; x_wconf 87' lang='lat' dir='ltr'>citato</span> <span class='ocrx_word' id='word_1_131' title='bbox 682 1325 779 1361; x_wconf 90' lang='lat' dir='ltr'>equo</span> <span class='ocrx_word' id='word_1_132' title='bbox 800 1313 846 1348; x_wconf 90' lang='lat' dir='ltr'>ad</span> <span class='ocrx_word' id='word_1_133' title='bbox 877 1314 1039 1362; x_wconf 84' lang='lat' dir='ltr'>primum</span> <span class='ocrx_word' id='word_1_134' title='bbox 1060 1312 1203 1348; x_wconf 89' lang='lat' dir='ltr'>clamo-</span> 
     </span>
     <span class='ocr_line' id='line_1_20' title="bbox 93 1375 1205 1412; baseline -0.001 0"><span class='ocrx_word' id='word_1_135' title='bbox 93 1389 172 1412; x_wconf 90' lang='lat' dir='ltr'>rem</span> <span class='ocrx_word' id='word_1_136' title='bbox 192 1383 230 1412; x_wconf 90' lang='lat' dir='ltr'>et</span> <span class='ocrx_word' id='word_1_137' title='bbox 251 1375 455 1411; x_wconf 83' lang='lat' dir='ltr'>tumultum</span> <span class='ocrx_word' id='word_1_138' title='bbox 484 1375 694 1412; x_wconf 84' lang='lat' dir='ltr'>advehitur.</span> <span class='ocrx_word' id='word_1_139' title='bbox 749 1376 872 1411; x_wconf 86' lang='lat' dir='ltr'>Erant</span> <span class='ocrx_word' id='word_1_140' title='bbox 901 1382 1028 1411; x_wconf 87' lang='lat' dir='ltr'>autem</span> <span class='ocrx_word' id='word_1_141' title='bbox 1055 1377 1096 1411; x_wconf 86' lang='lat' dir='ltr'>in</span> <span class='ocrx_word' id='word_1_142' title='bbox 1116 1375 1205 1411; x_wconf 89' lang='lat' dir='ltr'>Cel-</span> 
     </span>
     <span class='ocr_line' id='line_1_21' title="bbox 92 1439 1204 1488; baseline 0 -12"><span class='ocrx_word' id='word_1_143' title='bbox 92 1440 216 1476; x_wconf 88' lang='lat' dir='ltr'>tibero</span> <span class='ocrx_word' id='word_1_144' title='bbox 250 1440 417 1476; x_wconf 85' lang='lat' dir='ltr'>exercitu</span> <span class='ocrx_word' id='word_1_145' title='bbox 449 1446 612 1488; x_wconf 89' lang='lat' dir='ltr'>quatuor</span> <span class='ocrx_word' id='word_1_146' title='bbox 643 1439 763 1475; x_wconf 87' lang='lat' dir='ltr'>millia</span> <span class='ocrx_word' id='word_1_147' title='bbox 795 1446 1031 1475; x_wconf 85' lang='lat' dir='ltr'>scutatorum</span> <span class='ocrx_word' id='word_1_148' title='bbox 1064 1445 1102 1475; x_wconf 89' lang='lat' dir='ltr'>et</span> <span class='ocrx_word' id='word_1_149' title='bbox 1134 1440 1204 1476; x_wconf 90' lang='lat' dir='ltr'>du-</span> 
     </span>
     <span class='ocr_line' id='line_1_22' title="bbox 89 1503 1203 1553; baseline 0 -13"><span class='ocrx_word' id='word_1_150' title='bbox 89 1504 191 1540; x_wconf 88' lang='lat' dir='ltr'>centi</span> <span class='ocrx_word' id='word_1_151' title='bbox 220 1504 363 1553; x_wconf 84' lang='lat' dir='ltr'>equites</span> <span class='ocrx_word' id='word_1_152' title='bbox 378 1519 388 1548; x_wconf 84' lang='lat'><em>3</em></span> <span class='ocrx_word' id='word_1_153' title='bbox 420 1503 518 1539; x_wconf 89' lang='lat' dir='ltr'>hanc</span> <span class='ocrx_word' id='word_1_154' title='bbox 541 1503 688 1553; x_wconf 85' lang='lat' dir='ltr'>justam</span> <span class='ocrx_word' id='word_1_155' title='bbox 716 1503 905 1552; x_wconf 87' lang='lat' dir='ltr'>legionem</span> <span class='ocrx_word' id='word_1_156' title='bbox 937 1506 993 1550; x_wconf 88' lang='lat' dir='ltr'>(et</span> <span class='ocrx_word' id='word_1_157' title='bbox 1021 1503 1058 1539; x_wconf 90' lang='lat' dir='ltr'>id</span> <span class='ocrx_word' id='word_1_158' title='bbox 1084 1503 1203 1540; x_wconf 88' lang='lat' dir='ltr'>ferme</span> 
     </span>
     <span class='ocr_line' id='line_1_23' title="bbox 91 1567 1201 1617; baseline 0 -13"><span class='ocrx_word' id='word_1_159' title='bbox 91 1567 238 1604; x_wconf 87' lang='lat' dir='ltr'>roboris</span> <span class='ocrx_word' id='word_1_160' title='bbox 269 1569 365 1615; x_wconf 84' lang='lat' dir='ltr'>erat)</span> <span class='ocrx_word' id='word_1_161' title='bbox 395 1569 432 1603; x_wconf 92' lang='lat' dir='ltr'>in</span> <span class='ocrx_word' id='word_1_162' title='bbox 463 1568 584 1617; x_wconf 89' lang='lat' dir='ltr'>prima</span> <span class='ocrx_word' id='word_1_163' title='bbox 613 1568 694 1604; x_wconf 88' lang='lat' dir='ltr'>acie</span> <span class='ocrx_word' id='word_1_164' title='bbox 722 1567 847 1604; x_wconf 85' lang='lat' dir='ltr'>locat:</span> <span class='ocrx_word' id='word_1_165' title='bbox 888 1574 1046 1610; x_wconf 84' lang='lat' dir='ltr'>ceteros,</span> <span class='ocrx_word' id='word_1_166' title='bbox 1081 1567 1201 1604; x_wconf 90' lang='lat' dir='ltr'>levem</span> 
     </span>
     <span class='ocr_line' id='line_1_24' title="bbox 92 1631 1201 1681; baseline 0 -13"><span class='ocrx_word' id='word_1_167' title='bbox 92 1638 333 1675; x_wconf 84' lang='lat' dir='ltr'>armaturam,</span> <span class='ocrx_word' id='word_1_168' title='bbox 355 1632 391 1667; x_wconf 90' lang='lat' dir='ltr'>in</span> <span class='ocrx_word' id='word_1_169' title='bbox 410 1631 584 1667; x_wconf 87' lang='lat' dir='ltr'>subsidiis</span> <span class='ocrx_word' id='word_1_170' title='bbox 605 1632 745 1681; x_wconf 87' lang='lat' dir='ltr'>posuit.</span> <span class='ocrx_word' id='word_1_171' title='bbox 801 1632 930 1671; x_wconf 84' lang='lat' dir='ltr'>Quum</span> <span class='ocrx_word' id='word_1_172' title='bbox 955 1632 1009 1666; x_wconf 90' lang='lat' dir='ltr'>ita</span> <span class='ocrx_word' id='word_1_173' title='bbox 1038 1632 1201 1668; x_wconf 88' lang='lat' dir='ltr'>instruc-</span> 
     </span>
     <span class='ocr_line' id='line_1_25' title="bbox 93 1694 1200 1742; baseline -0.002 -11"><span class='ocrx_word' id='word_1_174' title='bbox 93 1702 152 1731; x_wconf 91' lang='lat' dir='ltr'>tos</span> <span class='ocrx_word' id='word_1_175' title='bbox 173 1695 348 1731; x_wconf 88' lang='lat' dir='ltr'>educeret</span> <span class='ocrx_word' id='word_1_176' title='bbox 376 1695 521 1738; x_wconf 86' lang='lat' dir='ltr'>castris,</span> <span class='ocrx_word' id='word_1_177' title='bbox 541 1695 694 1731; x_wconf 84' lang='lat' dir='ltr'>vixdum</span> <span class='ocrx_word' id='word_1_178' title='bbox 724 1695 764 1730; x_wconf 90' lang='lat' dir='ltr'>in</span> <span class='ocrx_word' id='word_1_179' title='bbox 793 1707 962 1742; x_wconf 81' lang='lat' dir='ltr'>egressos</span> <span class='ocrx_word' id='word_1_180' title='bbox 991 1694 1090 1730; x_wconf 85' lang='lat' dir='ltr'>vallo</span> <span class='ocrx_word' id='word_1_181' title='bbox 1116 1694 1200 1730; x_wconf 85' lang='lat' dir='ltr'>Ro-</span> 
     </span>
     <span class='ocr_line' id='line_1_26' title="bbox 90 1756 1199 1808; baseline -0.001 -13"><span class='ocrx_word' id='word_1_182' title='bbox 90 1758 193 1795; x_wconf 91' lang='lat' dir='ltr'>mani</span> <span class='ocrx_word' id='word_1_183' title='bbox 212 1758 289 1808; x_wconf 90' lang='lat' dir='ltr'>pila</span> <span class='ocrx_word' id='word_1_184' title='bbox 307 1756 562 1807; x_wconf 86' lang='lat' dir='ltr'>conjecerunt.</span> <span class='ocrx_word' id='word_1_185' title='bbox 621 1757 828 1793; x_wconf 86' lang='lat' dir='ltr'>Subsidunt</span> <span class='ocrx_word' id='word_1_186' title='bbox 844 1757 1008 1806; x_wconf 88' lang='lat' dir='ltr'>Hispani</span> <span class='ocrx_word' id='word_1_187' title='bbox 1024 1757 1199 1794; x_wconf 82' lang='lat' dir='ltr'>adversus</span> 
     </span>
     <span class='ocr_line' id='line_1_27' title="bbox 91 1822 1199 1870; baseline -0.002 -12"><span class='ocrx_word' id='word_1_188' title='bbox 91 1823 227 1859; x_wconf 83' lang='lat' dir='ltr'>emissa</span> <span class='ocrx_word' id='word_1_189' title='bbox 244 1822 321 1858; x_wconf 87' lang='lat' dir='ltr'>tela</span> <span class='ocrx_word' id='word_1_190' title='bbox 347 1822 393 1858; x_wconf 89' lang='lat' dir='ltr'>ab</span> <span class='ocrx_word' id='word_1_191' title='bbox 413 1823 537 1865; x_wconf 89' lang='lat' dir='ltr'>hoste,</span> <span class='ocrx_word' id='word_1_192' title='bbox 558 1822 646 1858; x_wconf 90' lang='lat' dir='ltr'>inde</span> <span class='ocrx_word' id='word_1_193' title='bbox 675 1822 722 1857; x_wconf 88' lang='lat' dir='ltr'>ad</span> <span class='ocrx_word' id='word_1_194' title='bbox 750 1822 933 1857; x_wconf 85' lang='lat' dir='ltr'>mittenda</span> <span class='ocrx_word' id='word_1_195' title='bbox 952 1822 1022 1870; x_wconf 87' lang='lat' dir='ltr'>ipsi</span> <span class='ocrx_word' id='word_1_196' title='bbox 1042 1834 1199 1857; x_wconf 87' lang='lat' dir='ltr'>consur-</span> 
     </span>
     <span class='ocr_line' id='line_1_28' title="bbox 90 1885 1199 1936; baseline 0 -14"><span class='ocrx_word' id='word_1_197' title='bbox 90 1892 208 1936; x_wconf 82' lang='lat' dir='ltr'>gunt3</span> <span class='ocrx_word' id='word_1_198' title='bbox 241 1899 323 1935; x_wconf 88' lang='lat' dir='ltr'>quae</span> <span class='ocrx_word' id='word_1_199' title='bbox 351 1899 466 1936; x_wconf 87' lang='lat' dir='ltr'>quum</span> <span class='ocrx_word' id='word_1_200' title='bbox 494 1886 662 1922; x_wconf 82' lang='lat' dir='ltr'>Romani</span> <span class='ocrx_word' id='word_1_201' title='bbox 682 1885 858 1928; x_wconf 87' lang='lat' dir='ltr'>conferti,</span> <span class='ocrx_word' id='word_1_202' title='bbox 880 1892 921 1921; x_wconf 90' lang='lat' dir='ltr'>ut</span> <span class='ocrx_word' id='word_1_203' title='bbox 950 1885 1087 1928; x_wconf 83' lang='lat' dir='ltr'>solent,</span> <span class='ocrx_word' id='word_1_204' title='bbox 1108 1886 1199 1922; x_wconf 89' lang='lat' dir='ltr'>den-</span> 
     </span>
     <span class='ocr_line' id='line_1_29' title="bbox 88 1948 1197 2000; baseline -0.001 -14"><span class='ocrx_word' id='word_1_205' title='bbox 88 1951 178 1986; x_wconf 88' lang='lat' dir='ltr'>satis</span> <span class='ocrx_word' id='word_1_206' title='bbox 199 1951 434 2000; x_wconf 83' lang='lat' dir='ltr'>excepissent</span> <span class='ocrx_word' id='word_1_207' title='bbox 454 1950 583 1992; x_wconf 88' lang='lat' dir='ltr'>scutis,</span> <span class='ocrx_word' id='word_1_208' title='bbox 605 1956 685 1985; x_wconf 87' lang='lat' dir='ltr'>tum</span> <span class='ocrx_word' id='word_1_209' title='bbox 704 1961 768 1999; x_wconf 89' lang='lat' dir='ltr'>pes</span> <span class='ocrx_word' id='word_1_210' title='bbox 790 1961 875 1984; x_wconf 91' lang='lat' dir='ltr'>cum</span> <span class='ocrx_word' id='word_1_211' title='bbox 894 1948 987 1998; x_wconf 88' lang='lat' dir='ltr'>pede</span> <span class='ocrx_word' id='word_1_212' title='bbox 1008 1949 1197 1993; x_wconf 88' lang='lat' dir='ltr'>conlatus,</span> 
     </span>
     <span class='ocr_line' id='line_1_30' title="bbox 87 2012 1196 2064; baseline -0.001 -14"><span class='ocrx_word' id='word_1_213' title='bbox 87 2021 126 2051; x_wconf 89' lang='lat' dir='ltr'>et</span> <span class='ocrx_word' id='word_1_214' title='bbox 145 2013 278 2063; x_wconf 87' lang='lat' dir='ltr'>gladiis</span> <span class='ocrx_word' id='word_1_215' title='bbox 298 2015 377 2063; x_wconf 84' lang='lat' dir='ltr'>geri</span> <span class='ocrx_word' id='word_1_216' title='bbox 396 2026 454 2049; x_wconf 89' lang='lat' dir='ltr'>res</span> <span class='ocrx_word' id='word_1_217' title='bbox 475 2020 601 2064; x_wconf 88' lang='lat' dir='ltr'>coepta</span> <span class='ocrx_word' id='word_1_218' title='bbox 620 2021 688 2050; x_wconf 86' lang='lat' dir='ltr'>est.</span> <span class='ocrx_word' id='word_1_219' title='bbox 738 2013 916 2049; x_wconf 85' lang='lat' dir='ltr'>Ceterum</span> <span class='ocrx_word' id='word_1_220' title='bbox 937 2013 1117 2062; x_wconf 85' lang='lat' dir='ltr'>asperitas</span> <span class='ocrx_word' id='word_1_221' title='bbox 1137 2012 1196 2049; x_wconf 89' lang='lat' dir='ltr'>lo-</span> 
     </span>
     <span class='ocr_line' id='line_1_31' title="bbox 88 2076 1196 2126; baseline -0.002 -11"><span class='ocrx_word' id='word_1_222' title='bbox 88 2091 218 2115; x_wconf 84' lang='lat' dir='ltr'>corum</span> <span class='ocrx_word' id='word_1_223' title='bbox 251 2086 288 2114; x_wconf 88' lang='lat' dir='ltr'>et</span> <span class='ocrx_word' id='word_1_224' title='bbox 322 2077 536 2123; x_wconf 87' lang='lat' dir='ltr'>Celtiberis,</span> <span class='ocrx_word' id='word_1_225' title='bbox 568 2077 702 2126; x_wconf 87' lang='lat' dir='ltr'>quibus</span> <span class='ocrx_word' id='word_1_226' title='bbox 732 2078 772 2112; x_wconf 94' lang='lat' dir='ltr'>in</span> <span class='ocrx_word' id='word_1_227' title='bbox 804 2076 940 2126; x_wconf 84' lang='lat' dir='ltr'>proelio</span> <span class='ocrx_word' id='word_1_228' title='bbox 971 2089 1196 2113; x_wconf 86' lang='lat' dir='ltr'>concursare</span> 
     </span>
     <span class='ocr_line' id='line_1_32' title="bbox 86 2139 1197 2185; baseline -0.004 -6"><span class='ocrx_word' id='word_1_229' title='bbox 86 2154 168 2179; x_wconf 89' lang='lat' dir='ltr'>mos</span> <span class='ocrx_word' id='word_1_230' title='bbox 205 2148 275 2185; x_wconf 89' lang='lat' dir='ltr'>est,</span> <span class='ocrx_word' id='word_1_231' title='bbox 310 2140 550 2177; x_wconf 84' lang='lat' dir='ltr'>velocitatem</span> <span class='ocrx_word' id='word_1_232' title='bbox 585 2139 757 2175; x_wconf 90' lang='lat' dir='ltr'>inutilem</span> <span class='ocrx_word' id='word_1_233' title='bbox 790 2139 977 2183; x_wconf 79' lang='lat' dir='ltr'>faciebat3</span> <span class='ocrx_word' id='word_1_234' title='bbox 1021 2146 1059 2174; x_wconf 85' lang='lat' dir='ltr'>et</span> <span class='ocrx_word' id='word_1_235' title='bbox 1096 2139 1197 2175; x_wconf 85' lang='lat' dir='ltr'>haud</span> 
     </span>
     <span class='ocr_line' id='line_1_33' title="bbox 86 2202 1197 2255; baseline -0.005 -13"><span class='ocrx_word' id='word_1_236' title='bbox 86 2206 216 2255; x_wconf 90' lang='lat' dir='ltr'>iniqua</span> <span class='ocrx_word' id='word_1_237' title='bbox 235 2205 364 2242; x_wconf 84' lang='lat' dir='ltr'>eadem</span> <span class='ocrx_word' id='word_1_238' title='bbox 384 2211 464 2241; x_wconf 88' lang='lat' dir='ltr'>erat</span> <span class='ocrx_word' id='word_1_239' title='bbox 482 2203 668 2240; x_wconf 88' lang='lat' dir='ltr'>Romanis</span> <span class='ocrx_word' id='word_1_240' title='bbox 698 2203 824 2239; x_wconf 88' lang='lat' dir='ltr'>stabili</span> <span class='ocrx_word' id='word_1_241' title='bbox 845 2216 980 2252; x_wconf 83' lang='lat' dir='ltr'>pugnae</span> <span class='ocrx_word' id='word_1_242' title='bbox 1001 2202 1166 2238; x_wconf 83' lang='lat' dir='ltr'>adsuetis</span> <span class='ocrx_word' id='word_1_243' title='bbox 1181 2219 1197 2251; x_wconf 78' lang='lat'>5¹</span> 
     </span>
     <span class='ocr_line' id='line_1_34' title="bbox 87 2265 1195 2317; baseline -0.003 -13"><span class='ocrx_word' id='word_1_244' title='bbox 87 2268 159 2304; x_wconf 89' lang='lat' dir='ltr'>nisi</span> <span class='ocrx_word' id='word_1_245' title='bbox 178 2269 278 2317; x_wconf 89' lang='lat' dir='ltr'>quod</span> <span class='ocrx_word' id='word_1_246' title='bbox 297 2268 481 2317; x_wconf 62' lang='lat' dir='ltr'>angustiat</span> <span class='ocrx_word' id='word_1_247' title='bbox 511 2273 548 2303; x_wconf 91' lang='lat' dir='ltr'>et</span> <span class='ocrx_word' id='word_1_248' title='bbox 567 2268 758 2302; x_wconf 88' lang='lat' dir='ltr'>internata</span> <span class='ocrx_word' id='word_1_249' title='bbox 786 2265 949 2314; x_wconf 86' lang='lat' dir='ltr'>virgulta</span> <span class='ocrx_word' id='word_1_250' title='bbox 968 2266 1117 2301; x_wconf 88' lang='lat' dir='ltr'>ordines</span> <span class='ocrx_word' id='word_1_251' title='bbox 1138 2266 1195 2302; x_wconf 88' lang='lat' dir='ltr'>di-</span> 
     </span>
    </p>
   </div>
   <div class='ocr_carea' id='block_1_5' title="bbox 86 2329 1192 2431">
    <p class='ocr_par' dir='ltr' id='par_1_6' title="bbox 86 2329 1192 2431">
     <span class='ocr_line' id='line_1_35' title="bbox 86 2329 1192 2382; baseline -0.004 -12"><span class='ocrx_word' id='word_1_252' title='bbox 86 2332 287 2379; x_wconf 77' lang='lat' dir='ltr'>rimebant,</span> <span class='ocrx_word' id='word_1_253' title='bbox 320 2340 359 2370; x_wconf 89' lang='lat' dir='ltr'>et</span> <span class='ocrx_word' id='word_1_254' title='bbox 395 2330 533 2382; x_wconf 87' lang='lat' dir='ltr'>singuli</span> <span class='ocrx_word' id='word_1_255' title='bbox 569 2330 739 2380; x_wconf 84' lang='lat' dir='ltr'>binique,</span> <span class='ocrx_word' id='word_1_256' title='bbox 770 2329 873 2368; x_wconf 78' lang='lat' dir='ltr'>velut</span> <span class='ocrx_word' id='word_1_257' title='bbox 904 2342 988 2367; x_wconf 90' lang='lat' dir='ltr'>cum</span> <span class='ocrx_word' id='word_1_258' title='bbox 1025 2329 1192 2382; x_wconf 68' lang='lat' dir='ltr'>paribuS,</span> 
     </span>
     <span class='ocr_line' id='line_1_36' title="bbox 583 2393 660 2431; baseline 0 0"><span class='ocrx_word' id='word_1_259' title='bbox 583 2393 618 2431; x_wconf 91' lang='lat' dir='ltr'><strong>E</strong></span> <span class='ocrx_word' id='word_1_260' title='bbox 639 2394 660 2431; x_wconf 88' lang='grc'><strong>6</strong></span> 
     </span>
    </p>
   </div>
  </div>
 </body>
</html>
