1523 2666
343 169 427 225 358
806 180 850 207 T.
877 180 1007 208 mvn

148 277 238 308 U.C.
257 273 441 310 554.ultro
466 270 639 320 obfertur,
656 269 844 319 fizstidivre.
906 270 1000 311 Non,
1033 271 1332 317 quemadmodum
1357 270 1461 307 hodie

147 322 187 351 A.
201 321 238 352 C.
258 329 330 355 198.

145 781 309 812 Dissensio

145 827 226 857 inter

144 870 291 900 Achaeos.

342 343 533 386 utrumque
550 337 643 372 vobis
658 338 752 378 licet,
768 338 819 371 sic
833 348 970 383 semper
987 336 1167 370 liciturum
1186 340 1262 371 est:
1280 347 1343 371 nec
1355 347 1459 383 saepe,

341 415 404 439 nec
428 404 489 439 diu
514 403 637 438 eadem
668 403 804 437 occasio
835 403 915 436 erit.
974 400 1146 436 Liberare
1164 412 1225 435 vos
1243 412 1266 436 α
1287 400 1462 448 Philippo

331 469 478 514 jamdiu
499 469 614 515 magis
632 467 753 507 vultis,
776 479 881 513 quam
901 467 1050 501 audetis.
1109 465 1195 501 Sine
1211 469 1326 501 mero
1342 465 1461 501 labore

341 538 377 569 et
393 533 554 581 periculo
573 533 634 579 qui
654 543 712 566 vos
730 533 767 566 in
788 531 987 566 libertatem
1002 532 1240 573 vindicarent,
1262 543 1342 567 cum
1356 542 1460 578 mag-

338 599 396 633 nis
423 596 590 632 classibus
614 595 892 642 exercitibusque
920 607 1020 630 mare
1051 594 1278 640 trajecerunt.
1336 595 1414 630 Hos
1430 596 1461 630 si

338 663 452 698 socios
480 661 763 709 adspernamini,
794 661 853 695 vir
880 671 976 694 sanae
1004 661 1130 694 mentis
1157 662 1263 696 estis:
1290 661 1363 702 sed,
1394 664 1460 695 aut

339 728 462 768 socios,
484 731 548 762 aut
569 725 682 761 hostes
701 725 874 767 habeatis,
895 729 1046 771 oportet.

395 789 535 827 XXII.
566 789 778 825 Secundum
795 788 1007 824 orationem
1025 788 1197 837 praetoris
1215 799 1383 823 murmur
1394 799 1457 823 or-

338 861 422 892 tum
442 854 603 891 aliorum
629 867 711 889 cum
740 853 916 895 adsensu.
938 852 1099 888 aliorum
1125 851 1373 888 inclementer
1392 852 1455 888 ad-

340 920 547 956 sentientes
569 918 868 967 increpantium3
892 916 1020 966 etjam
1038 929 1115 952 non
1132 915 1270 964 singuli
1291 922 1455 959 tantum,

340 985 405 1021 sed
425 983 555 1034 populi
577 983 757 1025 universi,
780 983 878 1018 inter
902 995 941 1018 se
961 981 1262 1018 altercabantur:
1295 987 1376 1016 tum
1398 981 1457 1016 in-

337 1056 397 1086 ter
422 1049 667 1098 magistratus
704 1048 827 1096 gentis
866 1048 1100 1095 (damiurgos
1136 1052 1293 1082 vocant:
1327 1045 1457 1082 decem

338 1127 498 1151 numero
536 1114 728 1158 creantur)
770 1119 963 1148 certamen
992 1110 1112 1147 nihilo
1143 1111 1311 1159 segnius,
1346 1122 1459 1159 quam

338 1181 439 1216 inter
466 1177 762 1220 multitudinem,
793 1189 892 1212 esse:
927 1177 1093 1225 quinque
1123 1175 1308 1211 relaturos
1343 1187 1382 1211 se
1412 1175 1458 1211 de

339 1244 524 1280 societate
557 1241 737 1278 Romana
764 1241 932 1282 aiebant,
955 1240 1249 1288 suffragiumque
1276 1239 1454 1275 daturos:

341 1308 508 1357 quinque
527 1306 610 1354 lege
631 1312 783 1341 cautum
803 1304 1058 1346 testabantur,
1079 1316 1127 1340 ne
1146 1303 1251 1353 quid,
1269 1303 1371 1353 quod
1390 1303 1456 1339 ad-

340 1383 467 1408 versus
488 1370 654 1420 Philippi
677 1370 898 1405 societatem
927 1375 1039 1411 esset,
1064 1374 1130 1404 aut
1155 1367 1294 1404 referre
1315 1367 1455 1416 magis-

340 1436 517 1478 tratibus,
539 1443 603 1471 aut
624 1435 825 1471 decernere
845 1433 1087 1483 conciliojus
1109 1440 1218 1470 esset.
1263 1432 1340 1468 Hic
1359 1445 1456 1482 quo-

340 1513 412 1550 que
451 1500 528 1536 dies
560 1499 697 1550 jurgiis
736 1505 793 1535 est
830 1504 1063 1535 consumtus.
1121 1497 1324 1547 Supererat
1359 1508 1454 1532 unus

333 1564 429 1614 justi
443 1564 595 1601 concilii
616 1564 693 1600 dies
710 1578 717 1598 τ
744 1563 876 1613 (tertio
894 1563 994 1598 enim
1009 1562 1069 1598 lex
1083 1560 1248 1611 jubebat
1263 1561 1457 1598 decretum

341 1630 438 1676 fieri)
461 1630 499 1665 in
524 1642 635 1678 quem
659 1629 752 1664 adeo
773 1640 945 1664 exarsere
973 1627 1111 1669 studia,
1133 1633 1176 1662 ut
1194 1626 1258 1662 vix
1277 1631 1453 1676 parentes

340 1693 386 1730 ab
424 1693 552 1729 liberis
590 1693 898 1742 temperaverint.
964 1691 1164 1727 Rhisiasus
1205 1688 1456 1738 (Pellenensis

340 1759 437 1805 erat)
460 1758 578 1794 filium
598 1758 850 1806 damiurgum,
871 1756 1027 1792 nomine
1053 1754 1318 1798 Memnonem,
1338 1753 1457 1791 habe-

339 1822 418 1865 bat,
440 1823 557 1872 partis
592 1821 687 1872 ejus,
719 1835 801 1870 quae
832 1821 1025 1857 decretum
1055 1819 1221 1863 recitari,
1241 1819 1456 1869 perrogari·

340 1900 411 1935 que
431 1887 638 1922 sententias
659 1885 900 1935 prohibebat.
940 1884 992 1927 Is,
1010 1885 1073 1920 diu
1093 1883 1307 1920 obtestatus
1321 1882 1454 1925 filium,

339 1958 380 1987 ut
401 1951 597 1987 consulere
620 1951 784 1986 Achaeos
804 1951 997 1986 communi
1017 1948 1129 1984 saluti
1154 1954 1360 1998 pateretur,
1380 1960 1455 1983 neu

337 2017 547 2067 pertinacia
559 2029 626 2051 sua
643 2023 795 2064 gentem
809 2016 1019 2051 universam
1038 2013 1224 2063 perditum
1242 2014 1327 2055 iret,
1345 2018 1453 2062 post-

336 2093 449 2129 quam
470 2093 601 2131 parum
621 2079 871 2129 proficiebant
887 2091 1030 2129 preces,
1044 2077 1197 2127 juratus
1219 2089 1258 2112 se
1278 2089 1364 2112 eum
1381 2088 1450 2112 sua

337 2157 452 2180 manu
483 2145 787 2186 interemtumm,
816 2156 886 2179 nec
916 2155 985 2192 pro
1015 2142 1108 2185 filio,
1139 2141 1203 2177 sed
1230 2153 1299 2191 pro
1329 2140 1454 2183 hoste,

337 2210 572 2252 habiturum,
594 2210 704 2245 minis
726 2209 899 2259 pervicit,
923 2217 960 2243 ut
990 2214 1144 2257 postero
1164 2206 1222 2241 die
1242 2203 1453 2254 conjunge·

337 2283 395 2311 ret
414 2276 458 2310 iis
480 2288 533 2317 se,
555 2275 618 2324 qni
639 2274 877 2310 referebant:
911 2274 973 2322 qui
999 2285 1114 2321 quum
1138 2271 1261 2321 plures
1282 2270 1374 2306 facti
1395 2282 1452 2305 re—

337 2339 493 2381 ferrent,
515 2339 690 2375 omnibus
715 2337 793 2374 fere
813 2337 962 2389 populis
983 2336 1084 2373 haud
1104 2336 1218 2372 dubie
1238 2333 1451 2384 adproban-
