1523 2666
361 196 381 215 f

297 208 380 253 32)
759 204 803 234 Τ.
829 205 963 236 L1v11

103 306 196 338 U.C.
214 311 370 349 552.q=-.1e
390 303 563 348 apertum
582 296 693 333 ruina
719 296 790 333 iter
814 303 928 333 nocte
947 296 1130 340 Romani,
1152 297 1325 348 quodque
1353 310 1415 336 su-

101 351 141 380 Λ·
159 350 195 380 C·
213 356 286 382 20⁰·
299 375 366 413 per
385 368 535 412 portum
558 368 628 403 est,
650 360 686 396 in
708 373 833 397 arcem
852 368 1116 411 perruperunt.
1159 361 1312 398 Attalus
1330 361 1416 400 luce

299 428 435 476 prima,
457 427 566 475 siguo
587 438 632 461 ex
654 437 739 461 arce
759 426 848 461 dato
875 425 922 461 ab
950 425 1151 468 Romanis,
1179 432 1217 462 et
1246 426 1326 477 ipse
1352 439 1415 463 ur-

297 490 383 527 bem
406 491 558 532 invasit,
581 490 710 525 stratis
736 502 873 538 magna
902 503 946 525 ex
979 497 1085 539 parte
1116 491 1254 526 muris:
1287 492 1418 541 praesi-

298 555 399 591 dium
422 555 680 604 oppidanique
701 555 738 590 in
759 553 916 590 alteram
938 567 1064 591 arcem
1085 555 1297 605 perfugere,
1319 556 1418 593 unde

299 618 416 655 biduo
437 626 525 668 post
544 619 688 655 deditio
708 618 833 655 facta:
868 618 957 656 urbs
977 620 1071 668 regi,
1093 621 1244 671 captiva
1258 633 1420 672 corpora

300 681 488 719 Romanis
510 695 667 718 cessere.

355 747 526 783 XLVII.
556 747 642 782 Jam
675 746 894 783 autumnale
929 747 1197 795 aequinoctium
1227 746 1414 785 instabat:

304 817 342 848 et
362 819 418 847 est
438 812 541 847 sinus
561 811 773 853 Euboicus,
796 824 906 860 quem
924 811 1032 847 Coela
1051 818 1204 854 vocant,
1223 819 1418 862 suspectus

303 877 449 913 nautis:
483 877 624 925 itaque,
657 883 745 912 ante
775 876 954 912 hiemales
986 885 1110 912 motus
1144 877 1302 913 evadere
1332 877 1420 914 inde

303 943 513 990 cupientes,
537 941 736 983 Piraeeum,
759 941 855 976 unde
880 941 1040 990 profecti
1065 942 1110 977 ad
1131 941 1270 977 bellum
1292 948 1416 985 erant,

304 1012 492 1054 repetunt.
550 1005 748 1054 Apustius,
784 1005 943 1052 triginta
978 1004 1137 1040 navibus
1171 1005 1224 1041 ibi
1262 1005 1419 1049 relictis,

305 1081 417 1119 super
435 1068 600 1104 'Maleam
629 1070 784 1117 navigat
813 1068 1031 1118 Corcyram.
1089 1069 1235 1117 Regem
1256 1070 1421 1119 spatium

304 1131 508 1168 Initiorum
537 1132 699 1175 Cereris,
730 1138 769 1168 ut
803 1133 916 1168 sacris
950 1133 1162 1175 interesset,
1187 1134 1330 1168 tenuit:
1363 1146 1422 1169 se-

306 1198 470 1234 cundum
493 1198 609 1233 Initia
629 1204 665 1233 et
686 1198 765 1247 ipse
792 1198 831 1233 in
851 1198 981 1233 Asiam
1006 1211 1045 1234 se
1065 1199 1222 1248 recepit,
1245 1198 1420 1246 Agesim-

305 1262 419 1299 broto
439 1270 475 1297 et
505 1262 666 1297 Rhodiis
694 1263 846 1297 domum
872 1263 1048 1298 remissis.
1106 1263 1202 1298 Haec
1227 1275 1269 1298 ea
1291 1269 1422 1299 aestate

306 1334 406 1363 terra
427 1328 596 1375 marique
625 1327 801 1362 adversus
833 1326 1053 1376 Philippum
1082 1328 1280 1375 sociosque
1300 1326 1379 1376 ejus
1401 1339 1423 1362 a

308 1391 463 1428 consule
481 1399 518 1427 et
535 1391 662 1439 legato
678 1391 879 1433 Romanis,
898 1390 1165 1441 adjuvantibus
1186 1404 1274 1440 rege
1287 1390 1420 1427 Attalo

111 1464 260 1497 Aurelius
310 1463 346 1492 et
368 1456 545 1498 Rhodiis,
567 1463 685 1505 gesta.
725 1455 869 1492 Consul
890 1455 984 1492 alter
1006 1457 1048 1492 C.
1069 1456 1246 1492 Aurelius
1267 1456 1312 1492 ad
1330 1469 1422 1492 con-

114 1512 230 1583 ⁰551]ssss
309 1521 450 1557 fectum
481 1521 621 1557 bellum
649 1534 763 1570 quum
793 1522 831 1557 in
861 1522 1096 1570 provinciam
1119 1522 1296 1564 venisset,
1322 1521 1423 1557 haud

310 1585 405 1621 clam
427 1585 513 1620 tulit
535 1587 627 1620 iram
649 1586 822 1620 adversus
847 1594 1064 1636 praetorem,
1085 1586 1187 1634 quod
1207 1585 1364 1627 absente
1384 1597 1424 1621 se

310 1663 388 1686 rem
417 1650 617 1698 gessisset:
651 1651 766 1685 misso
789 1651 905 1699 igitur
925 1664 970 1686 eo
991 1652 1029 1686 in
1056 1651 1264 1689 Etruriam,
1286 1650 1365 1699 ipse
1385 1650 1424 1686 in

311 1727 444 1762 agrum
482 1715 649 1750 hostium
687 1714 856 1763 legiones
894 1716 1065 1751 induxit:
1115 1714 1424 1765 populandoque,

312 1791 396 1814 cum
434 1778 560 1827 praeda
598 1777 755 1828 majore,
794 1792 907 1827 quam
942 1779 1077 1827 gloria,
1115 1778 1258 1814 bellum
1295 1778 1424 1826 gessit.

118 1851 296 1881 Furiustri-
311 1843 356 1879 L.
378 1843 528 1885 Furius,
563 1841 675 1878 simul
708 1843 808 1891 quod
842 1844 880 1878 in
917 1843 1075 1879 Etruria
1110 1842 1206 1878 nihil
1243 1849 1324 1878 erat
1355 1842 1424 1886 rei,

115 1895 281 1977 §gif-hum
312 1907 412 1957 quod
451 1913 612 1955 gereret,
652 1907 763 1943 simul
801 1907 950 1943 Gallico
987 1908 1182 1957 triumpho
1221 1907 1424 1950 inminens,

311 1985 437 2021 quem,
459 1971 615 2008 absente
649 1971 803 2007 consule
830 1973 928 2007 irato
959 1978 1072 2021 atque
1103 1972 1310 2013 invidente,
1331 1971 1424 2006 faci-

310 2036 382 2073 lius
410 2038 590 2087 inpetrari
620 2049 731 2087 posse
755 2043 872 2080 ratus,
892 2036 1058 2073 Romam
1085 2037 1285 2086 inopinato
1309 2048 1425 2084 quum

310 2102 491 2145 venisset,
512 2108 685 2138 senatum
714 2102 754 2138 in
785 2102 862 2137 aede
891 2101 1063 2138 Bellonae
1081 2101 1241 2137 habuit:
1276 2101 1427 2150 exposi-

312 2166 435 2214 tisque
454 2165 566 2201 rebus
587 2167 718 2214 gestis,
740 2172 781 2202 ut
798 2166 1049 2216 triumphanti
1067 2165 1140 2201 sibi
1158 2165 1199 2200 in
1219 2163 1351 2201 urbem
1366 2165 1425 2201 in-

307 2229 393 2265 vehi
414 2229 558 2274 liceret,
580 2231 687 2280 petit.

360 2294 553 2333 XLVIII.
584 2296 698 2345 Apud
718 2308 895 2344 magnam
915 2300 1060 2345 partem
1088 2298 1241 2329 senatus
1263 2298 1301 2329 et
1319 2303 1426 2341 mag-

306 2359 478 2396 nitudine
495 2373 622 2399 rerum
646 2367 838 2412 gestarum
858 2361 1023 2406 valebat,
1045 2365 1081 2397 et
1100 2359 1236 2410 gratia.
1293 2356 1427 2410 Majo-
