1507 2656
380 223 532 251 LIBER
560 221 726 250 XXVII.
760 218 866 247 CAP.
890 217 998 245 XVI.
1185 216 1236 257 29

122 312 349 357 Marcellus,
384 312 447 360 qui
467 309 719 358 interroganti
739 307 886 349 scribae,
908 305 997 355 quid
1018 304 1097 340 fieri
1121 304 1236 353 signis
1252 306 1340 336 U.C.
1361 312 1433 336 ³⁴3.

119 377 245 419 vellet,
270 377 449 425 (ingentis
475 374 747 423 magnitudinis
775 372 840 408 Dii
868 376 969 412 sunt,
991 382 1060 405 suo
1080 369 1237 418 quisque
1249 349 1337 380 A'C'
1359 357 1431 382 ²⁰⁹¹

121 441 254 477 habitu
283 441 321 476 in
351 440 505 476 modum
535 438 788 488 pugnantium
808 435 981 481 formati)
1005 436 1106 470 Deos
1125 436 1239 469 iratos

127 507 330 541 Tarentinis
358 506 514 553 relinqui
536 503 665 554 jussit.
723 502 857 538 Murus
885 500 985 542 inde,
1013 499 1077 547 qui
1108 497 1238 534 urbem

120 568 167 605 ab
195 582 280 605 arce
306 568 520 611 dirimebat,
550 568 695 603 dirutus
727 572 784 602 est
814 578 857 601 ac
887 562 1078 613 disjectus.
1135 561 1239 597 Dum
1254 563 1400 611 Adcurrit

120 633 201 670 haec
220 633 377 669 Tarenti
408 639 586 681 aguntur,
610 629 808 667 Hannibal
837 630 897 671 iis,
919 629 982 677 qui
1015 626 1239 663 Cauloniam
1253 606 1445 687 {gssffssssffb’r

121 697 361 741 obsidebant,
384 698 422 733 in
443 697 676 733 deditionem
697 695 875 744 acceptis,
895 693 1023 729 audita
1044 692 1241 742 obpugna-
1256 694 1366 723 urbem
1384 702 1457 739 cap-

122 762 229 797 tione
257 761 429 803 Tarenti,
454 761 530 797 dies
558 766 765 808 noctesque
796 758 933 794 cursim
961 757 1111 805 agmine
1140 744 1429 810 acto,{{³¹1;‘¹¹11²†u¹¹'

122 839 252 874 quum,
272 826 456 862 festinans
487 825 534 861 ad
563 837 675 874 opem
705 821 915 863 ferendam,
937 828 1087 870 captam
1112 819 1244 855 urbem

122 890 314 934 audisset,
349 890 400 924 Et
419 889 590 931 Romani,
618 887 756 936 inquit,
784 899 887 922 suum
906 885 1147 920 Hannibalem
1177 884 1243 919 Ιια-

122 954 231 990 bent:
265 955 403 996 eadem,
435 966 506 1001 qua
537 965 755 1001 ceperamus,
787 956 865 986 arte
899 951 1093 986 Tarentum
1121 951 1244 985 amisi-

119 1030 211 1055 mus.
268 1018 330 1054 Ne
350 1024 481 1054 tamen
504 1017 686 1066 fugientis
716 1017 830 1053 modo
858 1015 1089 1052 convertisse
1107 1027 1243 1063 agmen

123 1083 326 1127 videretur,
348 1095 424 1132 quo
444 1084 698 1119 constituerat
716 1081 817 1125 loco,
839 1081 1004 1130 quinque
1034 1079 1152 1116 millia
1167 1079 1243 1115 fer-

122 1159 184 1183 me
207 1146 254 1184 ab
284 1147 375 1183 urbe
395 1147 524 1197 posuit
544 1153 668 1182 castra
687 1161 694 1181 ;
727 1145 779 1182 ibi
800 1157 940 1196 paucos
960 1150 1128 1180 moratus
1149 1144 1243 1187 dies,

121 1210 396 1263 Metapontum
416 1224 496 1248 sese
516 1212 659 1262 recepit
678 1225 685 1247 :
717 1210 806 1246 inde
835 1210 928 1245 duos
950 1208 1243 1259 Metapontinos

121 1290 209 1314 cum
227 1278 346 1315 literis
376 1279 591 1329 principum
621 1276 701 1328 ejus
733 1276 899 1314 civitatis
920 1275 966 1312 ad
986 1275 1147 1312 Fabium
1166 1275 1244 1312 Ta-

121 1349 274 1379 rentum
302 1344 436 1388 mittit,
466 1343 578 1380 fidem
608 1342 655 1379 ab
684 1341 839 1378 consule
865 1348 1101 1392 accepturos,
1132 1341 1243 1391 inpu-

122 1407 206 1443 nita
224 1407 268 1443 iis
289 1407 416 1458 priora
434 1407 530 1451 fore,
553 1407 584 1442 si
602 1406 874 1456 Metapontum
897 1405 931 1441 ei
959 1417 1043 1441 cum
1070 1406 1246 1455 praesidio

124 1472 273 1510 Punico
303 1474 568 1524 prodidissent.
626 1472 767 1509 Fabius
798 1485 898 1515 vera,
927 1485 1008 1520 quae
1041 1471 1245 1516 adferrent,

125 1551 208 1576 csse
228 1544 346 1583 ratus,
365 1539 479 1582 diem,
500 1552 575 1588 qua
601 1550 819 1575 accessurus
841 1543 939 1573 esset
958 1535 1245 1585 Metapontum,

126 1603 355 1640 constituit:
395 1602 599 1653 literasque
634 1603 679 1640 ad
712 1603 900 1652 principes
934 1600 1049 1643 dedit,
1085 1613 1167 1650 quae
1201 1602 1247 1637 ad

125 1666 387 1704 Hannibalem
406 1667 541 1703 delatae
560 1673 662 1703 sunt.
718 1666 926 1702 Enimvero
946 1664 1052 1701 laetus
1071 1678 1245 1702 successu

124 1730 281 1774 fraudis,
305 1731 334 1766 si
364 1743 413 1767 ne
441 1731 582 1767 Fabius
611 1729 762 1780 quidem
791 1729 879 1765 dolo
910 1729 1071 1765 invictus
1096 1730 1245 1772 fuisset,

125 1797 227 1833 haud
247 1797 379 1847 procul
396 1797 628 1848 Metaponto
658 1796 812 1832 insidias
839 1796 961 1846 ponit.
1018 1795 1138 1832 Fabio
1159 1809 1246 1832 aus-

123 1862 267 1912 picanti
300 1862 417 1912 prius,
450 1875 563 1911 quarn
592 1861 833 1910 egrederetur
861 1860 909 1897 ab
943 1861 1126 1904 Tarento,
1159 1874 1244 1897 aves

123 1925 239 1962 semel
259 1932 372 1974 atque
392 1926 526 1962 iterum
554 1939 634 1962 non
665 1925 890 1961 addixerunt
908 1940 915 1960 z
948 1926 1074 1961 hostia
1094 1939 1245 1975 quoque

127 2004 224 2028 eaesa
249 1991 467 2028 *consulenti
497 1992 603 2028 Deos
634 2004 810 2041 aruspex,
839 1991 1044 2027 cavendum
1071 2005 1092 2027 a
1115 1992 1246 2028 fraude

124 2054 256 2091 hostili
280 2061 318 2091 et
345 2055 392 2091 ab
419 2056 577 2098 insidiis,
599 2056 786 2105 praedixit.
841 2055 1118 2105 Metapontini,
1140 2062 1246 2105 post-

127 2132 240 2168 quam
259 2120 306 2156 ad
325 2121 575 2156 constitutam
602 2133 678 2157 non
709 2126 864 2156 venerat
887 2121 1000 2163 diem,
1022 2121 1182 2163 remissi,
1206 2128 1247 2155 ut

125 2190 369 2220 cunctantem
388 2184 646 2227 hortarentur,
669 2191 822 2235 repente
843 2185 1120 2234 comprehensi,
1142 2192 1247 2221 metu

129 2248 309 2295 gravioris
330 2250 566 2298 quaestionis,
588 2249 772 2298 detegunt
793 2250 958 2286 insidias.

1262 2302 1422 2340 Hispaniae

243 2377 250 2384 ι
282 2377 289 2384 .
1262 2355 1329 2381 rts;
1357 2346 1418 2373 Ro-

128 2375 175 2412 P.
193 2376 318 2428 Smpio
339 2377 377 2413 in
398 2376 587 2429 Hispania
607 2391 722 2428 quum
751 2379 915 2416 hiemem
935 2386 1056 2416 totam
1077 2381 1245 2416 reconci-
1264 2389 1364 2416 marm
1383 2389 1425 2416 re-

646 2444 675 2478 C
697 2444 720 2479 3
1262 2432 1391 2463 cunda-n

184 2311 316 2350 XVII.
334 2312 497 2349 AEstatis
518 2313 598 2364 ejus
615 2314 817 2364 principio,
835 2327 909 2363 qua
924 2314 1003 2350 haec
1021 2315 1244 2361 agebantur,
