1523 2666
108 262 152 294 U.
168 264 292 298 C.551.

106 308 146 339 Α.
163 308 198 340 C.
217 317 291 343 901.

303 169 385 222 276
764 186 809 215 T.
833 187 969 217 mvn

307 272 402 323 (jam
431 274 531 311 enim
560 281 716 313 maturae
747 286 855 315 erant
883 279 1047 329 segetes)
1071 280 1279 331 profectuS,
1299 294 1421 332 neque

302 337 502 389 explorato
522 341 634 385 circa,
655 354 725 378 nec
745 344 973 380 stationibus
994 344 1084 381 satis
1105 344 1236 388 firmis,
1258 358 1340 395 quae
1360 359 1419 382 ar-

297 409 410 440 matoe
431 405 591 441 inermes
613 412 726 455 atque
745 408 851 457 operi
874 409 1044 445 intentos
1064 415 1295 453 tutarentur,
1315 410 1419 459 posi-

298 468 361 510 tis,
396 468 591 517 inproviso
625 469 757 519 inpetu
793 471 992 508 Gallorum
1020 486 1105 509 cum
1131 472 1418 509 frumentatori-

296 531 366 568 bus
395 538 452 568 est
485 534 776 570 circumventus.
834 535 929 572 Inde
961 549 1079 586 pavor
1105 537 1271 586 fugaque
1303 537 1419 574 etiam

297 603 462 632 armatos
491 598 604 647 cepit.
660 598 722 633 Ad
745 605 891 649 septem
920 600 1040 637 millia
1064 602 1264 638 hominum
1289 600 1418 651 palata

295 673 363 711 per
392 667 538 709 segetes
568 667 657 698 sunt
686 675 805 700 caesa:
838 664 937 700 inter
965 678 1059 714 quos
1089 666 1169 715 ipse
1203 666 1247 703 C.
1268 665 1416 716 Oppius

294 726 494 776 praefectus
512 741 520 762 :
553 727 668 763 ceteri
688 728 727 764 in
747 734 871 765 castra
890 735 995 766 metu
1015 730 1214 782 compulsi,
1228 730 1316 767 inde
1335 730 1417 767 sine

293 797 398 827 certo
419 792 514 828 duce
533 805 720 829 consensu
750 793 904 830 militari
934 796 1110 845 proxima
1134 801 1262 839 nocte,
1282 795 1416 832 relicta

291 869 430 906 magua
449 863 556 907 parte
575 871 699 894 rerum
720 871 888 901 suarum,
910 859 956 895 ad
976 859 1171 896 consulem
1199 873 1267 911 per
1295 859 1411 896 saltus

291 933 410 970 prope
443 921 564 956 invios
596 934 823 971 pervenere:
857 923 935 972 qui,
969 923 1041 960 nisi
1075 924 1177 972 quod
1208 922 1411 974 populatus

290 991 347 1020 est
366 985 550 1022 Boiorum
572 986 678 1029 fines,
701 993 738 1022 et
757 1000 842 1023 eum
863 987 1045 1036 Ingaunis
1064 987 1271 1036 Liguribus
1286 987 1411 1024 foedus

289 1049 370 1092 icit,
391 1049 500 1093 nihil,
523 1050 624 1100 quod
645 1057 743 1086 esset
773 1050 1034 1094 memorabile,
1056 1050 1159 1087 aliud
1187 1052 1226 1087 in
1255 1051 1410 1102 provin—

289 1114 346 1149 cia
367 1126 482 1163 quum
502 1116 694 1164 gessisset,
715 1115 882 1152 Romam
901 1117 1024 1154 rediit.

342 1178 418 1215 ΙΙΙ.
448 1180 576 1218 Quum
614 1181 778 1230 primum
820 1187 992 1217 senatum
1036 1179 1186 1223 habuit,
1224 1181 1407 1217 universis

287 1244 584 1292 postulantibus,
618 1258 666 1281 ne
696 1258 808 1294 quam
839 1246 942 1295 prius
977 1258 1069 1288 rem,
1100 1259 1213 1294 quam
1238 1246 1282 1282 de
1314 1245 1406 1282 Phi-

286 1307 390 1356 lippo
411 1309 675 1357 sociorumque
695 1309 870 1357 querelis,
892 1315 1045 1357 ageret,
1077 1309 1238 1345 relatum
1260 1315 1404 1345 extem-

283 1371 348 1420 plo
370 1378 449 1407 est:
481 1373 721 1421 decrevitque
749 1373 925 1422 frequens
956 1379 1123 1416 senatus,
1153 1381 1196 1409 ut
1218 1373 1261 1409 P.
1278 1373 1403 1410 AElius

284 1435 431 1480 consul,
466 1449 575 1485 quem
610 1437 799 1473 videretur
831 1438 879 1481 ei,
915 1450 1001 1473 cum
1030 1437 1190 1488 imperio
1220 1438 1402 1481 mitteret,

284 1501 361 1548 qui,
394 1500 512 1536 classe
547 1507 717 1551 accepta,
751 1514 864 1550 quain
895 1514 941 1537 ex
971 1501 1100 1537 Sicilia
1129 1502 1200 1537 Cn.
1221 1501 1403 1537 Octavius

281 1565 491 1608 reduceret,
523 1567 561 1601 iu
591 1565 861 1602 Macedoniam
891 1565 1095 1615 trajiceret.
1151 1565 1208 1602 M.
1228 1565 1401 1602 Valerius

282 1628 459 1664 Laevinus
490 1636 701 1679 propraetor
730 1630 879 1673 missus,
912 1631 1012 1666 circa
1039 1629 1232 1665 Vibonem
1259 1630 1400 1666 duode-

281 1693 533 1741 quadraginta
570 1693 729 1729 navibus
766 1693 813 1729 ab
853 1694 923 1729 Cu.
945 1693 1109 1729 Octavio
1147 1694 1326 1743 acceptis,
1360 1694 1400 1730 in

281 1758 558 1802 'illacedouianr
579 1758 811 1794 transmisit:
845 1759 892 1794 ad
915 1771 1024 1807 quem
1056 1771 1170 1807 quum
1199 1758 1256 1794 M.
1277 1759 1398 1795 Aure-

281 1823 351 1858 lius
369 1823 515 1871 legatus
530 1825 708 1866 venisset,
731 1823 1017 1871 edocuissetque
1033 1836 1132 1865 eum,
1150 1830 1311 1872 quantos
1332 1836 1397 1860 ex·

280 1887 432 1929 ‹si-citus,
455 1893 637 1935 quantum
657 1887 810 1922 navium
828 1899 1025 1923 numerum
1043 1895 1300 1936 comparasset
1316 1900 1395 1931 rex,

280 1958 316 1986 ct
333 1951 650 2000 quemadmodum
671 1953 769 1987 circa
787 1964 917 1988 omnes
939 1964 1015 1987 nou
1037 1952 1268 1987 continentis
1282 1953 1396 1988 modo

282 2017 405 2058 urbes,
424 2017 485 2052 sed
504 2017 617 2052 etiam
634 2016 788 2059 insulas,
802 2016 941 2066 partim
956 2016 1036 2065 ipse
1053 2015 1240 2057 adeundo,
1257 2018 1395 2065 partim

281 2094 346 2130 per
366 2081 527 2129 legatos,
550 2082 717 2117 conciret
741 2081 914 2116 homiues
942 2080 988 2116 ad
1008 2092 1134 2125 arma5
1168 2079 1311 2129 majore
1331 2094 1396 2117 co-

280 2152 372 2181 natu
387 2146 573 2181 Romanis
591 2146 627 2181 id
645 2145 915 2195 capessendum
930 2145 1070 2181 bellum
1088 2156 1182 2187 esse,
1200 2157 1260 2187 ne,
1282 2158 1397 2181 cune-

279 2210 448 2246 tanti-bus
478 2212 537 2252 iis,
569 2211 722 2246 auderet
751 2209 964 2260 Philippus,
987 2209 1088 2258 quod
1109 2209 1273 2258 Pyrrhus
1294 2210 1396 2258 prius

279 2287 391 2310 ausus
413 2288 456 2310 ex
478 2275 673 2323 aliquanto
696 2275 844 2310 minore
873 2286 991 2322 regno
1011 2279 1132 2317 esset3
1164 2273 1245 2307 haec
1266 2273 1395 2309 eadem

279 2340 442 2376 seribere
462 2339 660 2376 Aurelium
680 2339 896 2374 consulibus
919 2346 956 2374 et
976 2338 1122 2374 senatui
1143 2337 1296 2388 placuit.
