1523 2666
271 147 353 202 156
540 157 771 188 EPITOME
796 157 940 187 LIBRI
963 158 1110 188 xxm.

269 254 360 291 erat,
382 251 419 285 in
438 250 557 286 urbem
571 251 733 298 perlatus
749 255 848 293 esset,
871 255 1055 299 tamquam
1073 252 1100 285 is
1118 250 1384 293 luxuriaretur,-

268 315 382 349 missis
407 313 448 348 ob
474 314 538 349 hoc
563 315 690 361 legatis
715 326 737 349 a
764 318 901 355 senatu,
929 314 1251 362 quievpiorarent,
1273 325 1322 348 an
1344 325 1388 348 ea

270 389 355 413 vera
384 384 506 421 essent,
531 384 711 427 purgatus
730 378 884 427 infamia
911 378 1032 426 Scipio
1058 379 1094 413 in
1116 377 1282 426 Ajricam
1309 381 1386 412 tra-

262 439 366 488 jecit,
383 447 524 478 senatus
541 444 730 490 perm'mu.
788 441 948 489 Syphax,
969 446 1115 489 accepta
1133 442 1171 476 in
1196 443 1386 476 matrimo-

270 508 373 542 nium
385 507 474 555 filia
505 506 745 542 Hasdrubalis
773 507 949 553 Gisgonis,
974 507 1154 548 amicitioe,
1182 517 1289 553 quam
1308 516 1389 540 cum

272 570 442 619 Scipione
478 573 552 619 ipse
573 570 758 617 junxerat,
793 572 1026 606 renunciavit.
1082 571 1289 612 Masinissa,
1326 581 1389 605 rex

273 635 544 682 BIassyliorum,
567 636 651 670 dum
674 647 742 683 pro
767 633 1127 682 Karthaginiensibus
1146 635 1182 669 in
1204 634 1389 682 Hispania

272 699 424 742 militat,
455 700 583 735 amisso
613 703 720 747 patre
754 699 862 741 Gala,
885 700 927 734 de
950 710 1060 745 regno
1084 699 1291 733 exciderat:
1321 708 1389 745 quo

268 775 337 812 per
357 763 485 800 bellum
501 776 592 813 saepe
610 765 775 812 repetito,
793 764 932 811 aliquot
944 763 1082 810 proeliis
1094 774 1117 797 a
1132 762 1296 810 Syphace
1309 773 1390 809 rege

272 828 518 864 Numidarum
537 830 662 871 victus,
685 830 720 863 in
742 833 853 864 totum
876 829 1041 876 privatus
1066 832 1140 863 est:
1169 831 1204 862 et
1223 838 1301 862 cum
1321 827 1389 862 du-

272 894 384 928 centis
399 894 573 941 equitibus
589 893 687 928 exsul
707 893 866 940 Scipioni
884 891 1056 938 sejunxit
1068 907 1080 927 .·
1105 896 1140 927 et
1159 903 1238 927 cum
1257 902 1296 926 eo
1310 891 1388 938 pri-

273 969 332 993 mo
350 959 471 993 statim
494 958 583 993 bello
603 958 817 993 Hannonem
836 958 1060 992 Hamilcaris
1065 957 1191 1005 filium
1211 967 1289 992 cum
1309 967 1388 990 am-

271 1023 336 1070 pla
350 1035 456 1058 manu
473 1024 663 1058 interemit.
695 1022 831 1070 Scipio,
849 1023 1004 1058 adventu
1019 1020 1257 1056 Hasdrubalis
1273 1024 1307 1054 et
1319 1018 1389 1067 Sy-

271 1086 409 1134 phacis,
427 1089 485 1134 qui
506 1099 620 1135 prope
643 1099 721 1122 cum
746 1091 885 1122 centum
910 1085 1064 1121 millibus
1083 1088 1306 1120 armatorum
1327 1095 1387 1118 ve-

274 1156 412 1193 nerant,
434 1152 476 1186 ab
496 1152 670 1187 obsidione
695 1152 808 1186 Uticce
826 1151 1004 1198 depulsus,
1026 1149 1172 1185 hiberna
1191 1149 1387 1184 communi-—

271 1216 333 1251 vit.
391 1217 623 1263 Sempronius
647 1215 768 1251 consul
794 1216 831 1250 in
861 1227 948 1261 agro
970 1214 1192 1249 Crotoniensi
1213 1223 1387 1261 prospere-

271 1280 441 1315 adversus
459 1280 701 1316 Hannibalem
718 1281 906 1327 pugnavit.
963 1279 1133 1314 Lustrum
1150 1291 1173 1313 a
1192 1277 1390 1312 censoribus

273 1345 454 1380 conditum
476 1350 550 1381 est:
581 1357 683 1380 censa.
711 1349 793 1380 sunt
815 1345 946 1379 civium
975 1344 1097 1390 capita
1126 1343 1278 1377 ducenta
1297 1353 1386 1388 qua-

274 1409 469 1444 tuordecim
491 1410 619 1445 millia.
679 1410 779 1444 Inter
797 1421 966 1450 censores,
988 1408 1042 1443 M.
1059 1408 1203 1443 Livium
1222 1411 1256 1443 et
1277 1406 1388 1442 Clau-

273 1473 372 1508 dium
392 1473 585 1516 Neronem,
605 1474 773 1509 notabilis
791 1474 970 1508 discordia
978 1471 1084 1520 fuit:
1117 1483 1201 1506 nam
1218 1476 1253 1506 et
1274 1470 1387 1506 Clau-

274 1538 354 1572 dius
372 1537 477 1573 Livio
497 1539 640 1585 collegae
659 1550 788 1586 equum
807 1538 955 1579 ademit,
977 1537 1072 1584 quod
1091 1548 1113 1570 a
1128 1536 1262 1583 populo
1283 1536 1386 1571 dam-

271 1606 378 1637 natus
400 1606 567 1650 actusque
593 1604 629 1637 in
651 1603 812 1637 exsilium
822 1601 955 1650 fuerat
968 1617 979 1643 ,-
1009 1605 1044 1635 et
1066 1600 1190 1635 Livius
1219 1599 1384 1642 Claudio,

274 1665 528 1714 quodfalsum
558 1667 593 1702 in
621 1678 657 1702 se
684 1667 922 1701 testimonium
952 1666 1106 1706 dixisset,
1137 1669 1172 1699 et
1201 1665 1293 1711 quod
1316 1676 1388 1700 non

274 1729 452 1779 bonafide
468 1742 586 1766 secum
605 1732 640 1766 in
660 1731 819 1778 gratiam
837 1730 996 1765 redisset.
1054 1728 1154 1763 Iclem
1177 1739 1295 1763 omnes
1323 1729 1389 1763 tri-

276 1793 350 1836 bus,
371 1799 472 1830 extra
490 1807 614 1838 unam,
635 1796 782 1831 aerarias
802 1795 962 1842 reliquit,
990 1794 1086 1841 quod
1110 1797 1144 1828 et
1169 1793 1389 1828 innocentem

274 1868 311 1893 se
335 1859 575 1903 damnassent,
606 1864 640 1896 et
664 1864 789 1909 postea
816 1859 993 1895 consulem
1018 1869 1263 1906 censoremque
1271 1855 1387 1906 fecis-

274 1927 362 1960 sent.
