1507 2656
314 209 467 238 LIBER
492 205 661 234 xxxu.
696 204 803 231 CAP.
830 204 944 232 vl11.
1104 203 1187 246 339

70 300 171 336 nelio
192 298 363 346 Cethego
394 295 470 331 ludi
501 293 667 329 Romani
698 305 838 340 magno
867 292 1050 341 adparatu
1079 292 1182 328 facti.
1200 293 1382 323 U-C-5521·

72 364 150 400 Ser.
169 370 206 399 et
225 364 268 400 C.
291 360 446 410 Sulpicii
467 358 600 394 Galbae
621 357 818 407 pontifices
839 369 885 392 eo
915 369 1016 392 anno
1046 357 1186 392 mortui
1199 338 1236 367 Α·
1254 336 1290 367 C‘
1310 342 1380 369 199„

71 436 181 465 sunt:
215 429 251 463 in
273 439 402 462 eorum
424 424 550 460 locum
572 421 629 458 M.
645 421 825 458 AEmilius
853 420 1020 470 Lepidus
1048 427 1085 456 et
1115 421 1185 457 Cn.

71 491 269 529 Cornelius
291 490 418 539 Scipio
439 487 636 538 pontifices
658 485 819 522 subfecti
839 492 939 521 sunt.

123 556 235 592 V111.
256 556 343 591 Sex.
360 553 485 589 AElius
506 553 647 594 Paetus,
667 551 713 587 T.
727 551 929 590 Quinctius
951 549 1185 586 Flamininus
1201 549 1290 580 U-C-
1310 557 1382 581 ⁵54.

71 620 258 663 consules,
294 620 519 668 magistratu
557 619 667 660 inito,
707 624 879 653 senatum
917 617 955 652 in
993 615 1186 666 Capitolio
1200 595 1239 624 A'
1255 593 1292 624 Ο·
1312 601 1382 627 19⁸.

67 697 183 734 quum
211 684 449 726 habuissent,
472 683 720 719 decreverunt
749 682 895 724 Patres,
918 686 957 717 ut
984 682 1189 729 provincias

70 749 325 786 Macedoniam
344 752 450 796 atque
471 748 621 782 Italiam
641 747 799 782 consules
821 750 1071 793 comp-mrem
1099 748 1191 782 inter

68 826 116 857 se,
136 815 400 850 sortirenturve.
463 812 543 848 Utri
564 824 685 847 eorum
707 811 924 847 Macedonia
952 812 1132 852 evenisset,
1155 812 1191 846 in

68 880 354 927 supplementum
374 878 551 925 legionum
579 878 651 912 tria
679 877 798 912 millia
826 877 985 912 militum
1006 876 1189 911 Romano-

67 956 147 980 rum
165 944 344 984 scriberet,
367 948 401 978 et
421 947 595 978 trecentos
613 943 775 990 equites:
804 943 890 977 item
917 942 1091 977 sociorum
1113 941 1188 977 La-

69 1009 136 1043 tini
154 1009 306 1043 nominis
321 1009 475 1054 quinque
491 1007 608 1041 millia
625 1007 802 1053 peditum,
820 1007 1030 1053 quingentos
1044 1007 1186 1053 equites.

69 1071 192 1107 Alteri
212 1070 356 1106 consuli
382 1082 501 1106 novus
529 1070 652 1105 omnis
683 1070 869 1105 exercitus
899 1069 1083 1105 decretus.
1141 1069 1186 1105 L⁴

69 1135 237 1172 Lentulo
263 1136 398 1185 prioris
423 1135 513 1171 anni
533 1133 680 1170 consuli
710 1140 957 1184 prorogatum
987 1134 1187 1183 imperium

69 1208 149 1246 est3
189 1200 403 1249 vetitusque
432 1206 497 1236 aut
526 1199 606 1249 ipse
634 1199 831 1250 provincia
859 1198 1038 1235 decedere
1067 1200 1183 1248 prius,

69 1272 135 1301 aut
153 1273 319 1301 veterem
338 1265 547 1301 exercitum
566 1264 764 1306 deducere,
785 1277 898 1313 quam
919 1277 1004 1300 cum
1024 1263 1185 1313 legioni-

67 1330 136 1366 bus
156 1330 264 1366 novis
285 1328 417 1366 consul
438 1330 614 1365 venisset.
672 1330 806 1366 Sortiti
830 1329 1002 1366 consules
1034 1331 1186 1380 provin-

70 1395 167 1431 cias:
187 1393 295 1431 AElio
316 1394 443 1437 ltalia,
457 1395 641 1434 Quinctio
660 1394 890 1431 Macedonia
910 1396 1046 1431 evenit.
1086 1395 1186 1431 1³1·ae-

69 1464 186 1501 toreS,
219 1457 266 1494 L.
287 1457 488 1494 Cornelius
519 1458 671 1494 Merula
701 1458 898 1501 urbanam,
928 1458 984 1494 M.
1006 1459 1185 1495 Claudius

69 1522 250 1565 Siciliam,
271 1522 328 1559 M.
351 1522 510 1558 Porcius
531 1523 758 1566 Sardiniam,
780 1524 823 1559 C.
841 1523 999 1560 Helvius
1021 1523 1185 1560 Galliam

68 1594 126 1624 est
145 1587 313 1624 sortitus.
350 1586 533 1623 Delectus
554 1587 639 1623 inde
659 1588 788 1624 haberi
810 1594 867 1624 est
886 1596 1032 1638 coeptus
1050 1604 1057 1624 :
1081 1601 1183 1632 uam,

66 1660 202 1703 praeter
230 1651 446 1688 consulares
477 1652 679 1696 exercitus,
701 1659 882 1703 praetores
912 1667 1062 1703 quoque
1084 1653 1183 1704 jussi

66 1716 229 1753 scribere
249 1715 387 1753 milites
408 1722 528 1753 erant.
565 1716 752 1753 Marcello
773 1718 811 1753 in
833 1717 999 1754 Siciliam
1020 1725 1184 1767 quatuor

65 1779 184 1816 millia
209 1780 377 1830 peditum
397 1779 544 1816 sociam
564 1779 695 1816 Latini
724 1781 903 1824 nominis,
926 1788 963 1817 et
992 1788 1182 1819 trecentos

67 1845 235 1893 equites3
263 1844 401 1881 Catoni
422 1845 461 1880 in
483 1844 694 1881 Sardiniam
715 1858 762 1881 ex
778 1845 909 1881 eodem
931 1858 1067 1894 genere
1085 1846 1183 1882 mili·

66 1915 147 1945 tum
167 1910 240 1945 tria
258 1909 377 1946 millia
396 1910 579 1959 peditum,
600 1909 783 1946 ducentos
804 1911 946 1959 equites
964 1927 970 1947 :
1004 1912 1057 1947 ita
1084 1919 1124 1948 ut
1143 1912 1181 1948 hi

65 1980 245 2023 praetores
261 1973 388 2017 ambo,
403 1987 516 2022 quum
535 1975 571 2009 in
590 1975 802 2024 provincias
820 1976 1023 2019 venissent,
1038 1983 1180 2013 veteres

64 2038 297 2074 dimitterent
314 2038 458 2088 pedites
480 2039 712 2088 equitesque.
768 2039 888 2075 Attali
918 2040 1052 2077 deinde
1082 2042 1179 2090 regis
1193 2048 1289 2078 Attali
1313 2049 1397 2090 lega-

1111 2106 1178 2148 Hi’
1193 2091 1214 2122 ti
1231 2100 1379 2125 senatum

64 2102 210 2151 legatos
248 2104 287 2139 in
324 2110 496 2139 senatum
536 2104 709 2140 consules
747 2105 1052 2142 introduxerunt.
1193 2136 1325 2167 adeum-

65 2179 193 2214 regem
221 2166 338 2203 classe
360 2179 428 2203 sua
456 2169 649 2217 copiisque
682 2168 858 2204 omnibus
886 2175 984 2205 terra
1013 2171 1181 2219 marique

64 2229 279 2267 Romanam
310 2243 387 2267 rein
410 2230 560 2281 juvare,
582 2245 739 2281 quaeque
767 2233 994 2284 imperarent
1015 2233 1181 2271 Romani

64 2294 254 2338 consules,
276 2296 424 2345 inpigre
444 2302 556 2345 atque
579 2296 802 2333 obedienter
822 2298 867 2333 ad
888 2311 969 2334 eam
997 2298 1095 2335 diem
1125 2299 1179 2336 fe-

65 2360 173 2402 cisse,
205 2373 320 2409 quum
357 2362 633 2412 exposuissent,
670 2362 802 2404 Vereri,
840 2363 1031 2406 dixerunt,
1069 2377 1112 2400 ne
1143 2367 1181 2401 id

583 2427 663 2465 Q2
