1523 2666
105 252 197 283 U.C.
214 259 287 289 ⁵⁵7·

103 296 195 328 A.C.
215 303 286 330 195.

97 645 180 676 Aliae
196 646 266 684 ejus

96 690 273 730 expeditio-

100 743 168 764 nes.

298 153 386 200 454
759 158 805 187 Τ.
830 158 964 189 mvn

301 249 365 285 sed
385 248 562 299 pleraque
583 249 661 299 ipse
690 262 757 300 per
783 263 822 286 se
850 251 1104 300 transigeret;
1136 265 1206 289 nec
1228 252 1265 289 in
1283 265 1413 303 quem·

300 327 412 363 quam
443 315 612 351 omnium
642 316 791 364 gravius
823 318 1076 366 severiusque,
1098 331 1211 367 quam
1229 319 1269 355 in
1296 325 1417 355 semet

297 380 436 430 ipsum,
457 379 656 429 imperium
687 388 903 426 exerceret3
936 382 1183 432 parsimonia,
1205 389 1243 419 et
1261 382 1414 432 vigiliis,

297 449 336 479 et
355 442 486 480 labore
516 456 601 480 cum
633 443 772 480 ultimis
802 444 966 481 militum
997 452 1181 492 certaret3
1214 459 1285 483 nec
1305 447 1412 496 quid-

296 520 409 557 quam
429 508 469 543 in
490 509 656 544 exercitu
677 520 746 543 suo
765 509 959 560 praecipui,
980 516 1118 560 praeter
1139 511 1327 548 honorem
1353 517 1412 548 at-

296 584 369 622 que
389 572 601 621 imperium,
623 571 793 608 haberet.

350 636 467 673 XIX.
498 635 699 673 Difficilius
719 635 861 673 bellum
881 637 919 672 in
939 637 1173 674 Turdetania
1193 640 1346 689 praetori
1366 640 1410 677 P.

294 703 445 741 BIanlio
467 703 663 746 Celtiberi,
685 704 857 740 mercede
881 704 995 740 exciti
1025 704 1072 741 ab
1102 703 1291 748 hostibus,
1315 704 1413 740 sicut

294 776 383 806 ante
403 769 546 805 dictum
566 774 636 812 est,
657 767 873 804 faciebant:
902 769 1031 819 itaque
1050 782 1095 806 eo
1116 768 1263 812 consul,
1285 781 1409 805 arces-

292 835 386 870 situs
407 833 524 869 literis
545 833 732 883 p1·aetoriS‚
754 832 923 882 legiones
948 834 1067 871 duxit.
1125 833 1204 871 Ubi
1224 847 1269 871 eo
1288 835 1408 877 venit,

294 901 436 947 (castra
466 897 670 948 separatim
700 897 883 934 Celtiberi
903 905 940 934 et
959 898 1169 935 Turdetani
1192 898 1405 946 habebant)

290 976 377 1000 cum
396 962 624 998 Turdetanis
653 961 843 1013 extemplo
873 962 969 998 levia
998 963 1147 1014 proelia,
1168 963 1405 1000 incursantes

289 1031 328 1067 in
350 1030 533 1066 stationes
555 1042 699 1072 eorum,
720 1027 888 1067 Romani
908 1029 1055 1076 facere3
1086 1043 1306 1081 semperque
1325 1031 1404 1066 vic-

287 1103 388 1132 tores
428 1109 473 1132 ex
507 1096 676 1145 quamvis
715 1102 856 1131 temere
888 1103 1015 1146 coepto
1046 1097 1252 1133 certamine
1287 1096 1404 1133 abire.

285 1161 346 1198 Ad
367 1160 579 1197 Celtiberos
607 1161 646 1196 in
676 1160 921 1209 conloquium
949 1162 1125 1198 tribunos
1156 1162 1319 1198 militum
1349 1162 1403 1197 ire

285 1226 432 1269 consul,
455 1228 568 1275 atque
588 1225 631 1260 iis
652 1225 767 1260 trium
788 1225 1051 1262 conditionum
1072 1226 1298 1262 electionem
1326 1225 1402 1262 fer-

284 1304 337 1334 re,
353 1290 479 1340 jubet.
536 1289 718 1332 Primam,
740 1290 770 1325 si
791 1291 951 1327 transire
972 1291 1019 1327 ad
1050 1290 1246 1328 Romanos
1267 1291 1400 1334 velint,

284 1363 321 1391 et
356 1355 493 1406 duplex
529 1355 758 1404 stipendium
792 1356 977 1405 accipere,
1012 1369 1126 1406 quam
1159 1363 1341 1406 quantum
1380 1370 1402 1394 a

282 1420 511 1456 Turdetanis
542 1420 802 1469 pepigissent:
836 1419 1009 1465 alteram,
1042 1422 1072 1457 si
1112 1421 1245 1458 domos
1283 1421 1401 1466 abire,

282 1484 436 1535 publica
456 1484 527 1520 fide
548 1491 717 1535 accepta,
739 1485 835 1520 nihil
855 1498 938 1521 eam
967 1499 1046 1522 rem
1077 1499 1187 1522 noxae
1216 1486 1398 1530 futuram,

282 1550 383 1599 quod
400 1549 576 1586 hostibus
598 1562 636 1585 se
664 1549 930 1586 Romanorum
954 1549 1197 1600 junxissent:
1230 1552 1397 1595 tertiam,

281 1614 311 1649 si
342 1614 473 1663 utique
505 1613 646 1650 bellum
685 1613 847 1664 placeat,
879 1615 976 1650 diem
1015 1614 1218 1664 locumque
1254 1616 1399 1652 consti-

279 1684 404 1722 tuant,
440 1678 504 1715 ubi
542 1692 670 1715 secum
707 1680 820 1715 armis
855 1680 1074 1717 decernant.
1129 1682 1167 1717 A
1197 1681 1398 1718 Celtiberis

279 1743 357 1779 dies
392 1743 438 1779 ad
473 1743 766 1780 consultandum
804 1745 947 1794 petita:
986 1745 1190 1782 concilium
1228 1746 1398 1783 inmixtis

277 1807 507 1844 Turdetanis
537 1807 711 1844 habitum
741 1820 882 1856 magno
912 1821 998 1845 cum
1028 1809 1215 1846 tumultu:
1249 1822 1295 1846 eo
1324 1811 1396 1846 mi-

277 1885 347 1908 nus
369 1873 519 1908 decerni
540 1873 744 1922 quidquam
764 1874 903 1922 potuit.
942 1874 1071 1913 Quum
1091 1875 1293 1918 incertum,
1314 1874 1395 1911 bel-

276 1937 354 1973 lum
375 1950 422 1973 an
443 1950 517 1987 pax
538 1950 622 1973 cum
644 1937 844 1974 Celtiberis
866 1946 977 1981 esset,
997 1947 1232 1976 commeatus
1249 1945 1393 1983 tamen,

276 2002 379 2038 haud
398 2015 503 2038 secus
525 2016 637 2052 quam
658 2004 696 2038 in
717 2016 823 2053 pace,
845 2016 891 2040 ex
912 2005 1010 2053 agris
1038 2004 1278 2053 castellisque
1303 2004 1395 2040 hos·

276 2068 371 2104 tium
388 2066 555 2103 Romani
583 2067 813 2118 portabant:
846 2068 930 2105 dein
953 2081 1051 2119 saepe
1072 2069 1307 2105 munimenta
1326 2080 1392 2104 eo-

274 2144 373 2174 rum,
394 2131 497 2168 velut
523 2133 715 2169 communi
745 2139 858 2184 pacto
889 2134 1117 2169 commercio
1147 2133 1303 2184 privatis
1333 2133 1393 2168 in-

276 2195 410 2239 duciis,
431 2197 698 2245 ingredientes
758 2197 901 2234 Consul
922 2198 986 2234 ubi
1010 2198 1138 2235 hostes
1161 2198 1206 2234 ad
1224 2209 1393 2248 pugnam

275 2259 410 2296 elicere
429 2262 575 2310 nequit,
596 2262 759 2312 primum
780 2263 990 2313 praedatum
1011 2263 1079 2299 sub
1101 2263 1217 2311 signis
1246 2263 1391 2312 aliquot

274 2325 468 2375 expeditas
491 2326 668 2363 cohortes
690 2327 727 2363 in
749 2340 882 2376 agrum
900 2327 1058 2377 integrae
1078 2328 1243 2377 regionis
1265 2327 1387 2364 ducit:
