1507 2656
360 199 513 227 LIBER
538 196 688 225 xxnn
717 195 822 224 CAP.
846 196 916 224 XI.
1111 193 1186 237 171

79 289 125 331 bi,
149 294 201 331 ut,
221 290 288 325 nisi
307 293 448 324 mature
463 287 704 327 dimittantur,
725 297 827 320 nemo
845 286 1002 320 omnium
1021 284 1187 333 supersa-
1201 289 1243 320 U.
1255 290 1291 319 C.
1310 297 1380 326 547,

80 357 180 388 turus
198 354 385 390 videatur:
414 364 458 386 ea
477 349 624 386 consuli
650 363 672 385 a
698 348 874 385 Patribus
898 348 1085 390 facienda,
1106 355 1147 384 ut
1165 362 1186 385 e

77 415 269 465 republica
288 415 432 464 fideque
454 426 522 449 sua
542 413 706 454 duceret,
731 412 924 461 permissa.
983 412 1186 450 Civitatem

78 491 123 514 eo
139 486 308 528 tempore
327 490 459 528 repens
477 476 609 525 religio
625 476 827 517 invaserat,
846 476 1000 511 invento
1021 477 1186 512 carmine

77 543 115 577 in
135 542 238 578 libris
260 541 468 591 Sibyllinis,
485 546 640 591 propter
656 539 820 575 crebrius
842 551 887 574 co
907 551 1007 574 anno
1025 539 1070 575 de
1087 539 1184 576 coelo

74 605 281 655 lapidatum
296 605 488 655 inspectis
530 605 752 652 Quandoque
767 603 876 639 hostis
894 604 1093 650 alienigena
1113 609 1184 640 ter-

73 682 122 706 rae
148 671 267 706 Italia·
297 669 427 705 bellum
454 669 639 710 intulisset,
668 680 747 703 eam
768 668 861 715 pelli
888 668 999 704 Italia
1024 668 1185 716 vincique

70 746 183 782 posse,
203 736 233 770 si
251 739 366 770 mater
386 734 487 770 Idaea
506 746 527 769 α
548 734 759 769 Pessinunte
779 732 933 768 Romam
953 733 1103 768 advecta
1113 732 1182 782 fo-

73 804 139 835 ret.
195 797 240 834 Id
270 811 420 835 carmen
453 797 500 834 ab
528 796 747 834 decemviris
778 797 973 832 inventum
997 809 1041 831 eo
1062 797 1181 845 magis

71 860 202 897 Patres
240 862 372 905 movit,
405 861 506 910 quod
532 867 571 897 et
596 859 726 909 legati,
751 861 815 909 qui
838 860 981 896 donum
1007 859 1179 910 Delphos

70 931 327 975 portaverant,
359 924 597 960 referebant:
631 930 670 960 et
694 923 947 960 sacrificantes
977 924 1079 973 ipsos
1106 924 1181 973 Py-

70 990 152 1026 thio
172 989 344 1040 Apollini
362 989 544 1033 litavisse,
562 995 599 1025 et
614 1002 837 1039 responsum
853 989 1008 1026 oraculo
1022 990 1180 1033 editum,

67 1052 252 1104 majorem
285 1053 405 1090 multo
442 1053 655 1096 victoriam,
690 1066 803 1102 quam
837 1052 943 1103 cujus
969 1066 1016 1089 ex
1049 1053 1181 1104 spoliis

70 1119 171 1155 dona
199 1124 410 1169 portarent,
431 1117 561 1154 adesse
591 1117 733 1167 populo
763 1117 955 1154 Romano.
1012 1117 1058 1154 In
1079 1117 1179 1168 ejus·

69 1181 154 1217 dem
184 1182 262 1231 spei
295 1193 479 1217 summam
510 1180 760 1217 conferebant
793 1180 837 1218 P.
858 1181 1046 1232 Scipionis
1076 1181 1179 1218 velut

67 1246 354 1295 praesagientem
375 1245 542 1281 animum
573 1244 617 1280 de
643 1244 718 1281 fine
743 1244 847 1288 belli,
869 1245 970 1295 quod
989 1245 1178 1296 depopos-

67 1309 179 1345 cisset
216 1309 448 1359 provinciam
483 1307 665 1344 Africam.
724 1307 859 1358 Itaque
888 1322 964 1359 quo
993 1309 1177 1346 maturius

64 1374 168 1417 fatis,
190 1375 393 1417 ominibus,
415 1374 652 1423 oraculisque
674 1374 935 1424 portendentis
955 1386 1036 1411 sese
1055 1376 1177 1411 victo-

6 1482 7 1488 *
65 1439 129 1475 riae
157 1445 351 1488 compotes
382 1438 528 1481 fierent,
549 1438 588 1474 id
614 1439 798 1487 cogitare,
819 1451 903 1489 quae
929 1439 1028 1476 ratio
1050 1446 1174 1476 trans-

63 1502 258 1553 portandae
277 1501 441 1537 Romam
461 1501 555 1538 Deae
575 1508 686 1538 esset.

1201 334 1239 365 A.
1252 333 1289 364 C.
1307 341 1382 365 205.

117 1565 192 1602 XI.
221 1564 447 1601 Nullasdum
474 1566 512 1601 in
539 1565 633 1602 Asia
657 1566 828 1602 civitates
858 1567 979 1603 socias
1006 1567 1172 1605 habebat
1185 1572 1290 1604 Mater
1307 1575 1388 1606 Idaea

62 1629 223 1680 populus
256 1629 472 1666 Romanus:
506 1637 634 1667 tamen
671 1643 873 1674 memores,
907 1631 1169 1683 AEsculapium

8 1680 10 1687 Ι
61 1707 211 1743 quoque
242 1707 287 1730 ex
315 1694 463 1730 Graecia
488 1695 694 1742 quondam,
715 1695 905 1731 hauddum
931 1695 1008 1732 ullo
1027 1697 1171 1734 foedere

61 1758 219 1800 sociata,
235 1757 460 1793 valetudinis
481 1757 610 1808 populi
631 1771 764 1795 caussa
783 1760 1018 1803 arcessitum,
1036 1769 1074 1796 et
1086 1760 1170 1811 jam

10 1853 12 1861 ,,
60 1834 146 1857 cum
164 1821 297 1857 Attalo
316 1834 417 1870 rege,
435 1829 589 1871 propter
609 1835 808 1858 commuue
829 1822 1005 1859 adversus
1023 1824 1168 1876 Philip-

7 1936 9 1942 Ι
58 1898 147 1936 pum
166 1885 320 1928 bellum,
342 1892 504 1937 coeptam
521 1888 727 1923 amicitiam
746 1899 840 1930 esse,
858 1887 1046 1926 facturum
1068 1902 1166 1934 eum,

58 1963 140 1998 quae
159 1951 293 2000 possit,
321 1950 451 2000 populi
482 1950 649 1987 Romani
670 1964 815 1995 caussa,
837 1952 982 2001 legatos
1007 1954 1054 1990 ad
1080 1968 1166 1991 eum

9 2055 10 2058 Ἴ
58 2014 276 2056 decernunt,
313 2014 370 2050 M.
391 2014 584 2051 Valerium
613 2014 825 2059 Laevinum,
856 2018 920 2065 qui
944 2016 1001 2053 bis
1032 2020 1165 2056 consul

9 2067 14 2131 ζ
57 2077 193 2120 fuerat,
214 2090 257 2113 ac
278 2090 336 2113 res
359 2079 395 2114 in
416 2079 564 2115 Graecia
584 2088 765 2128 gesserat,
788 2080 844 2117 M.
864 2081 1059 2118 Caeeihum
1079 2083 1165 2119 Me—

10 2133 15 2197 }ss
59 2141 188 2177 tellum
201 2145 433 2191 praetorium,
456 2144 533 2180 Ser.
549 2144 757 2195 Sulpicium
771 2145 932 2182 Galbam
954 2146 1164 2192 aedilitium,

57 2206 150 2242 duos
160 2210 394 2255 quaestor-im,
418 2211 488 2247 Cn.
501 2210 746 2247 Tremellium
758 2210 950 2254 Flaccum,
968 2219 1003 2247 et
1021 2212 1075 2249 M.
1088 2213 1164 2250 Va-

57 2269 189 2308 lerium
202 2271 412 2312 Faltonem.
458 2275 529 2312 His
553 2276 716 2324 quinque
731 2289 843 2312 naves
864 2278 1163 2326 quinqueremes.

581 2339 595 2374 l
618 2341 640 2374 ⁴2

1185 1627 1223 1646 ex
1238 1620 1310 1648 Asia
1324 1630 1375 1658 pe—

1183 1667 1270 1691 titur.
