1523 2666
79 264 123 338 ef:

133 264 170 340 ,αα

204 273 241 340 Οιλ

262 160 324 216 μ78
725 175 771 203 ⁷1.
795 176 928 205 mvn

230 289 257 296 ,,
270 273 354 297 rum
372 268 649 311 pervenerunt3
682 275 797 312 quum
817 263 880 300 alii
906 263 1022 314 ipsos,
1044 264 1108 301 alii
1136 267 1292 302 comites
1310 279 1377 303 eo-

228 331 236 344 ¹
250 332 367 367 ‘rum,
389 338 470 372 quae
497 332 583 361 acta
611 333 749 369 essent,
771 335 1119 377 percunctarentur,
1140 336 1178 364 et
1206 336 1247 364 ut
1276 332 1377 378 quis-

270 400 342 437 que
379 387 562 430 audierat,
597 389 805 425 exercitum
833 390 1002 427 hostium
1039 391 1379 441 imperatoremque

270 452 451 494 occisum,
471 451 641 501 legiones
666 452 862 490 Romanas
891 455 1113 499 incolumes,
1136 455 1257 492 salvos
1287 469 1379 493 con—

269 515 367 557 sules
398 528 493 559 esse,
525 516 717 566 extemplo
746 517 827 553 aliis
854 531 968 568 porro
999 520 1255 569 inpertiebaut
1284 533 1378 569 gau-

269 580 370 616 dium
398 593 519 617 suum.
577 580 705 619 Quum
733 595 831 630 aegre
859 583 898 618 in
918 584 1060 619 curiam
1079 591 1300 633 perventum
1320 598 1380 622 es-

266 651 339 687 set,
360 644 480 680 multo
501 645 635 693 aegrius
657 645 836 682 submota
857 646 983 689 turba,
1004 660 1052 683 ne
1081 648 1257 684 Patribus
1287 650 1378 685 mis-

267 715 427 752 ceretur,
455 709 573 745 literae
603 710 641 745 iu
672 717 806 746 senatu
834 711 1000 747 recitatae
1031 719 1141 747 sunt:
1174 713 1259 748 inde
1288 725 1381 762 pro·

266 774 368 815 ducti
399 774 436 810 in
466 774 689 811 concionem
715 774 842 824 legati.
898 776 945 813 L.
966 776 1159 819 Veturius,
1180 777 1298 813 literis
1318 790 1377 814 re-

266 839 407 882 citatis,
439 839 518 888 ipse
547 838 696 889 planius
725 840 868 883 omnia,
896 853 979 890 quae
1005 847 1091 877 acta
1119 848 1239 884 eraut,
1261 854 1378 892 expo-

266 904 343 946 suit
362 915 446 938 cum
473 903 620 950 ingenti
649 903 823 947 adsensu,
844 910 1039 955 postremo
1070 906 1184 942 etiam
1213 905 1389 942 clamore.

266 966 449 1003 nniversae
469 967 679 1011 concionis,
701 980 817 1017 quum
835 969 898 1005 vix
916 969 1095 1017 gaudium
1115 969 1248 1006 animis
1265 982 1390 1020 cape--v

266 1038 362 1067 rent.
418 1030 642 1068 Discursum
669 1032 755 1069 inde
781 1033 828 1070 ab
849 1033 931 1069 aliis
953 1033 1052 1069 circa
1070 1032 1213 1083 templa
1230 1032 1375 1077 Defim,

266 1105 306 1134 ut
327 1104 450 1145 grates
473 1102 651 1145 agerent3
681 1097 728 1134 ab
749 1097 830 1133 aliis
851 1097 999 1140 domos,
1020 1106 1062 1134 ut
1082 1096 1308 1147 conjugibus
1327 1096 1387 1143 li-¹

265 1158 440 1210 bei-isque
460 1169 537 1197 tam
558 1160 685 1197 laetum
704 1162 886 1198 nuncium
905 1162 1141 1212 inpertirent.
1199 1162 1376 1204 Senatus,

265 1225 366 1273 quod
395 1225 453 1263 Μ,
472 1225 603 1262 Livius
633 1232 672 1262 et
701 1226 745 1262 C.
767 1225 946 1262 Claudius
977 1225 1166 1268 consules,
1195 1225 1379 1264 incolumi

265 1293 448 1336 exercitu,
483 1293 617 1330 ducem
650 1293 819 1330 hostium
850 1292 1096 1342 legionesque
1133 1293 1376 1336 occidissent,

265 1356 583 1407 supplicationem
602 1357 641 1393 in
669 1357 834 1393 triduum
861 1357 1043 1393 decrevit:
1076 1369 1159 1392 eam
1188 1356 1377 1407 supplica-

265 1421 412 1458 tionem
433 1421 476 1459 C.
497 1421 686 1458 Hostilius
707 1429 847 1472 praetor
866 1435 935 1472 pro
956 1422 1141 1458 concione
1163 1422 1292 1466 edixit,
1313 1434 1375 1458 ce-

264 1485 485 1536 lebrataque
515 1501 538 1524 a
566 1488 654 1523 viris
687 1487 913 1536 feminisque
940 1494 1008 1524 est.
1066 1486 1207 1523 Omnia
1235 1486 1378 1537 templa

262 1563 333 1602 ,per
351 1558 476 1588 totum
496 1553 661 1589 triduum
683 1553 863 1602 aequalem
884 1552 1034 1588 turbam
1053 1552 1237 1588 habuere:
1261 1565 1377 1602 quum

265 1624 450 1653 matronae
467 1617 698 1668 amplissima
719 1625 819 1654 veste
841 1630 926 1653 cum
945 1616 1086 1659 liberis,
1108 1616 1261 1666 perinde
1281 1630 1325 1653 ac
1346 1617 1378 1652 si

265 1680 495 1718 debellatum
518 1682 631 1727 foret,
653 1684 757 1719 omni
777 1682 911 1718 solutae
938 1688 1055 1724 metu,
1077 1680 1169 1716 Deis
1192 1681 1375 1718 inmorta-

265 1745 365 1783 libus
396 1754 520 1796 grates
554 1756 722 1796 agerent.
780 1747 929 1784 Statum
958 1757 1108 1795 quoque
1137 1746 1298 1781 civitatis
1333 1758 1379 1782 ea

264 1811 427 1847 ‘victoria
455 1811 598 1848 movit:
631 1818 674 1847 ut
695 1810 778 1861 jam
807 1810 908 1853 inde,
929 1809 1030 1846 haud
1059 1822 1164 1845 secus
1195 1822 1307 1858 quam
1335 1810 1375 1846 in

265 1885 373 1926 pace,
400 1888 457 1911 res
486 1876 585 1912 inter
615 1888 654 1911 se
685 1875 922 1917 contrahere,
956 1874 1164 1917 vendendo,
1199 1874 1373 1916 emendo,

265 1946 440 1976 mutuum
470 1939 609 1982 dando,
641 1945 839 1987 argentum
870 1938 1053 1974 creditum
1084 1937 1280 1980 solvendo,
1308 1951 1374 1974 au-

267 2004 411 2041 derent.
453 2003 496 2040 C.
518 2002 695 2039 Claudius
716 2002 848 2038 consul
868 2016 982 2052 quum
1001 2003 1040 2038 in
1061 2008 1184 2038 castra
1202 2002 1374 2045 redisset,

267 2074 382 2118 caput
410 2066 675 2110 Hasdrubalis,
696 2067 796 2115 quod
826 2073 1012 2102 servatum
1043 2079 1128 2101 cum
1155 2078 1244 2102 cura
1263 2067 1374 2102 adtu-

265 2128 376 2175 lerat,
406 2131 540 2183 projici
573 2138 661 2168 ante
692 2131 860 2167 hostium
897 2131 1094 2173 stationes,
1126 2132 1371 2181 captivosque

264 2197 380 2233 Afros
396 2197 558 2237 vinctos,
575 2202 617 2231 ut
630 2202 750 2238 erant,
767 2195 929 2238 ostendi,
946 2195 1039 2231 duos
1056 2195 1170 2231 etiam
1187 2208 1232 2230 ex
1249 2195 1292 2230 iis
1307 2207 1370 2229 so-

261 2261 364 2298 lutos
392 2262 446 2297 ire
475 2261 521 2297 ad
551 2259 822 2302 Hannibalem,
850 2267 888 2295 et
918 2272 1151 2310 expromere,
1176 2272 1258 2308 quae
1284 2264 1370 2294 acta

263 2332 403 2369 essent,
423 2323 551 2375 jussit.
608 2324 819 2368 Hannibal,
853 2330 962 2361 tanto
992 2322 1102 2360 simul
1134 2322 1287 2374 publico
1312 2322 1370 2358 fa-
