1523 2666
118 297 160 326 1).
176 298 213 328 C.
226 305 298 335 547.

116 342 157 370 A.
172 341 209 372 C.
224 349 297 373 205.

120 1775 234 1805 Licinii
249 1784 303 1804 ex-

123 1819 238 1847 (τείως

120 1862 233 1891 morbo
249 1862 304 1891 ad-

122 1906 235 1935 sectus

318 200 397 244 170
759 204 806 232 T.
833 204 968 233 mvn

312 293 377 328 sed
397 293 511 328 etiam
533 292 797 336 humanitatis,
828 295 868 330 in
896 294 1063 343 legatum
1097 295 1282 346 inpetum,
1313 296 1423 335 licto-

311 355 414 393 ribus
442 356 544 406 prius
572 357 771 405 indignum
798 359 836 394 in
863 359 1019 395 modum
1045 359 1234 405 mulcatis,
1255 361 1420 400 faciunt:

310 428 391 457 tum
411 421 547 471 ipsum,
569 420 615 456 ab
637 421 712 456 suis
739 422 992 472 interceptum
1013 430 1050 459 et
1074 424 1275 469 seclusum,
1302 427 1424 464 hosti-

310 485 397 521 liter
416 485 597 527 lacerant,
621 491 659 520 et
678 498 796 535 prope
816 499 1060 536 exsanguem,
1082 503 1176 526 naso
1198 490 1427 540 auribusque

311 550 510 592 mutilatis,
546 548 781 598 relinquunt.
856 550 929 586 His
966 551 1184 589 Messanam
1222 555 1427 598 nunciatis,

312 615 455 664 Scipio,
486 619 573 663 post
606 626 746 663 paucos
782 614 859 650 dies
895 614 1041 652 Locros
1071 617 1201 653 hexeri
1233 618 1426 662 advectus,

311 692 426 727 quum
448 690 617 714 caussam
632 678 807 714 Pleminii
826 685 862 714 et
880 679 1119 717 tribunorum
1140 683 1320 726 audisset,
1336 682 1424 719 Ple·-

310 744 430 780 minio
446 756 548 779 noxa
568 743 744 786 liberato,
761 743 970 793 relictoque
992 745 1030 781 in
1052 745 1218 795 ejusdem
1238 746 1312 782 loci
1332 760 1428 797 prae-

311 809 421 851 sidio,
443 807 604 844 tribunis
632 808 806 844 sontibus
820 807 1019 859 judicatis,
1041 816 1078 845 et
1098 810 1136 846 in
1164 810 1315 847 vincula
1334 824 1427 847 con-

304 874 435 924 jectis,
454 880 495 908 ut
509 873 674 908 Romam
691 873 737 909 ad
751 879 923 909 senatum
941 875 1194 918 mitterentur,
1207 874 1428 912 Messanam

312 946 425 986 atque
456 936 543 972 inde
576 936 777 985 Syracusas
814 937 935 973 rediit.
1008 937 1216 974 Pleminius
1248 939 1426 988 inpotens

312 1003 391 1044 irae,
422 1001 633 1050 neglectam
662 1000 708 1037 ab
737 1001 915 1050 Scipione
946 1008 982 1037 et
1012 1003 1123 1038 nimis
1151 1002 1282 1038 leviter
1311 1003 1429 1040 latam

312 1078 417 1101 suam
440 1064 615 1115 injuriam
637 1070 756 1107 ratus,
775 1077 844 1100 nec
860 1077 1085 1114 quemquam
1103 1067 1290 1102 aestimare
1311 1066 1427 1103 alium

312 1142 395 1166 eam
415 1129 518 1165 litem
547 1141 671 1178 posse,
692 1129 763 1163 nisi
785 1129 848 1177 qui
870 1130 1111 1165 atrocitatem
1136 1129 1215 1179 ejus
1246 1130 1427 1180 patiendo

312 1194 504 1236 sensisset,
525 1192 697 1229 tribunos
719 1192 866 1228 adtrahi
887 1193 933 1229 ad
954 1192 1143 1243 sejussit3
1167 1193 1428 1244 laceratosque

313 1258 503 1300 omnibus,
525 1271 607 1307 quae
637 1258 715 1307 pati
740 1270 874 1307 corpus
911 1257 1028 1293 ullum
1059 1264 1200 1308 potest,
1232 1258 1426 1308 suppliciis

312 1322 528 1358 interfecit:
560 1335 630 1358 nec
664 1321 823 1357 satiatus
849 1323 1020 1357 vivorum
1044 1335 1183 1372 poena,
1220 1322 1428 1372 insepultos

311 1387 488 1438 projecit.
546 1386 667 1422 Simili
689 1386 911 1422 crudelitate
933 1394 970 1422 et
992 1388 1029 1422 in
1057 1387 1305 1423 Locrensium
1326 1387 1430 1437 prin-

314 1453 415 1502 cipes
436 1459 493 1488 est
512 1464 615 1495 usus,
637 1464 730 1501 quos
756 1452 801 1487 ad
828 1451 1110 1500 conquerendas
1140 1450 1296 1502 injurias
1319 1452 1365 1488 ad
1384 1451 1428 1489 P.

314 1517 531 1567 Scipionem
551 1516 743 1567 profectos
759 1516 925 1553 audivit:
950 1506 1007 1559 et,
1022 1529 1104 1565 quae
1125 1522 1238 1552 antea
1253 1529 1321 1566 per
1340 1515 1427 1552 libi-

314 1582 438 1617 dinem
459 1587 571 1630 atque
591 1580 788 1616 avaritiam
812 1579 915 1616 foeda
935 1579 1107 1629 exempla
1132 1580 1171 1614 in
1198 1579 1321 1615 socios
1349 1579 1427 1616 edi—

315 1646 433 1687 derat,
454 1651 546 1680 tunc
573 1644 619 1679 ab
641 1644 697 1679 ira
721 1643 946 1692 multiplicia
970 1643 1095 1679 edere:
1128 1642 1295 1678 infamiae
1315 1648 1429 1691 atque

315 1709 465 1745 invidiae
486 1722 564 1744 non
585 1708 656 1744 sibi
677 1708 806 1751 modo,
827 1708 891 1744 sed
909 1709 1022 1744 etiam
1042 1707 1276 1757 imperatori,
1294 1719 1387 1744 esse.

369 1774 421 1810 X.
462 1773 549 1808 Jam
586 1772 827 1808 comitiorum
871 1771 1074 1821 adpetebat
1110 1778 1273 1821 tempus,
1311 1783 1427 1819 quum

316 1838 357 1874 P.
380 1838 519 1873 Licinii
540 1836 704 1872 consulis
731 1835 849 1871 literoe
879 1835 1046 1871 Romam
1072 1833 1222 1877 adlatae,
1242 1846 1278 1870 se
1295 1835 1427 1870 exerci-

316 1908 460 1950 tumque
478 1913 580 1936 suum
593 1901 697 1947 gravi
716 1900 835 1935 morbo
855 1899 1034 1948 adfectari
1048 1915 1058 1935 :
1088 1910 1150 1934 nec
1163 1900 1241 1934 sisti
1256 1900 1427 1946 pot-uisse,

313 1970 351 2003 ni
369 1968 491 2002 cadem
512 1968 562 2001 vis
581 1966 682 2003 mali.
703 1969 767 2000 aut
779 1966 925 2011 gravior
944 1965 1068 2005 etiam„
1092 1964 1125 1998 ὶη
1146 1963 1258 1997 hostes
1278 1964 1428 2008 ingruis-

312 2038 376 2070 set.
435 2032 573 2078 Itaque,
594 2031 761 2078 quoniam
790 2031 862 2077 ipse
886 2031 1002 2064 venire
1027 2029 1074 2063 acl
1094 2028 1240 2062 comicia
1258 2038 1328 2062 non
1346 2039 1428 2074 pos-

312 2103 378 2140 set,
398 2098 427 2132 si
445 2098 495 2131 ita
516 2095 685 2131 Patribus
704 2095 894 2135 videretur,
914 2105 949 2129 se
971 2093 1013 2134 Q.
1034 2092 1216 2127 Caeciliam
1237 2091 1429 2127 Metellum

313 2163 525 2197 dictatorem
544 2159 767 2194 comitiorum
787 2169 911 2193 caussa
934 2158 1140 2192 dicturum:
1167 2156 1358 2190 exercitum
1380 2154 1425 2195 Q.

314 2225 448 2261 Caecilii
464 2224 610 2265 dimitti,
629 2235 647 2258 e
664 2222 844 2270 republica
862 2232 943 2257 esse.
992 2220 1088 2255 Nam
1104 2230 1214 2266 neque
1233 2229 1333 2254 usum
1353 2216 1428 2263 ejus

310 2291 424 2325 ullam
445 2291 479 2324 in
496 2289 687 2336 proesentia
701 2299 784 2329 esse,
803 2298 911 2334 quum
927 2281 1205 2328 Hannibaljam
1222 2284 1258 2318 in
1277 2282 1424 2317 hiberna

309 2367 389 2391 suos
408 2354 579 2402 receperit
589 2369 602 2397 ,-
632 2357 667 2388 et
687 2356 791 2388 tanta
811 2351 991 2387 incesserit
1008 2351 1043 2386 in
1057 2360 1100 2384 ea
1119 2352 1239 2384 castra
1258 2348 1310 2383 vis
1328 2357 1424 2381 mor-
