1507 2656
303 168 456 197 LIBER
480 167 671 195 XXVIII·
704 166 809 195 CAP.
832 168 990 196 XXIII.
1119 170 1197 213 115

90 257 178 294 Illos
193 269 228 293 se
243 269 309 305 per
328 257 428 292 Deos
444 267 588 302 superos
617 255 815 303 inferosque
834 268 950 300 orare,
971 262 1012 293 ut
1030 269 1198 294 memores
1211 269 1299 299 uc,
1317 276 1391 300 54⁶,

90 321 276 363 libertatis,
297 332 374 368 quoe
392 320 454 355 illo
474 320 530 354 die
549 324 612 355 aut
632 325 743 355 morte
764 320 922 363 honesta,
943 327 1007 358 aut
1031 325 1198 359 servitute
1209 314 1247 343 Α·
1265 313 1302 344 C·
1319 317 1393 344 2⁰⁶·

88 384 218 433 infami
224 385 388 433 finienda
406 388 505 425 esset,
526 383 615 418 nihil
632 385 882 431 relinquerent,
906 386 941 420 in
961 387 1053 433 quod
1080 388 1200 423 soevtre

88 450 202 485 iratus
220 449 327 485 hostts
343 454 467 496 posset.
515 450 659 485 Ferrum
679 451 864 497 ignemque
884 452 919 486 in
938 452 1099 488 manibus
1117 465 1199 489 esse.

85 514 221 548 Amicae
239 525 282 549 ac
296 514 426 561 fideles
451 515 570 560 potius
589 525 644 555 ea,
667 527 743 561 quae
767 517 932 561 peritura
951 521 1075 557 essent,
1097 517 1200 552 absu-

87 581 219 611 merent
243 588 383 617 mamus,
405 588 512 623 quam
541 578 755 612 insultarent
781 579 929 625 superbo
949 579 1102 614 ludibrio
1122 579 1200 615 hos-

85 644 146 676 tes.
202 639 275 675 His
296 640 625 675 adhortationibus
647 642 857 677 exsecratio
877 642 958 677 dira
986 641 1147 692 adjecta,
1169 643 1201 679 si

85 715 196 752 quem
227 716 250 739 a
279 704 476 753 proposito
507 716 589 753 spes
624 704 829 741 mollitiave
863 707 977 742 animi
1011 706 1195 743 flexisset:

84 767 174 803 inde
193 769 385 804 concitato
405 769 556 816 agmine
586 769 804 818 patentibus
825 771 943 818 portis
972 771 1119 818 ingenti
1137 777 1199 806 tu-

85 830 207 867 multu
226 838 440 881 erumpunt.
496 831 631 880 Neque
651 838 732 868 erat
753 832 828 868 ulla
847 833 936 868 satis
958 833 1066 868 firma
1085 833 1199 869 statio

86 893 287 943 obposita5
320 896 408 943 quia
424 894 520 930 nihil
548 896 685 938 minus,
706 908 817 944 quam
839 902 880 931 ut
908 896 1033 945 egredi
1062 897 1200 932 moeni-

85 959 156 996 bus
193 959 387 1002 auderent,
421 961 546 995 timeri
583 967 755 1010 poterat:
799 973 994 1010 perpaucae
1033 960 1202 1008 equitum

87 1030 234 1066 turmae,
265 1023 430 1072 levisque
465 1031 655 1060 armatura
684 1030 839 1074 repente
871 1037 891 1059 e
925 1024 1057 1060 castris
1091 1024 1137 1059 ad
1163 1023 1202 1059 id

87 1087 210 1137 ipsum
229 1087 365 1123 emissa
384 1087 564 1123 obcurrit.
614 1088 750 1123 Acrior
770 1088 901 1137 inpetu
920 1093 1032 1135 atque
1052 1087 1202 1130 animis,

88 1163 202 1200 quam
229 1152 477 1201 compositior
505 1151 583 1187 ullo
603 1152 748 1194 ordine,
780 1164 907 1201 pugna
926 1150 1011 1186 fuit.
1069 1151 1204 1199 Itaque

88 1214 216 1266 pulsus
243 1228 370 1263 eques,
397 1216 461 1264 qui
489 1216 630 1264 primus
661 1216 763 1252 hosti
791 1228 830 1251 se
859 1215 1063 1257 obtulerat,
1083 1221 1205 1250 terro-

87 1291 166 1315 rem
193 1279 321 1314 intulit
349 1279 422 1315 levi
454 1287 676 1316 armaturae:
701 1273 993 1330 'pugnatumque
1023 1278 1092 1314 sub
1122 1279 1206 1328 ipso

89 1341 188 1378 vallo
208 1342 320 1385 foret,
341 1343 380 1378 ni
399 1342 515 1378 robur
543 1342 751 1392 legionum,
773 1344 979 1393 perexiguo
999 1342 1045 1378 ad
1066 1343 1206 1377 instru-

90 1407 228 1443 endum
248 1407 336 1443 dato
356 1414 540 1457 tempore,
562 1409 681 1444 aciem
709 1409 919 1444 direxisset.
976 1407 1035 1443 Ibi
1055 1419 1206 1456 quoque

88 1471 315 1521 trepidatum
335 1484 536 1521 parumper
555 1473 653 1508 circa
684 1474 793 1522 signa
812 1480 882 1515 est,
903 1484 1018 1520 quum
1038 1472 1127 1507 caeci
1146 1471 1206 1507 fu-

88 1549 174 1572 rore
192 1537 231 1572 in
250 1535 406 1572 vulnera
433 1550 476 1572 ac
502 1536 640 1573 ferrum
670 1538 821 1574 vecordi
851 1538 1008 1573 audacia
1026 1543 1202 1572 ruerent:

90 1602 177 1639 dein
195 1609 301 1638 vetus
321 1602 442 1646 miles,
462 1604 637 1640 adversus
658 1605 876 1640 temerarios
907 1604 1058 1653 inpetus
1087 1603 1205 1652 perti-

92 1678 182 1709 nax,
203 1666 302 1702 caede
321 1666 528 1715 primorum
557 1667 797 1715 insequentes
828 1667 1056 1716 subpressit:
1089 1678 1205 1702 cona-

91 1736 152 1765 tus
182 1729 310 1779 paullo
344 1737 430 1779 post
463 1730 563 1766 ultro
593 1731 731 1766 inferre
764 1731 911 1780 pedem,
947 1738 988 1765 ut
1017 1731 1207 1765 neminem

95 1793 239 1835 cedere,
270 1799 383 1841 atque
412 1792 625 1830 obstinatos
655 1795 751 1830 mori
783 1795 820 1830 in
841 1795 1002 1842 vestigio
1022 1806 1207 1841 quemque

95 1868 164 1891 suo
197 1856 312 1901 vidit3
346 1857 537 1906 patefacta
566 1859 646 1893 acie
679 1858 796 1906 (quod
832 1864 873 1893 ut
909 1857 1033 1892 facere
1065 1863 1207 1906 posset,

93 1918 298 1955 multitudo
331 1927 560 1956 armatorum
597 1920 708 1957 facile
745 1920 1029 1970 suppeditabat)
1066 1932 1209 1955 cornua

93 1983 261 2019 hostium
290 1983 497 2033 amplexuS,
531 1986 569 2020 in
600 1985 731 2020 orbem
765 1990 977 2034 pugnantes
1011 1984 1058 2019 ad
1092 1996 1208 2019 unum

95 2059 225 2083 omnes
245 2048 395 2084 occidit.

148 2109 307 2146 XXIII.
336 2111 464 2159 Atque
481 2112 562 2147 haec
581 2118 708 2148 tamen
736 2111 904 2146 hostium
934 2112 1131 2151 iratorum,
1162 2122 1204 2145 ac
1219 2118 1311 2149 Pueri
1327 2119 1415 2148 etse-

96 2179 178 2209 tum
196 2175 357 2210 maxime
377 2175 652 2218 dimicantium,
666 2175 754 2225 jure
772 2174 862 2211 belli
892 2176 930 2210 in
953 2181 1116 2210 armatos
1146 2186 1204 2209 re·
1218 2163 1347 2234 {3³35}
1357 2171 1424 2234 {ffis

97 2244 384 2287 pugnantesque
404 2239 632 2275 edebantur:
664 2240 803 2275 foedior
831 2239 906 2274 alia
934 2239 973 2274 in
1004 2237 1095 2274 urbe
1124 2243 1204 2274 tru-
1218 2247 1322 2277 cidati,

97 2301 236 2338 cidatio
256 2309 349 2346 erat,
371 2316 485 2353 quum
503 2304 652 2341 turbam
670 2304 898 2340 feminarum
926 2314 1204 2354 puerorumque
