1523 2666
296 190 380 233 492
752 193 796 221 T.
823 192 953 221 mvn

105 279 149 309 U.
162 279 199 310 C.
214 288 287 314 559.
300 278 346 316 L.
356 277 552 315 Cornelius
566 278 711 323 consul,
722 279 759 316 in
774 280 1006 330 provinciam
1018 280 1273 331 proficiscens,
1287 280 1324 317 in
1335 293 1404 332 op-

103 323 134 352 A
161 323 197 353 C'
237 330 394 393 93'pidis
414 344 601 392 agrisque,
622 356 696 393 qua
714 344 834 380 iturus
851 351 962 388 esset,
982 346 1012 381 si
1032 357 1126 394 quos
1147 346 1181 382 ei
1199 345 1402 387 videretur,

299 406 436 443 milites
449 407 642 450 scriberet,
653 414 901 457 armaretque,
912 415 949 445 et
958 409 1110 445 duceret
1118 421 1260 445 secum:
1276 409 1405 444 dimit-

298 472 477 520 tendique
496 473 544 514 ei,
561 485 654 520 quos
674 484 818 514 eorum,
836 474 1063 523 quandoque
1074 474 1200 517 vellet,
1214 473 1278 524 jus
1292 478 1403 509 esset.

105 532 250 572 Legati&
351 535 477 571 LVII.
506 535 714 583 Postquam
746 535 933 579 consules,
964 537 1109 573 delectu
1138 537 1287 579 habito,
1313 548 1404 586 pro-
1435 560 1439 563 -

101 584 162 649 ἓξ
177 576 265 650 gfff]
297 598 388 635 fecti
407 604 495 634 sunt
519 599 558 634 in
581 598 808 648 provincias,
836 605 915 635 tum
944 599 989 636 T.
1009 601 1212 639 Quinctius
1231 599 1402 650 postula-

107 661 173 691 siae.
296 665 365 707 vit,
385 669 426 700 ut
441 665 485 700 de
502 664 567 706 his,
584 676 661 711 quae
679 676 759 699 cum
774 664 891 699 decem
907 664 1033 711 legatis
1051 666 1125 712 ipse
1142 667 1332 706 statuisset,
1348 677 1404 700 se-

296 736 403 768 natus
420 731 583 772 audiret,·
604 742 726 777 eaque,
741 731 772 765 si
790 731 979 773 videretur,
1000 731 1217 766 auctoritate
1234 740 1299 764 sua
1318 740 1402 764 con-

283 796 467 844 firmaret.
525 795 571 829 Id
590 806 646 829 eos
653 793 808 842 facilius
816 793 999 842 facturos,
1018 795 1048 830 si
1067 795 1264 841 legatorum
1282 792 1400 835 verba,

296 861 358 908 qui
387 871 429 895 ex
454 860 618 894 universa
643 858 782 893 Groecia
808 863 843 894 et
862 871 994 906 magna
1016 863 1124 907 parte
1147 859 1254 900 Asiae,
1275 857 1406 904 quique

293 925 338 960 ab
363 924 502 971 regibus
525 924 710 964 venissent,
734 924 924 960 audissent.
981 923 1053 960 Hae
1080 922 1286 972 legationes
1307 933 1330 957 a
1356 920 1400 956 C.

296 988 497 1024 Scribonio
526 993 688 1037 praetore
721 986 866 1023 urbano
900 989 938 1023 in
973 994 1143 1024 senatum
1174 985 1401 1022 introductae

294 1059 406 1097 sunt3
437 1052 675 1100 benigneque
701 1051 877 1087 omnibus
904 1065 1139 1102 responsum.
1196 1051 1293 1086 Cum
1317 1049 1400 1085 An-

293 1116 424 1152 tiocho
444 1116 532 1164 quia
560 1114 712 1163 longior
738 1115 964 1164 disceptatio
985 1122 1078 1157 erat,
1100 1115 1226 1151 decem
1246 1112 1396 1161 legatis,

294 1192 453 1229 quorum
483 1191 567 1228 pars
593 1179 632 1213 in
661 1179 767 1220 Asia,
788 1185 853 1214 aut
878 1178 1128 1228 Lysimachiae
1154 1177 1252 1227 apud
1270 1188 1396 1224 regem

291 1245 457 1286 fuerant,
487 1243 658 1291 delegata
683 1248 752 1278 est.
807 1243 853 1278 T.
873 1243 1056 1282 Quinctio
1082 1242 1316 1283 mandatum,
1340 1246 1396 1282 ut,

290 1308 469 1346 adhibitis
489 1308 549 1351 iis,
569 1307 781 1356 legatorum
804 1308 901 1356 regis
922 1307 1036 1343 verba
1061 1307 1219 1348 audiret,
1240 1317 1397 1354 respon-

290 1376 467 1422 deretque
486 1373 546 1415 iis,
567 1385 649 1421 quae
669 1385 716 1408 ex
735 1372 920 1420 dignitate
940 1378 1052 1420 atque
1075 1370 1239 1406 utilitate
1264 1368 1395 1419 populi

288 1438 456 1475 Romani
484 1437 705 1487 responderi
737 1442 904 1486 possent.
960 1435 1164 1484 Menippus
1198 1441 1236 1470 et
1265 1433 1396 1481 Hege-

290 1504 421 1539 sianax
440 1503 626 1553 principes
647 1502 759 1550 regiae
786 1501 986 1550 legationis
1008 1506 1132 1535 erant:
1166 1511 1211 1534 ex
1240 1499 1284 1534 iis
1307 1497 1394 1533 Me-

95 1567 203 1597 Oratio
215 1566 259 1598 le·
289 1568 441 1618 nippus,
469 1567 641 1614 Ignorare
656 1578 705 1608 se,
723 1565 831 1607 dixit,
853 1565 1023 1613 quidnam
1040 1565 1201 1611 perplexi
1217 1575 1282 1599 sua
1297 1563 1395 1609 lega-

95 1618 258 1685 ᾗῗὲἓᾙῃι
290 1634 339 1668 tio
358 1632 514 1673 haberet,
535 1642 642 1678 quum
670 1630 880 1677 simpliciter
905 1629 953 1664 acl
981 1630 1179 1664 amicitiam
1203 1628 1397 1675 petendam

277 1696 570 1745 jungendamque
590 1696 792 1730 societatem
823 1695 1006 1730 venissent.
1062 1693 1149 1728 Esse
1180 1697 1301 1728 autem
1324 1694 1394 1728 tria

283 1774 417 1810 genera
431 1760 628 1810 soederum,
656 1759 779 1807 quibus
806 1760 900 1794 inter
923 1770 959 1794 se
979 1759 1241 1806 paciscerentur
1266 1758 1391 1792 antici-

286 1830 355 1863 tias
374 1828 534 1863 civitates
551 1836 727 1872 regesque.
790 1824 920 1866 Unum,
942 1835 1050 1872 quum
1069 1823 1158 1858 bello
1176 1824 1278 1858 victis
1296 1823 1391 1858 ‹iice-

283 1897 407 1927 rentur
428 1893 543 1937 leges:
571 1890 630 1925 ubi
645 1890 738 1924 enim
757 1890 877 1924 omnia
895 1890 939 1930 ei,
961 1891 1021 1936 qui
1039 1890 1148 1924 armis
1165 1889 1246 1935 plns
1260 1893 1390 1935 posset,

286 1957 408 1992 dedita
426 1958 549 1994 essent,
570 1965 646 2000 qnae
670 1964 712 1988 ex
740 1954 782 1988 iis
811 1952 936 1988 habere
959 1954 1080 1994 victos,
1101 1952 1224 1999 quibus
1244 1953 1393 1988 multari

285 2033 341 2056 eos
372 2021 469 2061 velit,
495 2019 605 2066 ipsius
621 2016 683 2063 jus
714 2022 820 2064 atque
852 2017 1038 2052 arbitrium
1070 2029 1150 2052 esse.
1208 2017 1387 2059 Alterum,

286 2097 394 2133 quum
419 2094 525 2131 pares
553 2082 641 2117 bello
666 2093 763 2129 (equo
775 2081 917 2130 foedere
936 2083 970 2116 in
995 2093 1119 2129 pacem
1140 2085 1246 2128 atque
1263 2082 1389 2116 amici·-

286 2151 375 2185 tiam
392 2150 575 2184 venirent:
607 2151 691 2182 tunc
714 2149 806 2184 eelim
823 2147 935 2194 repeti
962 2147 1133 2193 reddique
1155 2157 1220 2193 per
1239 2157 1387 2181 conven-

286 2215 417 2249 tionem
443 2225 510 2254 res,
536 2217 583 2253 et,
614 2213 644 2247 si
669 2224 820 2259 quarum
850 2211 993 2247 turbata
1020 2211 1108 2245 bello
1135 2211 1302 2257 possessio
1326 2211 1388 2251 sit,

283 2291 340 2313 eas
359 2282 423 2313 aut
449 2289 490 2312 εκ
504 2276 673 2324 formula
687 2275 783 2322 juris
806 2277 959 2324 antiqui,
980 2280 1045 2310 aut
1063 2287 1105 2310 ex
1120 2276 1237 2323 partis
1254 2275 1386 2310 utrius-

282 2354 347 2392 que
366 2343 548 2378 commodo
568 2343 741 2391 componi,
793 2342 949 2378 Tertium
969 2352 1036 2376 esse
1049 2352 1171 2389 genus,
1189 2351 1310 2388 quum,
1327 2339 1388 2387 qui

1499 1886 1504 1894 -
1501 1846 1504 1853 <
1497 1714 1507 1825 *nx—<ww
1502 1641 1509 1701 «ημ-
