1507 2656
327 205 481 233 LIBER
505 202 685 232 xxxw.
717 200 826 231 CAP.
847 202 992 231 xxm.
1130 191 1213 243 467

92 293 249 343 fiedera,
272 293 509 331 humanarum
525 295 640 343 fidem
667 293 833 330 socialem
860 295 1117 331 sanctissimam
1144 295 1210 331 lia-
1224 296 1314 328 U.C·
1333 301 1406 332 5⁵7·

101 356 222 395 beatis.
281 359 399 399 Quum
426 370 481 393 me
508 359 582 406 ipse
608 359 757 406 respexi,
779 370 857 394 eum
876 370 947 394 csse
961 370 1077 406 spero,
1099 361 1157 395 cui
1175 342 1259 396 (ἑὲ-Α·
1274 339 1310 372 C'
1331 346 1416 374 ¹⁹⁵⁶*

97 424 252 471 publice,
271 424 364 459 sicut
382 424 505 458 ceteris
530 423 822 466 Lacedaemoniis,
844 423 1019 459 vobiscum
1047 425 1208 461 vetustis-

98 488 226 522 simum
233 486 358 535 foedus
374 488 445 522 sit:
474 491 509 522 et
527 498 603 522 meo
621 489 761 523 nomine
774 488 949 536 privatim
976 488 1138 523 amicitia
1166 501 1210 525 ac

97 553 258 594 societas,
278 563 392 600 nuper
410 551 577 600 Philippi
596 552 686 588 bello
705 558 888 590 renovata.
944 553 996 588 At
1024 554 1116 588 enim
1145 564 1221 601 ego·

96 627 175 652 eam
193 617 326 652 violavi
345 621 379 652 et
398 619 521 659 everti,
542 619 637 665 quod
656 619 875 665 Argivorum
894 618 1072 654 civitatem
1094 622 1207 656 teneo.

99 680 285 721 Quomodo
305 681 369 717 hoc
389 686 491 717 tuear
504 683 525 717 ‚9
552 694 602 723 re,
623 694 671 718 an
690 683 879 730 tempore?
925 682 996 718 Res
1023 681 1113 718 milii
1141 683 1208 718 du-

92 745 226 792 plicem
255 744 490 794 defensionem
518 746 652 793 praebet
668 762 680 782 .·
707 759 792 782 nam
821 750 867 789 et,
892 747 978 794 ipsis
1005 746 1210 782 vocantibus

97 821 141 844 ac
169 810 399 852 tradentibus,
429 810 550 846 urbem
578 822 656 845 eam
684 812 818 858 accepi,
848 822 918 846 non
947 811 1145 859 occupavi:
1173 814 1208 846 et

96 876 231 922 accepi,
258 887 366 922 quiem
396 876 561 924 Philippi
586 878 760 924 partium,
788 889 859 912 non
887 878 924 913 in
951 881 1069 912 vestra
1095 878 1207 913 socie-

97 942 172 973 tate
199 945 295 976 esset.
358 941 511 987 Tempus
535 946 654 977 autem
674 953 713 977 eo
732 953 787 978 me
807 942 947 984 liberat,
968 942 1075 989 quod,
1097 953 1208 989 quum

86 1001 170 1049 jam
188 1004 305 1051 Argos
329 1004 505 1047 haberem,
524 1006 673 1041 societas
700 1006 788 1041 mihi
815 1005 990 1042 vobiscum
1019 1007 1179 1042 convenit
1194 1020 1208 1043 .-

94 1073 142 1111 et,
163 1074 203 1104 ut
221 1069 315 1105 vobis
334 1071 508 1105 mitterem
536 1071 585 1105 ad
611 1070 741 1105 bellum
770 1071 919 1112 auxilia,
940 1082 1011 1105 non
1039 1075 1081 1106 ut
1098 1071 1208 1118 Argis

91 1134 299 1182 praesidium
328 1135 547 1176 deducerem,
577 1136 773 1182 pepigistis.
830 1135 894 1177 At,
922 1135 1068 1177 Hercle,
1098 1136 1136 1170 in
1164 1147 1208 1171 ea

93 1200 343 1241 controversia,
365 1211 442 1246 quce
460 1201 502 1235 (Ie
520 1200 629 1246 Argis
654 1204 717 1241 est,
737 1200 899 1247 superior
925 1211 1003 1235 sum
1032 1204 1068 1234 et
1095 1201 1206 1247 eequi-

96 1267 170 1298 tate
187 1263 253 1304 rei,
274 1263 369 1311 quod
387 1275 456 1298 non
483 1267 637 1298 vestram
665 1263 798 1305 urbem,
818 1264 878 1299 secl
906 1263 1059 1299 hostiurn
1071 1279 1084 1306 ,·
1114 1263 1208 1311 quod

95 1328 283 1370 volentem,
313 1339 382 1363 non
411 1329 447 1363 vi
479 1332 652 1370 coactam,
683 1329 803 1375 accepi
818 1345 830 1371 ,-
860 1332 895 1364 et
922 1331 1039 1363 vestra
1067 1327 1207 1376 confes-

93 1393 201 1433 sione,
223 1392 318 1439 quod
346 1393 383 1427 in
411 1391 665 1428 conditionibus
682 1393 860 1427 societatis
877 1392 966 1427 mihi
984 1393 1101 1439 Argos
1118 1392 1206 1428 reli·

93 1456 227 1503 quistis.
287 1455 448 1490 Ceterum
467 1467 592 1490 nomen
614 1457 757 1503 tyranni
778 1455 932 1503 etfacta
950 1467 1006 1491 me
1020 1461 1204 1504 premunt,

94 1519 187 1566 quod
213 1530 330 1554 servos
349 1520 397 1554 ad
424 1519 622 1554 libertatem
641 1531 738 1560 voco,
761 1520 854 1567 quod
873 1521 909 1554 in
932 1531 1037 1566 agros
1062 1521 1205 1568 inopem

88 1583 227 1632 plebem
256 1584 401 1620 deduco.
458 1583 519 1619 De
546 1585 687 1619 nomine
716 1584 780 1619 hoc
807 1584 1019 1631 respondere
1044 1596 1202 1632 possum,

92 1660 160 1690 me,
182 1650 447 1696 qualiscumque
464 1660 555 1690 sum,
576 1649 738 1684 eumdem
759 1660 840 1690 esse,
862 1650 923 1696 qui
934 1647 1013 1696 fui,
1035 1661 1144 1696 quum
1165 1653 1205 1685 tu

92 1714 166 1760 ipse
193 1725 341 1755 mecum,
379 1713 417 1748 T.
448 1712 607 1754 Quincti,
637 1713 840 1747 societatem
868 1713 1048 1759 pepigisti.
1113 1713 1204 1748 Tum

0 1771 5 1798 =⁴
91 1788 147 1812 me
173 1788 291 1824 regem
319 1777 499 1824 adpellari
519 1788 541 1811 a
562 1776 656 1811 vobis
684 1777 856 1811 memini:
885 1787 979 1810 nunc
1009 1780 1203 1823 tyrannum

91 1843 212 1877 vocari
239 1842 350 1877 video.
412 1841 537 1888 Itaque
558 1842 588 1876 si
607 1852 670 1888 ego
689 1852 814 1876 nomen
834 1841 977 1888 imperii
996 1845 1200 1886 mutassem,

89 1905 179 1940 mihi
198 1917 283 1940 meoe
302 1906 570 1947 inconstantioe5
601 1916 710 1952 quum
736 1916 798 1939 vos
825 1905 982 1946 mutetis,
1003 1904 1098 1940 cobis
1125 1916 1201 1941 ves-

92 1974 157 2005 ἱνα»
173 1970 356 2006 reddenda
374 1971 468 2005 ratio
486 1974 548 2005 est.
608 1969 711 2009 Quod
739 1969 788 2003 ad
812 1969 1076 2004 multitudinem
1095 1972 1204 2005 servis

94 2033 283 2070 liberandis
301 2040 458 2076 auctam,
479 2039 513 2069 et
531 2032 711 2080 egentibus
730 2034 881 2068 divisum
900 2045 1026 2080 agrum
1047 2035 1200 2075 adtinet,

85 2110 230 2146 possum
249 2100 391 2146 quidem
410 2104 443 2134 et
462 2100 498 2134 in
518 2098 582 2133 hoc
600 2109 655 2133 me
663 2097 748 2143 jure
767 2098 936 2144 temporis
955 2100 1079 2133 tutari.
1113 2098 1203 2134 Jam

80 2161 245 2211 feceram
283 2163 368 2205 hoec,
408 2163 680 2210 qualiacumque
714 2166 809 2203 sunt,
848 2173 955 2208 quum
997 2163 1202 2200 societatem

91 2239 227 2263 mecum
251 2229 452 2276 pepigistis,
473 2232 507 2263 et
535 2227 673 2262 auxilia
697 2228 734 2262 in
759 2226 850 2261 bello
869 2226 1037 2261 adversus
1056 2226 1200 2274 Philip-

86 2302 176 2338 pum
203 2292 398 2340 accepistis.
456 2291 529 2327 Sed
556 2292 587 2326 si
613 2302 706 2327 nunc
735 2301 778 2325 ea
795 2289 977 2337 fecissem,
1008 2302 1078 2325 non
1108 2291 1199 2331 dico,

91 2356 177 2403 quid
197 2357 233 2392 in
252 2368 291 2393 eo
311 2368 370 2393 vos
389 2358 563 2400 laesissem,
584 2360 649 2391 aut
671 2360 825 2392 vestram
845 2356 1041 2391 amicitiam
1067 2356 1201 2391 violas*

606 2418 691 2456 X6
