1507 2656
290 221 446 253 mnan
467 218 658 251 xxv111.
691 216 798 249 cn.
820 203 992 250 xxxv(
1109 218 1193 265 133

74 312 252 350 teriorem
276 310 504 362 Hispaniam
531 308 741 360 praemissO,
772 307 903 345 Silano
930 307 1185 346 Tarraconem
1201 313 1243 346 U.
1256 314 1293 345 C.
1311 316 1389 347 54&

74 378 245 420 remisso,
273 387 413 426 paucos
443 380 611 410 moratus
641 373 735 416 dies,
756 373 845 409 dum
872 373 1096 423 imperatam
1122 386 1190 424 pe-

73 442 223 476 cuniam
241 440 420 488 Ilergetes
441 445 765 490 pernumerarent,
780 451 865 474 cum
881 439 1067 488 expeditis
1082 439 1193 477 Mar-

73 506 173 540 cium
186 504 269 554 jam
288 504 657 554 adpropinquantem
677 515 822 539 oceano
842 502 1073 551 adsequitur.

126 568 299 605 XXXV.
328 568 516 604 Inchoata
531 580 589 604 res
603 567 687 617 jam
706 572 795 603 ante
811 567 857 602 de
875 566 1086 603 Masinissa
1105 567 1191 604 aliis

70 638 184 681 atque
203 632 284 668 aliis
305 632 349 668 de
369 632 510 668 caussis
532 632 650 667 dilata
670 638 764 675 erat,
786 632 890 680 quod
915 631 1084 668 Numida
1105 643 1191 668 cum

71 697 155 746 ipso
185 697 316 745 utique
343 697 522 744 congredi
557 696 735 745 Scipione
768 695 936 738 volebat,
969 701 1082 745 atque
1109 695 1190 745 ejus

72 762 204 799 dextra
223 763 332 799 fidem
353 764 521 799 sancire:
555 775 599 798 ea
627 769 709 797 tum
738 762 885 797 itineris
904 768 983 798 tam
1012 762 1117 811 longi
1146 774 1190 798 ac

1199 361 1240 391 A.
1255 358 1290 389 C.
1305 363 1387 391 206.

72 836 150 864 tam
185 828 280 864 devii
314 840 446 863 caussa
484 828 653 877 Scipioni
691 827 776 863 fuit.
831 827 1039 863 Masinissa
1072 839 1188 876 quum
1203 835 1390 866 Masinissa:

73 892 242 927 Gadibus
265 897 376 933 esset,
400 892 538 926 certior
559 891 761 926 adventare
782 903 868 926 eum
897 904 917 926 a
937 890 1088 926 Marcio
1107 890 1186 926 fac-

1198 884 1229 907 et
1245 878 1368 917 Scipio-

1199 930 1247 950 nis
1262 921 1375 950 conlo-

71 963 146 998 tus,
169 955 378 991 caussando
407 956 606 1004 conrumpi
636 968 752 1003 equos
784 955 951 991 inclusos
980 956 1017 990 in
1048 954 1185 997 insula,
1198 964 1326 1003 quium.

71 1021 340 1070 penuriamque
370 1020 539 1054 omnium
571 1032 694 1054 rerum
729 1026 766 1055 et
803 1020 928 1055 facere
963 1021 1112 1062 ceteris,
1151 1027 1189 1055 et

70 1085 171 1134 ipsos
206 1084 360 1126 sentire,
393 1084 439 1119 ad
473 1084 544 1119 hoc
575 1084 740 1132 equitem
770 1096 1001 1120 marcescere
1031 1084 1187 1127 desidia,

69 1148 278 1196 Magonem
308 1147 485 1197 perpulit,
517 1154 556 1182 ut
586 1160 625 1183 se
655 1147 830 1197 trajicere
856 1148 896 1183 in
927 1148 1188 1184 continentem

70 1213 116 1249 ad
137 1212 420 1262 depopulandos
451 1213 645 1261 proximos
668 1212 867 1262 Hispaniae
897 1224 1008 1260 agros
1038 1217 1187 1261 patere-

68 1284 141 1313 tur.
197 1277 471 1325 Transgressus
493 1284 567 1312 tres
589 1277 777 1326 principes
807 1276 1060 1312 Numidarum
1089 1289 1186 1326 prae-

69 1342 201 1384 mittit,
223 1342 268 1377 ad
288 1347 435 1390 tempus
456 1341 656 1389 locumque
684 1341 891 1389 conloquio
916 1341 1183 1385 statuendum,

69 1406 162 1441 duos
193 1418 262 1455 pro
292 1405 486 1442 obsidibus
520 1406 674 1441 retineri
701 1419 723 1441 a
752 1406 929 1455 Scipione
956 1404 1094 1454 jubet:
1128 1418 1186 1440 re-

68 1471 183 1506 misso
205 1471 332 1512 tertio,
354 1471 431 1518 qui,
454 1482 529 1518 quo
546 1469 676 1518 jussus
708 1475 801 1511 erat,
833 1469 1036 1504 adduceret
1063 1468 1185 1504 Masi-

68 1535 221 1576 nissam,
244 1547 329 1569 cum
358 1535 486 1583 paucis
515 1535 554 1569 in
584 1533 829 1581 conloquium
855 1540 1051 1569 venerunt.
1111 1534 1182 1569 Ce-

67 1597 379 1648 periitja111a11te
408 1597 615 1632 Numidam
643 1610 688 1632 cx
718 1597 820 1632 fama
839 1609 963 1632 rerum
993 1604 1183 1645 gestarum

68 1662 268 1698 admiratio
287 1662 356 1696 viri
374 1675 380 1695 :
414 1661 736 1708 substitueratque
757 1661 883 1696 animo
905 1661 1067 1709 speciem
1088 1674 1183 1709 quo-

68 1739 139 1774 que
161 1726 329 1774 corporis
351 1724 515 1774 amplam
546 1737 588 1760 ac
609 1723 848 1772 magnificam
867 1739 873 1760 :
907 1731 1072 1760 ceterum
1102 1739 1182 1762 ma-

61 1792 126 1842 jor
145 1792 339 1841 praesentis
360 1792 553 1827 veneratio
581 1793 704 1841 cepit,
738 1798 787 1835 et,
812 1797 1061 1841 praeterquam
1082 1792 1183 1839 quod

67 1862 199 1906 suapte
219 1862 355 1892 natura
374 1855 492 1891 multa
508 1855 685 1905 majestas
707 1857 843 1899 inerat,
861 1855 1073 1891 adornabat
1092 1868 1180 1905 pro-

66 1922 181 1957 missa
200 1921 384 1962 caesaries,
398 1920 626 1969 habitusque
643 1921 812 1970 corporis
834 1933 911 1956 non
932 1919 1054 1955 cultus
1070 1932 1182 1955 mun-

66 1985 181 2027 ditiis,
203 1984 267 2020 sed
285 1984 401 2020 virilis
423 1996 506 2019 vere
536 1997 578 2019 ac
602 1984 789 2027 militaris,
811 1990 848 2019 et
869 1990 958 2019 aetas
988 1984 1026 2019 in
1056 1984 1181 2019 medio

64 2050 198 2085 virium
219 2049 380 2093 robore3
413 2048 514 2097 quod
543 2048 690 2097 plenius
720 2048 950 2096 nitidiusque
971 2059 1016 2083 ex
1045 2046 1180 2082 morbo

64 2113 167 2149 velut
187 2118 387 2148 renovatus
408 2112 476 2147 flos
490 2110 660 2160 juventae
680 2111 857 2147 faciebat.
915 2111 1040 2160 Prope
1069 2110 1179 2146 adto-

65 2177 166 2213 nitus
188 2178 270 2226 ipso
291 2189 495 2225 congressu
513 2175 697 2219 Numida,
726 2177 864 2223 gratias
883 2177 926 2211 cle
941 2175 1079 2223 fratris
1093 2175 1180 2223 filio

66 2244 210 2277 remisso
230 2243 317 2289 agit.
375 2242 432 2276 Ex
451 2253 491 2276 eo
512 2246 679 2288 tempore,
711 2240 897 2282 adfirmat,
919 2251 998 2275 eam
1025 2251 1060 2274 se
1086 2251 1181 2285 (μια-

64 2308 148 2341 sisse
166 2308 394 2349 occasionem,
416 2318 524 2354 quam
548 2306 691 2341 tandem
717 2306 874 2340 oblatam
893 2303 1017 2340 Dez'lm
1047 2305 1180 2339 inmor-

54 2370 376 2421 zaliur12benffcz'o
398 2383 469 2410 non
488 2372 658 2410 omiserit.
717 2370 853 2419 Cupere
880 2381 915 2407 se
944 2370 999 2407 illi
1023 2367 1181 2418 populo.-
