1523 2666
281 166 367 219 466
738 179 785 210 τ.
808 179 944 210 ιινιι

88 264 180 296 U·C·
200 273 274 304 ⁵⁵7·
287 270 381 306 crati
400 267 629 314 Pellenensi,
650 282 734 307 cum
756 270 858 307 mille
877 271 1118 308 mercenariis
1141 269 1340 317 militibus,
1360 277 1399 309 et

88 309 130 342 A.
144 309 182 341 C.
202 317 274 344 195.

88 466 190 498 Nabis

87 510 258 551 conloqui-

90 562 147 584 um
163 556 251 596 petit.

81 1688 225 1728 Tyranni

83 1740 193 1765 oratio.

285 333 435 371 duobus
454 334 621 372 millibus
642 336 884 385 Argivorum,
904 335 1222 373 Lacedaemonem
1240 336 1288 374 ad
1314 336 1399 374 Na-

285 397 352 435 bin
371 399 487 435 venit.

339 462 477 500 XXX.
505 462 644 506 Nabis,
661 463 757 499 sicut
776 464 899 513 primo
916 465 1079 501 adventu
1097 464 1285 502 Romanae
1302 464 1398 501 clas-

286 528 335 564 sis
356 535 394 565 et
419 528 625 565 traditione
655 529 881 579 oppidorum
911 531 1108 567 maritimae
1138 544 1214 567 orae
1244 535 1397 567 conter-

283 593 377 628 ritus
399 600 493 636 erat‚
514 593 582 636 sic,
603 606 718 643 parva
737 606 802 643 spe
821 607 937 643 quum
967 595 1231 644 adquievisset,
1253 595 1398 644 Gythio

284 656 332 692 ab
353 657 428 693 suis
449 662 614 701 retento,
635 664 838 707 postquam
867 659 905 695 id
925 672 1075 708 quoque
1103 659 1285 695 traditum
1314 658 1398 694 Ro-

282 721 404 756 manis
435 721 577 757 audivit
608 734 702 765 csse,
724 734 841 770 quum
869 722 916 758 ab
946 729 1060 766 terra,
1091 721 1268 758 omnibus
1298 722 1399 758 circa

282 783 473 828 hostibus,
494 785 590 822 nihil
619 786 698 835 spei
719 793 830 829 esset,
852 800 874 822 a
893 787 987 824 mari
1007 798 1157 836 quoque
1174 791 1320 822 totose
1339 785 1398 820 iu-

282 849 501 893 terclusum,
533 850 740 886 cedendum
769 850 934 887 fortunae
963 858 1081 895 ratus,
1109 852 1398 888 caduceatorem

280 913 445 963 primum
464 914 502 950 in
524 922 647 951 castra
667 915 769 951 misit
789 915 835 951 ad
856 915 1144 966 explorandum,
1165 916 1196 951 si
1218 921 1395 966 pateren—

280 984 343 1014 tur
359 978 505 1028 legatos
526 981 572 1016 ad
593 993 631 1017 se
652 982 753 1017 mitti
772 996 778 1016 :
812 994 887 1030 qua
906 982 1096 1031 inpetrata
1124 994 1178 1024 re,
1200 980 1396 1030 Pythago-

279 1055 339 1079 ras
361 1044 407 1079 ad
427 1044 694 1094 imperatorem
714 1046 830 1088 venit,
850 1045 962 1081 nullis
983 1058 1067 1082 cum
1089 1045 1170 1082 aliis
1192 1044 1394 1087 mandatis,

279 1119 391 1156 quam
415 1114 455 1143 ut
477 1115 641 1157 tyranno
671 1109 848 1158 conloqui
880 1123 964 1145 cum
994 1110 1223 1160 imperatore
1252 1108 1395 1144 liceret.

278 1172 452 1208 Consilio
490 1173 689 1216 advocato,
728 1186 843 1222 quum
891 1187 1023 1210 omnes
1061 1174 1225 1210 dandum
1262 1171 1395 1208 conlo-

277 1237 409 1286 quium
439 1238 687 1280 censuissent,
713 1238 791 1273 dies
821 1237 1002 1287 locusque
1030 1238 1289 1275 constituitur.
1347 1236 1394 1272 In

276 1300 410 1337 mediae
431 1301 596 1350 regionis
616 1300 797 1344 tumulos,
815 1302 973 1338 modicis
994 1303 1112 1353 copiis
1134 1300 1393 1351 sequentibus,

277 1376 393 1413 quum
423 1365 628 1406 venissent,
660 1364 800 1400 relictis
835 1364 889 1400 ibi
925 1365 963 1401 in
994 1366 1160 1401 statione
1190 1371 1394 1414 conspecta

278 1428 468 1477 utrimque
489 1429 724 1471 cohortibus,
746 1429 868 1466 Nabis
890 1443 975 1466 cum
995 1430 1149 1466 delectis
1170 1430 1391 1466 custodibus

278 1493 462 1542 corporis,
485 1494 688 1533 Quinctius
709 1507 793 1530 cum
820 1494 937 1531 fratre
967 1501 1004 1531 et
1032 1495 1205 1531 Eumene
1233 1507 1334 1543 rege,
1356 1500 1394 1529 et

279 1556 429 1592 Sosilao
458 1556 630 1600 Rhodio,
662 1564 700 1594 et
727 1558 920 1594 Aristaeno
949 1559 1179 1595 Achaeorum
1212 1566 1390 1608 praetore,

278 1622 515 1671 tribunisque
537 1622 698 1659 militum
719 1624 848 1673 paucis
870 1624 1073 1661 descendit.

332 1686 490 1723 XXXI.
522 1687 581 1723 Ibi
612 1688 809 1736 permisso,
842 1694 896 1731 ut,
928 1701 993 1724 seu
1023 1688 1146 1726 dicere
1178 1689 1295 1739 prius,
1326 1700 1392 1724 seu

277 1751 405 1787 audire
437 1750 578 1793 mallet,
599 1751 652 1786 ita
681 1752 798 1801 coepit
826 1763 1021 1800 tyrannus,
1082 1754 1123 1789 Si
1150 1755 1222 1802 ipse
1238 1765 1304 1801 per
1324 1765 1391 1795 me,

284 1816 323 1851 T.
357 1816 515 1857 Quincti,
545 1828 685 1863 vosque,
716 1817 778 1863 qui
812 1817 954 1859 adestis,
986 1829 1146 1853 caussam
1177 1819 1391 1865 excogitare,

278 1892 341 1915 cur
370 1880 458 1915 milei
488 1885 551 1915 aut
581 1881 792 1915 imlixissetis
820 1880 962 1923 bellum,
994 1887 1059 1917 aut
1089 1882 1281 1930 offerretis,
1307 1895 1392 1931 pos-

278 1956 371 1981 sem.-
396 1946 525 1979 tacitus
544 1950 703 1980 eventum
714 1944 880 1992 fortmzoe
899 1958 983 1981 πιθα
1002 1951 1272 1994 exspectassem:
1299 1960 1393 1983 nunc

280 2012 456 2058 imperare
475 2013 594 2047 animo
614 2013 767 2059 nequivi,
789 2014 886 2060 quin,
907 2014 1117 2060 priusquam
1141 2015 1309 2061 perirem,
1331 2027 1393 2050 cur

277 2077 461 2123 periturus
490 2088 607 2118 essem,
628 2078 765 2113 scirem.
821 2077 885 2118 Et,
906 2077 1077 2120 Hercule,
1098 2080 1128 2113 si
1155 2078 1246 2129 tales·
1261 2081 1393 2121 essetis,

280 2141 404 2187 quales
432 2152 501 2176 csse
531 2140 849 2187 Koresa-&ginienses
865 2141 979 2189 fama
998 2145 1062 2184 est,
1084 2144 1182 2189 apud
1201 2154 1286 2190 quos
1304 2142 1395 2178 nihil

278 2205 457 2240 societatis
463 2205 560 2253 fides
577 2206 694 2240 sancti
714 2205 879 2249 haberem
910 2207 947 2241 in
966 2217 1022 2241 me
1041 2218 1177 2254 quoque
1195 2206 1289 2242 vohis
1308 2208 1395 2255 quid

268 2267 446 2316 faceretis
463 2270 579 2304 minus
600 2271 702 2317 pensi
720 2282 802 2312 esse,
823 2282 895 2306 non
920 2272 1085 2307 mirarer.
1142 2271 1262 2314 Nunc,
1283 2283 1393 2319 quum

276 2343 338 2368 vos
358 2332 510 2377 intueor,
532 2333 714 2371 Romanos
739 2347 808 2371 esse
836 2336 951 2380 video,
973 2336 1033 2386 qui
1052 2347 1171 2373 rerum
1191 2336 1394 2374 divinarum
