1523 2666
85 225 177 255 U.C.
193 230 265 255 543.

85 269 264 300 A.C.209-

280 130 332 171 14
739 128 786 158 T.
808 130 941 160 mvn:

279 231 397 254 remes
418 230 465 254 ex
495 217 623 254 Sicilia
649 218 858 255 Tarentum
887 221 934 256 ad
951 219 1172 259 QFabium
1203 216 1395 256 consulem

279 284 380 320 mitti
393 282 534 332 jussaex
568 289 692 318 cetera
712 282 830 319 classe
849 284 1057 333 praedatum
1082 286 1120 320 in
1140 285 1309 320 Africam
1330 289 1396 320 aut

279 347 401 396 ipsum
422 346 478 382 M.
491 345 684 381 Valerium
705 346 900 382 Laevinum
918 347 1116 397 trajicere;
1149 353 1214 383 aut
1230 347 1395 389 mittere,

280 423 346 446 seu
373 409 418 446 L.
433 410 621 451 Cincium,
644 422 710 445 seu
735 410 790 445 M.
806 410 997 446 Valerium
1024 410 1256 446 Messallam.
1314 409 1398 444 Nec

280 474 326 510 de
356 473 545 523 Hispania
564 473 768 521 quidquam
798 480 1000 517 mutatum,
1028 475 1100 510 nisi
1121 474 1221 523 quod
1252 486 1330 509 non
1358 473 1399 508 in

280 549 421 573 annum
452 536 621 585 Scipioni
651 536 869 585 Silanoque‚
900 537 978 580 sed,
1006 537 1127 574 donec
1155 537 1321 573 revocati
1351 535 1399 572 ab

280 606 414 635 senatu
434 599 574 641 forent,
600 607 844 647 prorogatum
874 601 1069 650 imperium
1099 607 1168 636 est.
1228 601 1286 636 lta
1311 611 1399 649 pro-

278 664 411 698 vinciae
427 664 735 711 exercituumque
754 664 793 700 in
809 676 893 699 eum
914 677 1055 700 annum
1073 665 1212 714 partita
1228 663 1397 712 imperia.

331 726 444 762 VIII.
475 727 581 762 Inter
596 726 784 776 majorum
804 740 927 763 rerum
945 741 1051 764 curas
1072 728 1228 764 comitia
1243 727 1399 762 maximi

278 791 459 833 curionis,
481 803 596 839 quum
616 792 655 826 in
673 790 799 826 locum
818 791 874 827 M.
888 791 1037 827 AEmilii
1058 791 1231 827 sacerdos
1253 802 1398 826 creare-

280 861 482 897 tur‚rvetus
504 855 763 889 excitaverunt
785 861 1000 900 certamen5
1035 855 1202 904 patriciis
1222 854 1398 901 neganti-

280 916 350 953 bus
382 917 600 953 C.Mamilii
630 917 765 960 vituli,
796 918 859 966 qui
891 931 984 954 unus
1015 928 1062 954 ex·
1091 917 1201 968 plebe
1229 917 1397 967 petebat,

281 982 496 1018 habendam
515 983 703 1018 rationem
729 995 823 1025 esse,
845 984 933 1032 quia
959 997 1071 1020 nemo
1091 989 1179 1020 ante
1206 996 1305 1026 eum,
1326 983 1401 1018 nisi

282 1057 327 1080 ex
349 1046 540 1087 Patribus,
562 1046 597 1081 id
617 1046 870 1082 sacerdotium
890 1048 1095 1084 habuisset.
1151 1046 1312 1083 Tribuni
1333 1046 1399 1082 ad-

280 1109 409 1160 pellati
439 1109 485 1144 ad
511 1116 683 1145 senatum
712 1109 936 1158 reiecerunt.
995 1112 1154 1147 Senatus
1175 1109 1306 1160 populi
1329 1123 1398 1159 po-

283 1178 459 1208 testatem
478 1172 579 1208 fecit.
638 1172 698 1208 Ita
724 1175 866 1223 primus
894 1188 940 1210 ex
966 1175 1075 1225 plebe
1104 1180 1251 1210 creatus
1280 1174 1400 1210 maxi-

282 1250 364 1273 mus
392 1239 497 1273 curio
525 1238 777 1274 C.Mamilius
800 1239 962 1275 vitulus.
1019 1240 1070 1274 Et
1089 1239 1278 1274 flaminem
1305 1237 1400 1273 Dia-

280 1301 354 1338 lem
382 1303 540 1337 invitum
574 1303 790 1350 inaugurari
820 1304 946 1351 coegit
971 1303 1197 1338 P.Liciuius
1227 1301 1404 1351 pontifex

280 1367 466 1402 maximus
502 1367 545 1401 C.
568 1366 763 1402 Valerium
800 1367 990 1403 Flaccum.
1047 1367 1250 1402 Decemvir
1286 1366 1401 1401 sacris

281 1429 468 1466 faciundis
490 1437 634 1466 creatus
656 1432 694 1466 in
714 1431 838 1467 locum
860 1433 907 1471 Q.
922 1431 1043 1467 Mucii
1059 1431 1235 1467 Scaevolae
1252 1430 1401 1466 demor-

282 1495 339 1529 tui
360 1495 401 1529 C.
417 1494 618 1531 L‘aetorius.
678 1496 860 1531 Caussam
888 1496 1106 1544 inaugurari
1132 1496 1255 1531 coacti
1277 1495 1399 1531 flami-

281 1559 338 1594 nis
368 1558 489 1594 libens
520 1560 769 1601 reticuissem,
797 1561 836 1595 ni
866 1573 913 1596 ex
942 1559 1042 1595 mala
1060 1559 1162 1596 fama
1190 1560 1227 1595 in
1258 1560 1399 1597 bonam

280 1623 466 1658 vertisset.
525 1622 585 1658 Ob
618 1623 913 1659 adolescentiam
942 1623 1199 1672 negligentem
1229 1624 1399 1660 luxurio-

280 1699 436 1734 samque
457 1687 499 1721 C.
514 1686 670 1723 Flaccus
692 1687 827 1723 flamen
849 1694 980 1736 captus
1001 1701 1023 1724 a
1043 1688 1084 1724 P.
1099 1688 1250 1723 Licinio
1271 1690 1398 1737 ponti-

281 1749 351 1785 fice
380 1751 546 1785 maximo
576 1758 669 1792 erat,
694 1750 740 1786 L.
756 1750 892 1787 Flacco
913 1752 1021 1787 fratri
1050 1764 1231 1800 germano
1258 1765 1401 1801 cogna-

282 1814 405 1861 tisque
432 1813 513 1849 aliis
535 1814 584 1849 ob
606 1814 735 1850 eadem
763 1816 853 1850 vitia
880 1816 1034 1852 invisus.
1091 1816 1143 1858 Is,
1167 1822 1207 1851 ut
1234 1817 1401 1852 animum

281 1874 362 1926 ejus
393 1890 482 1912 cura
512 1890 705 1912 sacrorum
735 1884 771 1913 et
797 1880 1095 1915 ceremoniarum
1126 1881 1239 1929 cepit,
1260 1881 1313 1915 ita
1343 1893 1401 1916 re—

279 1948 393 1990 pente
413 1941 516 1976 exuit
538 1942 713 1990 antiquos
743 1955 881 1986 moi·eS‚
905 1950 944 1979 ut
965 1957 1076 1979 nemo
1097 1950 1179 1980 tota
1197 1943 1401 1993 juventute

278 2004 483 2040 haberetur
512 2005 628 2054 prior,
661 2018 729 2041 nec
756 2006 953 2056 probatior
980 2008 1208 2057 primoribus
1229 2008 1400 2051 Fratrum,

278 2071 355 2106 suis
376 2072 516 2120 pariter
536 2072 757 2121 alienisque,
780 2080 888 2109 essct.
937 2072 1064 2122 Hujus
1084 2073 1194 2109 famae
1215 2085 1401 2109 consensu

278 2133 402 2170 elatus
424 2135 470 2171 ad
491 2135 636 2185 justam
658 2136 832 2172 fiduciam
852 2138 924 2180 sui,
946 2150 1024 2172 rem
1054 2137 1306 2172 intermissam
1333 2149 1400 2186 per

277 2201 421 2237 multos
442 2215 562 2238 annos
584 2202 634 2238 ob
655 2203 923 2252 indignitatem
940 2203 1134 2239 flaminum
1153 2204 1322 2253 priorum
1341 2215 1400 2239 re·

277 2265 427 2314 petivit,
443 2272 485 2302 ut
504 2267 545 2303 in
564 2273 739 2304 senatum
759 2268 947 2305 introiret.
995 2267 1213 2315 Ingressum
1231 2280 1315 2304 eum
1331 2280 1397 2304 cu-
