1507 2656
377 201 533 231 LIBER
556 200 735 229 xxxlv.
769 200 877 229 CAP.
904 200 962 229 11.
1146 199 1231 246 435

118 290 297 340 gistratus
318 289 420 327 adire
440 295 478 326 et
496 301 632 338 rogare
651 287 842 325 audebant
858 303 865 324 ι
889 295 1057 325 ceterum
1076 290 1232 327 minime
1247 296 1287 326 U.
1303 297 1342 329 C.
1356 302 1431 336 ⁵⁵7·

117 354 350 391 exorabilem
382 353 542 390 alterum
579 354 710 402 utique
747 352 943 389 consulem
974 353 1031 390 M.
1052 353 1232 392 Porcium
1244 340 1285 371 A·
1302 341 1339 371 C·
1357 349 1429 377 ¹⁹⁵·

117 418 304 455 Catonem
326 417 534 462 habebant,
559 417 623 467 qui
644 429 714 468 pro
733 416 832 466 lege,
854 430 937 467 qnae
957 417 1230 468 abrogabatur,

115 483 171 520 ita
189 483 375 520 disseruit.

166 547 221 585 Π.
251 548 293 585 Si
311 550 348 585 in
365 561 431 585 sua
450 549 597 598 quisque
621 545 782 584 nostram
806 552 926 584 matre
940 546 1115 597 familioe,
1142 549 1231 591 Qui·
1246 555 1355 585 Oratio
1367 555 1431 587 Ca-

112 613 211 657 rites,
222 611 286 659 jus
304 618 339 650 et
356 612 580 660 majestatem
601 614 672 649 viri
695 614 848 649 retinere
872 614 1095 657 instituisset,
1115 615 1233 651 minus
1244 600 1444 684 iggisgligia.

113 688 195 713 cum
221 679 395 714 universis
415 677 565 728 feminis
592 679 726 725 negotii
752 676 983 714 haberemus:
1017 690 1112 715 nunc
1136 680 1233 715 domi

111 742 207 778 victa
224 742 368 780 libertas
393 748 516 780 nostra
537 744 737 791 inpotentia
761 743 938 785 muliebri,
959 742 1017 779 liic
1036 755 1174 792 quoque
1196 745 1233 780 in

102 807 194 858 foro
217 807 391 845 obteritur
412 814 447 845 et
476 809 663 852 cah-atur,-
692 812 740 850 et,
768 809 854 856 quia
880 808 1041 855 singulas
1061 810 1234 845 sustinere

108 885 181 909 non
202 875 399 922 potuimus,
420 875 601 910 universas
619 873 812 909 horremus.
869 873 1047 921 Equidem
1055 872 1233 922 fabulam

109 942 146 973 et
150 939 283 987 fictam
301 951 376 974 rem
395 939 565 976 ducebam
579 950 662 982 esse,
682 939 839 974 virorum
856 950 958 974 omne
973 950 1085 986 genus
1104 941 1140 974 in
1157 939 1229 975 ali-

110 1014 183 1051 qua
210 1003 330 1039 insula
363 996 610 1050 conjuratione
642 1003 808 1039 muliebri
837 1003 880 1039 ab
910 1005 1022 1052 stirpe
1048 1004 1231 1040 sublatum

108 1079 188 1104 esse.
245 1068 300 1104 Ab
317 1069 419 1105 nullo
444 1080 574 1116 genere
594 1080 665 1105 non
689 1080 868 1104 summum
890 1069 1091 1116 periculum
1113 1074 1178 1111 est,
1198 1069 1230 1104 si

109 1138 229 1177 coetus,
254 1139 289 1171 et
316 1135 480 1177 concilia,
501 1139 536 1170 et
556 1138 708 1170 secretas
732 1134 1010 1170 consultationes
1028 1145 1099 1170 esse
1116 1135 1228 1173 sinas.

108 1201 229 1248 Atque
256 1211 320 1248 ego
348 1202 407 1236 vix
434 1204 592 1236 statuere
616 1200 715 1247 apud
744 1200 904 1234 animum
927 1210 1041 1235 meum
1065 1212 1225 1247 possum,

107 1269 230 1300 utrum
245 1264 347 1313 pejor
361 1266 441 1313 ipsa
458 1276 526 1306 res,
548 1275 594 1299 an
610 1262 733 1312 pejore
752 1263 911 1310 exemplo
930 1268 1076 1310 agatur.
1127 1264 1225 1305 Quo-

104 1341 188 1365 rum
208 1330 362 1366 alterum
388 1330 436 1365 ad
460 1340 524 1364 nos
553 1328 709 1364 consules
731 1328 952 1375 reliquosque
976 1328 1225 1374 magistratus,

107 1396 261 1431 alterum
280 1395 329 1431 ad
347 1407 420 1437 vos,
441 1394 610 1436 Quirites,
631 1394 746 1440 magis
761 1393 983 1441 pertineret:
1002 1405 1087 1428 nam
1102 1398 1227 1430 utrum

106 1472 125 1495 e
148 1460 330 1508 republica
357 1461 417 1503 sit,
444 1471 564 1502 necne,
591 1460 642 1501 id,
676 1459 769 1507 quod
794 1458 843 1494 ad
866 1470 926 1494 vos
944 1456 1086 1506 fertur,
1106 1463 1227 1496 vestra

104 1526 321 1561 existimatio
340 1529 404 1567 est,
425 1526 486 1572 qui
504 1526 540 1561 in
557 1525 770 1573 suffragium
788 1523 879 1559 ituri
897 1524 989 1559 estis,
1029 1523 1119 1559 Haec
1137 1535 1223 1561 con-

104 1591 277 1626 sternatio
296 1589 490 1632 muliebris,
510 1591 582 1625 sive
599 1601 666 1625 sua
690 1592 828 1637 sponte,
847 1589 919 1624 sive
937 1589 1140 1624 auctoribus
1157 1601 1222 1625 vo-

105 1656 167 1697 bis,
190 1655 244 1691 M.
265 1655 430 1691 Fundani
448 1659 484 1690 et
504 1654 547 1690 L.
563 1653 696 1696 Valeri,
712 1652 826 1702 facta
845 1657 909 1695 est,
931 1652 1030 1689 haud
1046 1653 1151 1689 dubie
1170 1654 1222 1690 acl

105 1721 249 1768 culpam
270 1720 548 1767 magistratuum
573 1719 770 1766 pertinens,
792 1719 908 1753 nescio
933 1717 1042 1760 vobis,
1071 1718 1219 1762 tribuni,

103 1797 152 1821 an
170 1784 381 1827 consulibus,
401 1785 516 1832 magis
532 1784 580 1819 sit
599 1782 772 1832 deformis
784 1798 796 1819 .·
823 1782 932 1825 vobis,
953 1784 984 1819 si
986 1782 1152 1832 seminas
1170 1784 1221 1820 ad

103 1850 332 1886 concitandas
358 1848 564 1884 tribunicias
587 1848 777 1884 seditiones
792 1845 874 1893 jam
901 1848 1123 1884 adduxistis:
1152 1860 1217 1884 no-

99 1914 164 1955 bis,
183 1914 227 1956 si,
243 1917 285 1949 ut
298 1911 412 1961 plebis
430 1912 621 1960 quondam,
640 1913 691 1948 sic
708 1923 803 1947 nunc
821 1912 1011 1948 mulierum
1028 1914 1219 1950 secessione

102 1979 194 2026 leges
213 1978 429 2026 accipiendae
445 1981 540 2013 sunt.
596 1977 775 2024 Equidem
800 1988 870 2012 non
888 1978 965 2012 sine
985 1977 1111 2013 rubore
1129 1990 1219 2026 quo-

100 2044 185 2079 dam
201 2043 329 2090 paullo
348 2047 431 2078 ante
441 2054 507 2090 per
521 2042 678 2078 medium
693 2053 821 2089 agmen
835 2042 1028 2078 mulierum
1043 2044 1079 2078 in
1087 2041 1221 2091 forum.

98 2107 255 2155 perveni.
314 2106 419 2148 Quod
447 2107 517 2142 nisi
544 2118 601 2142 me
624 2106 836 2153 verecundia
860 2107 1085 2153 singularum
1104 2108 1220 2155 magis

97 2168 296 2217 majestatis
314 2174 349 2206 et
370 2171 533 2218 pudoris,
554 2182 662 2218 quam
686 2171 946 2213 universarum,
975 2171 1152 2214 tenuisset,
1172 2183 1217 2208 ne

99 2235 320 2284 compellatae
351 2247 374 2271 a
407 2236 547 2271 consule
581 2236 801 2278 viderentur,
835 2237 997 2271 dixissem
1008 2251 1019 2271 .·
1055 2236 1127 2277 Qui
1159 2236 1218 2273 hic

97 2312 173 2336 mos
200 2305 252 2336 est
276 2301 314 2336 in
334 2300 520 2348 publicum
542 2301 792 2349 procurrendi,
816 2305 851 2336 et
870 2301 1050 2336 obsidendi
1070 2302 1160 2343 vias,
1181 2306 1217 2338 et

96 2366 190 2400 viros
221 2364 356 2401 alienos
387 2365 626 2414 adpellandi?
672 2365 774 2402 Istud
805 2367 923 2414 ipsum
958 2377 1037 2402 suos
1069 2376 1216 2415 quaeque

598 2427 635 2465 U
655 2429 679 2466 2

13 778 15 792 A
