1523 2666
338 103 423 159 398
800 115 846 142 T.
872 114 1006 144 L1V11

1513 195 1521 213 L

1514 212 1523 229 ll

1516 270 1523 293 l

142 208 232 239 U.C.
252 209 518 253 555.quanta1n
540 202 761 239 innocentia
780 202 910 247 dabat,
933 204 1212 242 disseruerunt:
1244 211 1438 257 postremo

141 252 438 304 A.C.197.u1tm
468 267 608 316 aliquid
638 268 751 303 etiam
782 269 902 316 queri,
934 275 971 304 et
1004 271 1190 318 castigare
1214 271 1456 319 iniquitatem

336 332 448 369 simul
468 333 506 368 in
527 345 565 368 se
586 332 922 381 crudelitatemque
943 335 1039 376 ausi,
1060 334 1115 370 ita
1133 334 1353 371 adfecerunt
1372 336 1454 372 ani-

335 409 432 440 moS,
454 403 495 433 ut
516 397 658 439 onmia,
681 410 761 446 quae
784 398 822 432 iu
843 410 906 433 eos
928 398 1077 434 decreta
1097 406 1218 442 erant,
1239 399 1471 448 frequente&

333 463 512 499 tollerent
532 478 539 498 :
572 476 694 511 neque
715 475 760 498 eo
780 463 902 498 minus
923 463 1151 499 redeundum
1174 464 1212 498 iu
1233 464 1455 500 societatem
1470 452 1487 498 23,

332 527 516 578 Philippi,
556 527 872 576 abnuendamque
918 527 1184 564 Romanorum
1232 529 1453 572 amicitiam,
1486 528 1490 604 ’1

333 597 542 628 censerent.

114 661 149 690 L.
168 659 293 690 Quinc·
387 658 518 694 XVII.
552 658 726 694 Leucade
746 659 827 694 haec
848 666 935 695 sunt
956 659 1126 695 decreta:
1151 659 1189 696 id
1208 665 1321 709 caput
1336 660 1456 696 Acar-

113 705 176 734 tius
193 704 274 733 Leu-

115 749 228 777 cadem
246 747 300 776 ob-

114 796 247 829 pugnat.
330 788 499 825 niebaut.
548 789 697 837 Itaque,
715 801 830 837 quum
855 790 935 825 haec
955 790 1153 839 repentina
1174 789 1336 824 mutatio
1356 788 1453 824 Cor-

332 724 453 759 nauiae
474 729 569 766 erat,
588 736 708 772 eoque
729 724 765 758 in
788 724 990 760 concilium
1013 737 1144 759 omnes
1164 723 1295 773 populi
1317 736 1454 760 conve-

331 868 456 905 cyram
493 856 538 891 ad
571 855 739 903 legatum
774 855 1028 891 Flamininum
1064 855 1210 905 perlata
1244 861 1355 898 esset,
1388 868 1452 891 ex·-

330 919 473 969 templo
495 933 578 955 curn
600 919 717 955 cla5se
746 919 954 969 profectus,
974 919 1151 955 Leucade
1180 920 1228 955 ad
1257 919 1453 963 Heraeum,

331 985 432 1033 quod
454 991 605 1027 vocant,
628 997 740 1020 naves
762 984 956 1034 adplicuit.
1016 983 1110 1020 Inde
1140 997 1223 1020 cun]
1255 985 1359 1021 omni
1389 997 1454 1034 ge-

330 1061 419 1084 nere
451 1055 725 1084 tormentorum
758 1049 1108 1097 machinarumque,
1141 1048 1283 1096 quibus'
1308 1060 1453 1098 expug-

331 1120 472 1149 nantur
500 1114 624 1154 urbes,
646 1114 692 1149 ad
722 1126 849 1149 muros
878 1113 1049 1156 accessit,
1071 1113 1117 1148 ad
1144 1113 1306 1162 primum
1333 1119 1456 1149 terro-

333 1190 410 1213 rem
431 1185 534 1213 ratus
556 1178 729 1214 inclinari
751 1179 898 1213 animos
919 1190 1041 1227 posse.
1099 1177 1307 1227 Postquam
1329 1178 1455 1227 pacati

332 1241 429 1277 nihil
459 1242 745 1282 ostendebatur,
767 1248 846 1277 tum
869 1242 995 1277 vineas
1016 1248 1212 1290 turresque
1242 1243 1398 1290 erigere,
1416 1248 1455 1278 et

333 1307 488 1342 arietem
507 1307 705 1342 admovere
727 1307 842 1341 muris
860 1306 988 1355 coepit.
1032 1306 1249 1342 Acarnania
1265 1306 1452 1350 universa,

332 1372 432 1407 inter
452 1371 638 1407 AEtoliam
661 1378 775 1420 atque
797 1371 955 1421 Epirum
978 1371 1116 1421 posita,
1138 1370 1256 1406 solem
1276 1370 1453 1407 occiden-

112 1436 267 1484 lfeucadis
330 1442 407 1472 tem
435 1443 473 1472 et
502 1450 605 1473 mare
635 1437 802 1472 Siculum
829 1442 987 1486 spectat.
1045 1431 1238 1472 Leucadia
1263 1448 1364 1472 nunc
1393 1436 1452 1472 in-

111 1486 202 1511 Μῦς·
331 1500 426 1543 sula,
449 1507 484 1537 et
507 1501 648 1537 vadoso
667 1500 780 1543 freto,
803 1500 904 1549 quod
924 1499 1136 1550 perfossum
1166 1513 1279 1535 manu
1310 1506 1380 1543 est,
1402 1500 1450 1537 ab

330 1565 548 1601 Acarnania
575 1566 705 1607 divisa,
727 1571 806 1600 tum
828 1563 1027 1614 peninsula
1047 1571 1141 1606 erat,
1163 1564 1370 1600 occidentis
1390 1577 1450 1602 re·

330 1629 443 1678 gione
458 1630 547 1665 artis
558 1629 731 1664 faucibus
747 1628 940 1664 cohaerens
955 1628 1193 1664 Acarnaniae.
1207 1628 1450 1677 Quingentos

328 1694 446 1730 ferme
467 1706 597 1743 passus
618 1693 740 1742 longa·
762 1693 890 1729 fauces
911 1700 1042 1738 erant3
1066 1693 1152 1729 latae
1169 1693 1270 1730 haud
1289 1694 1449 1744 amplius

328 1767 480 1794 centum
512 1765 549 1794 et
578 1759 740 1807 viginti:
782 1759 820 1794 in
850 1759 907 1794 his
935 1759 1119 1807 angustiis
1150 1757 1297 1795 Leucas
1323 1759 1451 1809 posita

326 1829 396 1866 est,
416 1823 502 1859 colli
525 1823 715 1874 adplicata
733 1836 839 1859 verso
861 1824 898 1858 in
920 1824 1105 1859 orientem
1127 1831 1163 1860 et
1179 1824 1448 1861 Acarnaniam.

325 1887 407 1923 Ima
429 1888 531 1923 urbis
553 1887 665 1935 plana
686 1894 787 1929 sunt,
803 1886 974 1935 jacentia
1001 1888 1047 1923 ad
1068 1900 1182 1929 mare,
1205 1901 1280 1936 quo
1300 1888 1448 1925 Leuca-

323 1951 384 1987 dia
406 1952 451 1987 ab
474 1952 690 1988 Acarnania
711 1951 900 1987 dividitur.
960 1951 1052 1987 Inde
1073 1958 1170 1987 terra
1193 1952 1360 2001 marique
1381 1966 1446 1989 ex—

321 2015 537 2066 pugnabilis
559 2022 641 2051 est:
675 2028 761 2050 nam
784 2024 820 2050 ct
841 2015 935 2050 vada
963 2022 1049 2050 sunt
1080 2021 1218 2063 stagno
1247 2017 1444 2061 similiora,

322 2093 434 2128 quam
456 2081 549 2116 mari
569 2096 575 2116 :
610 2088 647 2115 ct
668 2092 821 2130 campus
843 2071 1014 2116 terrenus
1039 2082 1160 2117 omnis
1183 2083 1361 2131 operique
1387 2083 1444 2120 fa-

320 2144 413 2180 cilis.
473 2144 608 2192 Itaque
642 2144 768 2180 multis
801 2144 912 2180 simul
950 2144 1042 2180 locis
1081 2153 1146 2181 aut
1182 2145 1343 2191 subruti,
1379 2154 1445 2184 aut

318 2209 435 2244 ariete
465 2209 611 2244 decussi
643 2208 804 2245 ruebant
830 2210 939 2245 muri.
999 2210 1071 2245 Sed
1102 2223 1214 2259 quam
1244 2211 1332 2248 urbs
1363 2212 1445 2262 ipsa

318 2279 537 2324 opportuna
559 2273 871 2325 obpugnantibus
903 2280 999 2320 crat,
1022 2281 1098 2313 tam
1130 2276 1442 2328 inexpugnabiles
