1507 2656
311 218 466 248 LIBER
490 215 658 246 xxxn.
693 215 801 245 CAP.
820 216 952 246 xv11.
1112 219 1195 262 349

82 311 228 360 generis
249 317 438 347 tormenta
454 307 722 356 machinasque
738 307 784 343 ad
806 306 953 343 urbium
975 308 1119 345 excidia
1139 321 1196 345 se·
1211 317 1253 347 U.
1267 317 1302 347 C.
1320 322 1403 350 554..

82 387 167 411 cum
187 374 405 425 portabant,
427 378 464 408 et
491 371 572 419 agri
592 371 747 407 adfatiin
779 372 946 406 materiae
976 372 1198 421 prae'oebant
1209 361 1249 391 A·
1266 361 1303 391 ς’·
1320 368 1400 394 ¹93²*

81 438 128 475 ad
146 452 246 475 nova
265 438 456 474 molienda
476 445 604 486 opera.
663 435 852 485 Oppidani
875 436 996 484 primo
1017 436 1118 473 haud
1136 438 1196 473 in-

78 504 185 553 pigre
213 502 418 538 tuebantur
447 502 610 537 moenia:
648 500 782 536 deinde
812 499 898 535 fessi
935 499 1196 549 vulneratique

79 566 237 616 aliquot,
279 579 391 616 quum
431 572 469 601 et
502 566 600 601 muri
637 571 783 614 partem
817 577 982 600 eversam
1017 564 1194 614 operibus

76 630 243 667 hostium
271 636 482 671 cernerent,
504 630 550 665 ad
580 629 809 665 deditionem
840 628 1096 664 inclinarunt:
1129 630 1196 666 sed

76 695 292 744 praesidium
312 701 392 730 erat
413 693 686 734 Macedonum,
709 705 802 740 quos
822 705 899 727 non
922 693 1058 735 minus,
1080 706 1194 742 quam

75 757 288 801 Romanos,
306 757 549 794 metuebant:
579 763 617 793 et
637 756 825 792 Philocles
846 758 970 805 regius
991 757 1192 806 praefectus

75 835 97 859 a
117 822 297 859 Chalcide
317 823 474 858 nuncios
495 820 685 863 mittebat,
708 833 747 856 se
776 820 817 856 in
839 827 1009 870 tempore
1039 820 1194 857 adfutu-

75 899 172 929 rum,
194 888 224 922 si
245 888 475 923 sustinerent
504 886 755 922 obsidionem.
813 885 909 921 Haec
939 887 1058 921 mixta
1086 892 1195 922 metu

75 962 158 999 spes
179 950 291 993 ultra,
313 964 426 999 quam
446 950 598 990 vellent,
620 956 685 985 aut
711 962 824 998 quam
848 955 1018 999 possent,
1039 949 1190 985 trahere

74 1026 137 1050 eos
151 1020 299 1063 tempus
314 1014 496 1061 cogebat:
521 1014 668 1055 deinde,
685 1020 888 1063 postquam
903 1013 1113 1049 Philoclem
1128 1027 1191 1049 re·

70 1078 219 1129 pulsum
240 1079 567 1128 trepidantemque
586 1077 771 1126 refugisse
793 1077 1012 1114 Chalcidem
1032 1090 1189 1128 accepe-

69 1148 172 1185 runt,
194 1148 364 1178 oratores
389 1141 580 1192 extemplo
607 1142 653 1178 ad
673 1141 861 1184 Attalum,
882 1142 1031 1177 veniam
1058 1141 1190 1178 fidem·-

70 1220 142 1257 que
171 1207 251 1257 ejus
278 1213 464 1256 petentes,
492 1207 688 1242 miserunt.
746 1205 850 1242 Dum
880 1206 919 1241 in
949 1218 1054 1255 spem
1083 1206 1186 1255 pacis

68 1272 207 1307 intenti
237 1272 387 1320 segnius
421 1284 579 1307 munera
609 1270 700 1307 belli
731 1270 888 1313 obeunt,
920 1276 957 1306 et
994 1283 1038 1306 ea
1070 1270 1186 1306 modo

68 1342 189 1386 parte,
211 1349 285 1384 qua
303 1348 430 1371 murus
451 1336 597 1371 dirutus
618 1340 713 1378 erat,
735 1335 868 1370 ceteris
889 1333 1087 1382 neglectis,
1107 1341 1185 1370 sta-

68 1401 192 1436 tiones
219 1407 382 1436 armatas
411 1399 635 1450 obponunt:
669 1399 888 1441 Quinctius,
916 1404 1035 1434 noctu
1066 1398 1113 1434 ab
1142 1410 1339 1450 ‹ia-Capitur,

64 1470 186 1515 parte,
204 1477 285 1512 quae
307 1465 460 1499 minime
480 1470 655 1514 suspecta
674 1470 767 1505 erat,
789 1463 921 1513 inpetu
939 1463 1058 1506 facto,
1073 1463 1183 1500 scalis

63 1527 195 1563 urbem
220 1528 331 1577 cepit.
388 1527 677 1577 Oppidanorum
710 1527 833 1562 omnis
863 1525 1184 1564 multitudorcum

63 1592 290 1642 conjugibus
311 1605 354 1628 ac
373 1592 501 1628 liberis
522 1593 561 1627 in
590 1604 714 1628 arcem
744 1590 918 1639 confugit
938 1606 945 1626 :
979 1591 1112 1627 deinde
1142 1592 1182 1629 in

62 1656 290 1692 deditionem
313 1657 427 1691 venit.
481 1655 658 1691 Pecuniae
678 1655 835 1703 aurique
855 1662 892 1689 et
912 1655 1060 1702 argenti
1079 1655 1182 1691 haud

62 1732 152 1755 sane
173 1719 331 1754 multum
351 1718 449 1754 fuit:
483 1719 605 1766 signa,
626 1717 766 1753 tabulae
786 1718 919 1767 priscae
939 1718 1180 1760 a1·tis,.orna-

60 1788 263 1831 mentaque
282 1781 400 1832 ejuso
380 1783 525 1817 ueneris
546 1781 668 1831 plina,
686 1794 799 1830 quam
818 1793 887 1830 pro
908 1780 1009 1816 urbis
1032 1782 1181 1830 magui-

61 1847 192 1883 tudine
211 1853 276 1882 aut
295 1846 431 1896 opibus
453 1847 791 1889 ceteris,111ve11ta

113 1911 245 1947 XVII.
277 1912 457 1960 Carystus
482 1911 569 1946 iude
598 1912 786 1960 repetita--
777 1939 787 1957 ‚
824 1910 936 1952 unde,
958 1910 1176 1959 priusquam
1189 1919 1341 1959 Carystus

4 1962 5 2019 J
58 1988 78 2012 e
112 1974 270 2010 navibus
305 1975 423 2024 copiae
462 1981 756 2023 exponerentur,
795 1974 916 2010 omnis
956 1970 1290 2018 nmltitudo,.⁰²¹p‘³·

4 2054 5 2064 ¹
57 2038 150 2075 urbe
168 2038 329 2079 deserta,
351 2039 390 2073 in
420 2050 543 2073 arcem
573 2037 757 2086 confugit.
816 2037 910 2072 Inde
929 2038 976 2073 ad
995 2037 1107 2073 fidem
1126 2038 1185 2074 ab·

4 2089 5 2093 ¹
54 2101 234 2137 Romano
255 2101 456 2150 petendam
473 2103 848 2137 oratoresmittunt:
882 2101 1078 2150 oppidanis
1107 2114 1173 2138 ex-

55 2166 197 2215 templo
219 2167 294 2201 vita
322 2178 364 2200 ac
393 2165 546 2201 libertas
577 2178 758 2201 concessa
783 2171 862 2200 est:
894 2164 1171 2201 lllacedonibus

3 2257 5 2260 Α
53 2231 195 2266 treceni
216 2230 359 2265 nummi
377 2231 413 2265 in
436 2231 561 2279 capita
580 2236 764 2265 statutum
792 2237 849 2264 est
875 2230 1051 2278 pretium,
1073 2236 1111 2264 et
1131 2235 1182 2265 ut?

52 2294 164 2330 arinis
185 2295 332 2329 traditis
353 2293 516 2330 abirent.
555 2293 640 2330 Hac
661 2307 807 2330 summa
826 2294 997 2336 redemti,
1018 2294 1057 2328 in
1076 2293 1183 2329 Boe--

52 2358 169 2396 mam
189 2358 350 2394 inermes
373 2357 535 2409 trajecti.
584 2358 750 2395 Navales
772 2358 906 2409 copiae,
927 2357 1070 2394 duabus
1092 2357 1182 2394 cla*
