1507 2656
293 180 296 183 “
332 174 486 204 mmm
510 174 653 202 xx1x.
688 174 793 202 CAP.
818 175 887 202 iv.
1087 163 1163 218 163

57 267 193 318 placet,
214 266 364 302 mittere
384 264 431 300 ad
450 265 695 300 conducenda
711 264 894 301 Afrorum
911 264 1065 308 auxilia,
1083 278 1165 301 mu·
1182 276 1221 305 U.
1238 275 1274 306 C.
1289 281 1363 311 547.

54 333 135 368 nire
165 330 308 371 urbem,
342 328 573 364 frumentum
600 329 824 371 convehere,
852 328 942 371 tela,
969 342 1073 366 arma
1098 342 1166 378 pa-
1180 321 1219 350 A·
1236 319 1362 350 0²⁰⁵·

54 408 151 438 rare,
173 395 356 430 instruere
385 404 498 427 naves
529 406 572 427 ac
602 394 752 428 mittere
782 394 829 429 ad
857 393 1082 443 Hipponem
1102 393 1168 429 ad-

54 472 183 495 versus
224 458 441 493 Romanam
481 456 652 493 classem.
721 457 808 492 Jam
845 457 926 492 ha’c
968 457 1167 505 agentibus

55 524 215 560 nuncius
234 521 387 557 tandem
407 521 524 563 venit,
544 520 721 564 Laelium,
746 533 825 556 non
850 521 1081 571 Scipionem,
1103 533 1169 556 co-

56 588 225 638 piasque,
247 592 397 634 quantae
417 585 464 621 ad
483 585 719 621 incursiones
747 597 940 634 agrorum,
966 585 1055 620 satis
1076 585 1168 629 sint,

56 656 308 693 transvectas;
342 662 497 685 summae
522 648 613 686 belli
643 648 782 684 molem
809 649 932 685 adhuc
967 649 1005 684 in
1039 648 1170 685 Sicilia

57 727 149 752 esse.
207 714 267 750 Ita
285 715 523 764 respiratum,
551 713 726 762 mittique
750 713 796 749 ad
824 714 1035 763 Syphacem
1062 711 1165 760 lega·

57 781 196 822 tiones,
213 779 381 827 aliosque
400 778 564 827 regulos,
586 778 778 814 firmandae
805 779 997 814 societatis
1019 789 1166 821 caussa,

57 850 206 893 coeptae.
261 843 323 878 Ad
351 842 568 892 Philippum
596 854 746 890 quoque
773 842 893 884 missi,
915 842 979 890 qui
1004 841 1169 876 ducenta

59 908 206 956 argenti
232 907 376 942 talenta
400 906 684 956 pollicerentur,
704 911 747 942 ut
771 906 812 942 in
845 905 1012 942 Siciliam
1036 910 1102 941 aut
1129 905 1171 941 in

56 970 209 1008 Italiam
223 969 425 1020 trajiceret.
480 969 593 1006 Missi
612 976 650 1006 et
676 970 723 1006 ad
746 970 838 1006 duos
863 970 1110 1019 imperatores
1131 969 1173 1005 in

59 1035 226 1079 Italiam,
246 1041 289 1071 ut
318 1035 422 1071 omni
448 1040 592 1070 terrore
619 1034 837 1084 Scipionem
866 1035 1092 1070 retinerent:
1126 1032 1174 1070 ad

57 1098 268 1148 Magonem
283 1111 361 1136 non
376 1098 492 1147 legati
507 1098 636 1142 modo,
647 1098 712 1134 sed
727 1099 863 1146 viginti
879 1098 1044 1147 quinque
1058 1106 1174 1133 naves

57 1162 196 1213 longae,
217 1176 282 1199 sex
307 1162 425 1199 millia
454 1162 638 1213 peditum,
667 1161 882 1210 octingenti
908 1162 1068 1210 equites,
1090 1172 1176 1209 sep·

57 1233 136 1264 tem
155 1227 361 1277 elephanti,
380 1226 426 1263 ad
444 1227 519 1262 hoc
543 1237 683 1274 magna
710 1225 873 1275 pecunia
891 1225 939 1261 ad
959 1225 1176 1260 conducen-

60 1291 107 1327 da
127 1290 281 1333 auxilia,
302 1289 438 1339 quibus
464 1289 582 1325 fretus
613 1289 768 1339 propius
799 1288 931 1324 urbem
958 1287 1178 1324 Romanam

60 1355 270 1391 exercitum
293 1354 524 1397 admoveret,
546 1353 871 1403 conjungeretque
891 1365 930 1388 se
949 1350 1177 1388 Hannibali.

60 1418 158 1456 Haec
184 1418 426 1466 Karthagine
452 1417 640 1467 parabant
667 1417 952 1466 agitabantque.
1008 1415 1069 1452 Ad
1088 1414 1179 1450 Lae-

58 1481 153 1519 lium
180 1482 325 1531 praedas
352 1483 526 1530 ingentes
553 1494 600 1518 ex
625 1494 718 1530 agro
739 1481 874 1517 inermi
895 1493 937 1516 ac
956 1480 1059 1515 nudo
1079 1491 1176 1528 prae-

60 1546 163 1583 sidiis
180 1552 355 1595 agentem
375 1545 595 1588 Masinissa,
616 1545 717 1581 fama
743 1545 931 1581 Romanae
956 1543 1086 1579 classis
1109 1555 1175 1578 ex-

60 1612 172 1654 citus,
207 1624 290 1646 cum
317 1610 506 1659 equitibus
534 1611 662 1660 paucis
693 1611 808 1646 venit.
867 1608 905 1644 Is
928 1611 1084 1657 segniter
1102 1620 1175 1644 rem
1188 1608 1358 1682 Μάειίἰηῗξεα

1188 1662 1205 1682 a
1268 1662 1294 1682 ἃ
1310 1661 1381 1683 lum

62 1676 123 1723 agi
141 1675 184 1710 ab
204 1674 374 1722 Scipione
388 1680 556 1722 questus,
578 1675 670 1721 quod
699 1679 774 1709 tum
799 1685 866 1708 non
884 1671 966 1718 jam
985 1674 1173 1708 exercitum
1187 1696 1285 1726 venit.

61 1740 99 1774 in
116 1738 285 1787 Africam
302 1737 507 1783 trajecisset,
525 1739 696 1785 perculsis
715 1736 1087 1784 Karthaginiensibus,
1108 1737 1177 1784 Sy-

61 1803 175 1850 phace
194 1803 350 1849 inpedito
367 1803 539 1850 finitimis
565 1802 677 1843 bellis,
705 1813 807 1848 quem
832 1801 1002 1835 incertum
1023 1800 1177 1843 haerere,-

60 1869 91 1902 εἰ
118 1868 276 1914 spatium
304 1867 353 1902 od
380 1878 458 1908 sua,
481 1871 519 1901 ut
547 1867 644 1907 velit,
676 1865 917 1912 componenda
946 1865 1065 1905 detur,
1086 1863 1179 1899 nihil

60 1932 199 1966 sincera
218 1931 299 1979 fide
330 1942 409 1966 cum
439 1930 615 1966 Romanis
644 1935 819 1965 acturum.
877 1929 1113 1970 Hortaretur,
1136 1941 1178 1964 ac

60 1997 263 2032 stimularet
280 1995 493 2042 Scipionem,
514 2007 556 2030 ne
576 1999 737 2030 cessaret.
779 1994 839 2034 Se,
859 2004 1076 2040 ‹pcarnqnam
1097 2004 1176 2039 reg-

62 2072 107 2096 no
125 2060 249 2107 pulsus
273 2064 372 2101 esset,
394 2072 473 2095 cum
494 2059 591 2094 hand
614 2059 877 2094 contemnendis
898 2058 1005 2104 copiis
1024 2055 1177 2103 adfutu-

62 2137 142 2160 rum
158 2125 321 2171 peditum
341 2126 578 2172 equitumque.
637 2124 713 2158 Nec
733 2124 799 2170 ipsi
823 2123 936 2158 Laelio
965 2120 1178 2155 morandum

62 2191 102 2227 in
121 2188 250 2236 Africa
266 2201 360 2225 esse:
389 2190 535 2224 classem
564 2189 704 2223 credere
732 2186 938 2234 profectam
964 2197 988 2219 a
1014 2183 1177 2219 Kartha-

62 2254 159 2300 gine,
180 2265 259 2288 cum
278 2265 362 2301 qua,
383 2253 523 2289 absente
553 2253 734 2302 Scipione,
761 2263 831 2287 non
857 2251 944 2286 satis
970 2252 1085 2284 tultam
1107 2258 1177 2282 esse

66 2316 229 2355 contrahi
248 2321 439 2355 certamen.
