1507 2656
331 198 484 226 LIBER
510 195 678 226 XXVII.
713 195 819 225 CAP.
844 196 963 226 XXV.
1151 199 1204 239 41

92 290 130 326 in
151 289 269 339 portis
289 289 520 332 locarentur,
542 294 631 325 ante
651 293 805 324 noctem
824 299 909 322 cum
929 286 1058 324 liberis
1076 300 1205 325 evase·
1221 292 1264 322 U.
1281 291 1318 323 C.
1337 298 1412 323 544.

91 360 192 390 runt.
250 353 411 389 Postero
431 353 490 389 die
514 353 596 388 luce
617 352 752 401 prima,
774 363 889 399 quum
916 360 1068 387 senatus
1088 352 1127 388 in
1146 352 1206 389 fo·
1220 336 1258 366 Α·
1275 335 1312 366 C·
1329 342 1403 367 ²⁰⁸·

91 430 173 453 rum
194 418 301 453 citari
323 424 469 468 coeptus
498 422 611 459 esset,
633 415 850 458 desid-erati,
871 414 1050 465 bonaque
1076 429 1209 454 eorum

91 484 311 519 venierunt:
345 496 366 519 a
386 483 520 518 ceteris
542 480 781 518 senatoribus
810 487 961 517 centum
983 482 1118 530 viginti
1139 483 1209 519 ob-

90 545 202 589 sides,
224 545 333 582 liberi
353 547 537 596 ipsorum,
559 545 720 595 accepti,
741 544 947 594 traditique
967 545 1010 581 C.
1024 544 1209 582 Terentio

90 608 256 645 Romam
294 609 514 646 deducendi.
573 609 611 645 Is
649 609 779 644 omnia
812 609 1060 658 suspectiora,
1095 622 1208 658 quam

91 679 179 709 ante
198 673 363 716 fuerant,
384 673 423 709 in
443 679 578 709 senatu
597 672 701 709 fecit.
758 671 907 721 Itaque,
929 680 1123 722 tamquam
1149 674 1208 710 in·-

90 738 259 773 1ninente
278 738 443 774 Etrusco
471 737 651 781 tumultu,
673 736 864 785 legionem
891 737 1048 774 alteram
1072 750 1120 774 ex
1147 751 1209 775 ur-

88 803 196 840 banis
214 804 406 840 Arretium
422 804 558 840 ducere
570 802 701 853 jussus
717 803 798 853 ipse
815 802 858 840 C.
871 802 1088 845 Terentius,
1106 815 1209 839 eam-

87 880 159 917 que
184 868 325 904 habere
354 869 393 904 in
426 869 603 919 praesidio
636 867 754 904 urbis.
812 867 855 904 C.
876 866 1090 904 Hostilium
1119 879 1207 904 cum

87 937 217 968 cetero
237 932 404 968 exercitu
431 931 557 982 placet
576 938 699 968 totam
725 931 961 981 provinciam
986 943 1205 981 peragrare,

90 1002 129 1032 et
148 1008 293 1039 cavere,
313 1008 362 1032 ne
381 1009 457 1045 qua
475 997 627 1032 occasio
646 1007 788 1032 novare
805 995 1046 1046 cupientibus
1067 1008 1126 1032 res
1142 995 1209 1032 da·-

89 1065 206 1096 retur.
255 1059 298 1096 C.
311 1059 529 1104 Terentius,
546 1065 589 1096 ut
603 1060 799 1097 Arretium
818 1072 904 1096 cum
923 1059 1075 1109 legione
1090 1060 1209 1104 venit,

91 1123 214 1160 claves
234 1130 432 1174 portarum
452 1137 568 1173 quum
597 1125 843 1173 magistratus
870 1124 1122 1175 poposcisset,
1142 1136 1210 1160 ne-

92 1187 272 1237 gantibus
293 1189 338 1224 iis
366 1201 600 1239 comparere,
621 1188 754 1226 fraude
773 1194 920 1225 amotas
947 1188 1069 1236 magis
1090 1193 1209 1232 ratus,

91 1263 206 1301 quam
226 1252 462 1301 negligentia
487 1253 737 1297 intercidisse,
759 1254 841 1304 ipse
868 1252 960 1289 alias
984 1252 1106 1289 claves
1127 1265 1211 1289 om-

92 1316 205 1353 nibus
226 1317 346 1366 portis
366 1317 559 1367 inposuit:
593 1318 767 1366 cavitque
787 1329 873 1354 cum
894 1330 998 1362 cura,
1019 1323 1061 1354 ut
1081 1319 1213 1354 omnia

93 1380 134 1416 in
162 1386 353 1430 potestate
382 1393 450 1418 sua
478 1388 617 1420 essent.
673 1381 887 1418 Hostilium
915 1383 1098 1419 intentius
1129 1395 1212 1419 mo·

91 1444 189 1488 nuit,
210 1451 253 1480 ut
271 1446 309 1481 in
337 1458 384 1482 eo
404 1459 523 1494 spem,
543 1459 623 1484 non
650 1454 821 1484 moturos
843 1448 1048 1497 quidquam
1074 1447 1213 1484 Etrus-

90 1519 170 1551 cos,
191 1514 364 1557 poneret,
386 1509 431 1551 si,
452 1520 500 1544 ne
520 1508 610 1557 quid
628 1511 773 1545 moveri
792 1516 936 1559 posset,
959 1511 1133 1546 cavisset.

145 1572 278 1609 XXV.
308 1572 369 1609 De
387 1572 606 1609 Tarentinis
628 1573 714 1610 inde
735 1586 874 1623 magna
894 1575 1144 1611 contentione
1169 1574 1208 1611 in
1222 1574 1409 1625 De.T.³¹“¹·

91 1642 228 1673 senatu
256 1644 383 1674 actum
413 1650 540 1674 coram
570 1637 707 1682 Fabio,
736 1639 964 1676 defendente
993 1640 1091 1689 ipso,
1113 1652 1208 1689 quos
1222 1625 1299 1692 ἓξὲξ
1313 1629 1412 1693 ¹5:25⁶*

92 1707 246 1751 ceperat
272 1702 399 1745 armis,
427 1701 509 1738 aliis
538 1702 711 1747 infensis,
742 1709 780 1739 et
805 1703 994 1753 plerisque
1024 1705 1209 1753 aequanti-
1221 1712 1305 1736 tum.

93 1763 164 1802 bus
181 1777 244 1801 eos
263 1765 544 1815 Campanorum
563 1779 673 1802 noxoe
690 1779 901 1816 poenaeque.
951 1768 1209 1805 Senatuscon-

92 1830 233 1868 sultum
253 1832 291 1868 in
317 1834 546 1869 sententiam
564 1833 634 1870 Μ’.
648 1833 760 1869 Acilii
781 1833 925 1869 factum
946 1839 1016 1875 est,
1037 1839 1079 1868 ut
1099 1833 1210 1883 oppi-

92 1896 181 1932 dum
199 1897 375 1947 praesidio
396 1899 672 1935 custodiretur:
705 1899 982 1947 Tarentinique
997 1910 1128 1933 omnes
1150 1898 1209 1933 in-

91 1966 151 1998 tra
180 1963 321 1998 moenia
350 1964 660 2000 continerentur:
692 1975 750 2000 res
770 1963 920 2011 integra
940 1968 1074 2012 postea
1093 1961 1210 1997 refer-

90 2032 208 2069 retur,
229 2039 345 2075 quum
372 2027 613 2076 tranquillior
633 2034 752 2064 status
773 2027 894 2064 Italiae
915 2032 1024 2064 esset.
1083 2026 1134 2062 Et
1164 2026 1210 2063 de
1220 2040 1309 2070 Tum
1325 2040 1365 2070 de

91 2089 149 2127 M.
167 2090 293 2133 Livio,
323 2092 504 2141 praefecto
535 2093 630 2129 arcis
666 2092 900 2135 Tarentinae,
930 2091 1030 2127 haud
1063 2083 1371 2156 minorefflsss·{gwi‘lt'}o

90 2155 296 2191 certamine
322 2163 449 2192 actum
476 2163 546 2199 est,
569 2157 651 2193 aliis
679 2156 1009 2193 senatusconsulto
1036 2156 1205 2191 notanti·
1220 2137 1380 2210 913&ch

93 2217 164 2253 bus
184 2219 419 2268 praefectum,
438 2221 539 2269 quod
559 2221 638 2271 ejus
660 2221 834 2257 socordia
852 2220 1060 2256 Tarentum
1078 2219 1206 2269 prodi-

95 2287 176 2317 tum
204 2283 307 2319 hosti
336 2292 458 2330 esset,
491 2284 573 2321 aliis
603 2287 758 2336 praemia
782 2283 1083 2324 decernentibus,
1105 2283 1207 2332 quod

93 2357 160 2396 per
178 2346 476 2396 quinquennium
505 2361 630 2386 arcem
659 2355 804 2386 tutatus
833 2355 947 2391 esset,
968 2348 1205 2396 maximeque
