1507 2656
363 177 520 206 mmm
544 174 724 204 xxxw.
758 173 865 202 cAP.
890 174 974 202 111.
1133 163 1214 217 561

101 266 166 303 nia
185 266 353 304 ulterior.
392 266 464 303 His
485 266 539 301 ita
558 264 744 300 exercitus
766 263 919 301 decreti.
964 264 1011 300 A.
1034 263 1215 300 Cornelio
1228 269 1271 299 U.
1283 268 1320 300 C.
1337 273 1412 298 5611

103 332 192 367 novi
213 332 363 374 milites,
385 330 588 379 conscripti
610 329 737 378 priore
766 341 867 364 anno
895 341 941 365 ex
967 335 1215 366 senatuscon-
1230 314 1268 344 A·
1282 312 1322 345 C'
1337 318 1413 343 ¹⁹¹*

103 395 204 432 sulto
234 410 256 433 a
282 396 329 433 L.
349 395 533 435 Quinctio
564 392 732 436 consule,
763 392 842 429 dati
873 399 981 439 sunt3
1008 393 1215 444 jussusque

101 461 197 496 tueri
220 473 369 496 omnem
390 472 495 496 oram
515 459 614 494 circa
641 457 850 494 Tarentum
878 457 1214 508 Brundisiumque.

97 524 144 561 L.
155 524 314 561 AEmilio
324 524 457 561 Paullo
470 525 505 559 in
517 523 732 559 ulteriorem
743 523 970 573 Hispaniam
981 529 1117 574 praeter
1127 536 1213 560 eum

98 589 319 631 exercitum,
337 601 447 638 quem
469 601 489 624 a
507 587 563 624 M.
580 586 714 623 Fulvio
736 592 968 636 propraetore
989 594 1211 636 accepturus

98 659 210 695 esset,
232 654 421 689 decretum
442 659 512 695 est,
534 658 576 688 ut
600 664 786 687 novorum
813 651 974 687 militum
999 652 1074 687 tria
1094 651 1223 688 millia.

97 716 263 760 duceret,
286 723 323 753 et
342 722 532 753 trecentos
555 716 718 765 equites3
742 716 795 751 ita
813 722 854 751 ut
869 716 907 751 ln
926 716 970 751 iis
986 716 1067 751 duae
1083 723 1223 765 partes

97 780 242 817 socium
274 781 402 817 Latini
433 781 612 822 nominis,
634 780 747 816 tertia
776 780 915 816 civium
943 779 1209 816 Romanorum

96 850 207 880 esset.
264 844 367 880 Idem
390 844 641 894 supplementi
662 844 708 879 ad
730 844 772 881 C.
792 843 1036 887 Flaminium,
1057 845 1116 880 cui
1137 845 1210 880 im-

94 908 239 958 perium
270 897 624 958 prorogabaturstin
652 907 880 958 Hispaniam
910 908 1124 943 citeriorem
1151 914 1209 944 est

94 973 262 1009 missum.
319 973 375 1009 M.
404 972 582 1008 AEmilius
618 971 785 1022 Lepidus
819 985 842 1008 a
873 972 918 1008 L.
947 972 1115 1015 Valerio,
1147 974 1208 1008 cui

94 1049 331 1072 successurus
368 1042 480 1078 esset,
513 1036 625 1072 simul
659 1037 893 1086 provinciam
924 1036 1218 1085 exercitumque,

90 1100 260 1149 accipere
286 1099 440 1149 jussus:
473 1098 520 1135 L.
542 1099 748 1142 Valerium,
771 1100 801 1135 si
832 1101 885 1135 ita
912 1099 1114 1142 videretur,
1136 1113 1215 1149 pro

88 1169 250 1214 praetore
276 1164 314 1199 in
341 1163 537 1212 provincia
565 1163 741 1205 retinere,
763 1171 801 1198 et
821 1163 1054 1212 provinciam
1074 1164 1127 1199 ita
1147 1164 1204 1199 di-

89 1229 227 1271 videre,
251 1235 291 1264 ut
311 1241 385 1264 una
405 1228 451 1264 ab
472 1228 687 1276 Agrigento
708 1227 754 1263 ad
775 1226 996 1276 Pachynum
1015 1236 1130 1271 esset,
1149 1229 1203 1265 al-

88 1298 170 1328 tera
190 1306 212 1328 a
231 1292 411 1341 Pachyno
431 1291 678 1341 Tyndarium.
726 1291 822 1327 Eam
844 1292 1074 1327 maritimam
1095 1305 1203 1329 oram

86 1356 132 1394 L.
149 1356 321 1393 Valerius
332 1357 473 1405 rviginti
490 1356 646 1392 navibus
665 1356 788 1405 longis
810 1356 1029 1392 custodiret.
1067 1357 1205 1393 Eidem

87 1422 241 1472 praetori
265 1422 499 1464 mandatum,
523 1429 562 1457 ut
590 1422 680 1457 duas
712 1422 885 1457 decumas
912 1420 1093 1456 frumenti
1120 1423 1200 1458 exi-

85 1492 210 1534 geret:
235 1485 270 1521 id
288 1485 334 1521 ad
351 1498 452 1521 mare
470 1485 786 1536 comportandum
807 1484 1139 1533 devehendumque
1160 1486 1199 1522 in

85 1550 272 1589 Graeciaru
293 1556 451 1586 curaret.
509 1549 614 1585 Idem
641 1549 687 1586 L.
708 1549 836 1599 Oppio
867 1549 910 1585 de
938 1548 1063 1584 alteris
1085 1550 1198 1585 decu-

82 1615 152 1651 mis
173 1614 367 1662 exigendis
388 1615 426 1649 in
447 1614 620 1650 Sardinia
639 1614 877 1664 imperatum.
917 1614 1094 1650 Ceterum
1115 1627 1197 1651 nou

83 1680 122 1716 in
144 1678 345 1721 Graeciam,
365 1679 429 1715 sed
446 1678 625 1722 Romam,
642 1678 678 1714 id
698 1678 930 1715 frumentum
950 1680 1093 1728 portari
1113 1678 1194 1728 pla*

82 1756 178 1787 cere«.
237 1742 279 1778 C.
300 1741 431 1777 Livius
456 1749 609 1791 praetor,
638 1743 698 1778 cui
729 1743 856 1779 classis
888 1750 1077 1785 evenerat,
1109 1755 1194 1778 cum

81 1807 240 1855 triginta
259 1806 417 1841 navibus
445 1806 584 1855 paratis
605 1805 778 1856 trajicere
799 1807 837 1841 in
858 1806 1044 1842 Graeciam
1071 1807 1193 1856 primo

80 1883 230 1921 quoque
250 1869 577 1920 texnporejussus,
600 1878 637 1906 et
657 1871 704 1907 ab
725 1872 845 1906 Atilio
862 1867 977 1907 ”naves
1001 1871 1189 1920 accipere:

78 1943 222 1973 veteres
243 1948 370 1977 naves,
388 1948 470 1983 quae
491 1935 528 1970 in
549 1935 744 1971 navalibus
767 1942 888 1978 erant,
908 1942 947 1971 ut
965 1935 1133 1971 reficeret
1154 1943 1191 1972 et

79 2006 256 2041 armaret,
275 1998 332 2035 M.
352 1999 470 2035 Junio
497 2000 647 2049 praetori
677 1999 872 2048 negotium
900 1999 1028 2035 datum
1061 2007 1130 2041 est,
1153 2006 1214 2042 et,

77 2065 115 2102 iu
135 2075 217 2099 eam
237 2062 392 2099 classem
414 2064 536 2099 socios
558 2063 709 2099 navales
731 2063 927 2106 libertinos
948 2062 1103 2110 legeret.

129 2127 205 2164 III.
236 2127 373 2175 Legati
394 2129 490 2164 terni
516 2128 555 2165 in
583 2127 752 2171 Africam
772 2127 818 2164 ad
845 2127 1186 2175 Karthaginienses

76 2194 172 2232 etin
191 2193 413 2229 Numidiam
440 2194 485 2229 ad
512 2194 745 2230 frumentum
772 2194 996 2242 rogandum,
1018 2195 1118 2245 quod
1148 2195 1188 2231 in

76 2258 263 2294 Graeciam
281 2264 508 2307 portaretur,
525 2259 629 2294 missi
640 2275 654 2302 ς,
673 2271 741 2309 pro
757 2272 832 2308 quo
848 2259 1010 2309 pretium
1026 2257 1189 2294 solveret

73 2322 235 2375 populus
254 2321 467 2361 Romanus
522 2323 707 2372 Adeoque
732 2324 772 2361 in
798 2324 1019 2377 adparatum
1039 2335 1186 2360 curamn

567 2387 602 2425 B
620 2386 644 2425 b
664 2387 686 2425 5
