1523 2666
262 184 340 215 102
715 189 759 216 T.
784 189 916 218 lell

65 279 106 352 kl.
116 279 153 353 g
172 286 244 312 546.
250 272 333 323 jam
359 274 535 311 ordinum
564 288 762 320 memores,
793 278 946 327 passim,
973 291 1047 327 qua
1076 278 1210 328 culque
1234 281 1363 330 proxi-

62 346 70 352 .
91 343 99 353 .
144 344 153 354 .
170 330 244 356 206.

255 351 359 376 mum
377 340 464 384 fuit,
485 342 523 377 in
542 340 671 390 fugam
695 342 948 380 effunduntur.
1003 345 1054 381 Et
1074 358 1300 394 quamquam
1319 359 1365 382 eo

254 404 390 455 proelio
421 404 656 454 aliquantum
688 413 726 442 et
754 406 940 443 Romanis
974 409 1075 444 aucti
1108 416 1144 445 et
1181 409 1365 446 deminuti

253 468 427 505 hostibus
448 469 563 505 animi
583 476 703 513 erant,
725 475 851 506 tamen
878 483 1083 520 numquam
1103 472 1248 521 aliquot
1266 474 1366 510 inse-

254 541 410 582 quentes
434 534 512 570 dies
541 533 587 570 ab
607 535 894 571 excursionibus
915 537 1083 585 equitum
1110 537 1278 587 levisque
1306 551 1366 574 ar-

252 605 410 634 maturae
427 606 613 634 cessatum
634 605 702 635 est.

306 660 417 698 XIV.
450 661 529 698 Ubi
551 662 640 698 satis
670 668 826 698 tentatae
846 675 912 713 per
933 663 1014 699 haec
1043 663 1140 700 levia
1159 666 1367 702 certamina

252 723 349 761 vires
369 731 470 768 sunt,
491 725 595 775 prior
614 724 833 762 Hasdrubal
853 727 892 763 in
912 728 1031 763 aciem
1051 727 1179 777 copias
1209 728 1339 765 eduxit
1351 744 1364 774 3

253 787 387 824 deinde
407 795 444 825 et
461 787 628 825 Romani
647 801 884 839 processere:
918 790 982 826 sed
1004 797 1160 839 utraque
1179 792 1277 827 acies
1297 805 1367 842 pro

251 852 351 890 vallo
383 855 490 891 stetit
522 855 728 890 instructa:
761 861 799 890 et
833 866 949 902 quum
981 853 1028 890 ab
1065 855 1208 890 neutris
1239 868 1368 905 pugna

251 924 380 968 coepta
399 924 511 961 esset,
526 917 609 968 jam
630 918 687 954 die
708 918 754 954 ad
773 929 950 954 occasum
969 917 1190 962 inclinante,
1207 932 1230 954 a
1243 919 1367 956 Poeno

251 982 371 1032 prius,
393 982 527 1019 deinde
556 982 604 1019 ab
632 981 812 1019 Romano
836 982 875 1019 in
894 989 1018 1018 castra
1044 983 1162 1032 copiae
1190 983 1367 1021 reductae.

252 1045 341 1083 Hoc
372 1047 470 1083 idern
497 1060 564 1097 per
596 1047 673 1083 dies
705 1047 850 1096 aliquot
882 1046 1047 1083 factum:
1090 1047 1194 1097 prior
1222 1059 1370 1097 semper

250 1109 393 1147 Poenus
414 1111 541 1160 copias
570 1111 701 1147 castris
722 1110 928 1156 educebat3
961 1111 1065 1160 prior
1092 1110 1200 1147 fessis
1230 1111 1367 1148 stando

252 1173 402 1222 signum
423 1174 590 1224 receptui
610 1173 747 1211 dabat:
780 1173 828 1211 ab
847 1181 983 1210 neutra
1001 1181 1108 1224 parte
1130 1186 1366 1224 procursum,

251 1236 417 1273 telumve
437 1238 607 1281 missum,
629 1244 695 1274 aut
722 1250 798 1274 vox
824 1237 901 1273 ulla
921 1244 1027 1274 orta:
1060 1237 1221 1273 mediam
1250 1239 1370 1274 aciem

252 1300 342 1337 hinc
378 1300 561 1354 Romani,
594 1301 698 1338 illinc
731 1302 1072 1351 Karthaginienses
1105 1302 1216 1338 mixti
1248 1301 1368 1345 Afris,

251 1377 396 1402 cornua
415 1367 508 1402 socii
528 1367 736 1411 tenebant3
769 1372 875 1402 erant
903 1372 1029 1401 autem
1058 1366 1248 1415 utrimque
1275 1365 1369 1403 His-

251 1430 342 1480 pani
367 1442 437 1478 pro
464 1430 665 1466 cornibus:
698 1436 786 1467 ante
816 1430 1000 1466 Punicam
1029 1430 1147 1465 aciem
1177 1427 1369 1479 elephanti

253 1492 495 1530 castellorum
531 1493 663 1543 procul
695 1494 858 1544 speciem
890 1492 1123 1543 praebebant.
1179 1492 1267 1529 Jam
1295 1493 1369 1530 hoc

253 1557 294 1594 in
323 1559 491 1607 utrisque
521 1559 650 1594 castris
681 1559 863 1594 sermonis
894 1564 986 1600 erat,
1022 1558 1088 1600 ita,
1120 1564 1162 1594 ut
1194 1558 1371 1594 instructi

253 1623 461 1665 stetissent,
482 1630 716 1672 pugnaturos
736 1637 743 1658 ε
775 1623 916 1659 medias
937 1623 1034 1659 acies
1047 1622 1266 1658 Romanum
1278 1622 1368 1659 Poe-

253 1698 434 1735 numque,
455 1700 549 1736 quos
580 1688 679 1723 inter
706 1687 796 1723 belli
819 1700 952 1724 caussa
980 1693 1091 1730 esset,
1121 1687 1202 1736 pari
1232 1685 1371 1723 robore

253 1752 466 1787 animorum
512 1763 778 1799 armorumque
816 1763 1079 1787 concursuros.
1137 1750 1264 1800 Scipio
1301 1749 1368 1786 ubi

253 1813 335 1852 haec
365 1815 556 1851 obstinate
583 1815 725 1851 credita
757 1815 1036 1857 animadvertit,
1070 1815 1198 1850 omnia
1230 1814 1276 1850 de
1310 1814 1369 1850 iu-

253 1878 399 1914 dustria
427 1879 466 1914 in
495 1891 579 1914 eum
600 1879 712 1920 diem,
733 1891 807 1927 quo
827 1886 1060 1928 pugnaturus
1083 1884 1176 1920 erat,
1198 1878 1370 1914 mutavit.

253 1941 454 1978 Tesseram
483 1943 626 1991 vesperi
658 1954 723 1991 per
753 1949 877 1977 castra
906 1941 1022 1983 dedit,
1059 1947 1100 1976 ut
1127 1947 1214 1976 ante
1245 1939 1367 1976 lucem

253 2005 324 2041 viri
345 2006 504 2054 equique
525 2006 644 2041 curati
665 2012 702 2041 et
731 2005 858 2055 pransi
888 2010 1035 2040 essent:
1070 2010 1235 2039 armatus
1256 2016 1368 2052 eques

254 2068 424 2106 frenatos
454 2070 708 2118 instratosque
727 2075 873 2104 teneret
897 2080 1025 2116 equos
1082 2067 1249 2102 Vixdum
1278 2067 1368 2102 satis

258 2140 361 2169 certa
379 2133 476 2176 luce,
497 2133 705 2181 equitatum
726 2145 878 2168 omnem
897 2144 982 2167 cum
1012 2131 1084 2166 levi
1110 2138 1301 2166 armatura
1329 2131 1368 2166 in

257 2199 439 2235 stationes
468 2198 631 2234 Punicas
651 2198 795 2233 inmisit
814 2213 821 2233 :
855 2196 941 2232 inde
965 2195 1165 2231 confestim
1185 2196 1264 2245 ipse
1284 2206 1370 2230 cum

254 2263 358 2311 gravi
380 2263 530 2311 agmine
557 2261 749 2310 legionum
779 2261 964 2311 procedit,
994 2266 1130 2310 praeter
1149 2259 1368 2308 opinionem

254 2326 480 2363 destinatam
501 2340 654 2364 suorum
672 2327 928 2376 hostiumque,
948 2324 1127 2361 Romano
1147 2323 1266 2364 milite
1283 2335 1366 2359 cor-

1508 729 1511 788 --.-.
1507 592 1516 675 x›——
1510 577 1511 583 c
1510 554 1512 558 .
