1523 2666
122 315 166 346 U.
179 314 217 347 C.
234 322 307 352 ⁵⁵7·

122 360 164 391 A.
176 359 214 391 C.
234 367 306 393 195.

319 217 407 269 436
771 229 818 258 Τ.
844 231 980 260 mvn

323 320 420 355 domi
445 330 575 367 rogare
599 331 668 355 non
691 323 896 369 potuistis?
923 323 984 359 An
1009 323 1209 361 blandiores
1225 326 1264 362 in
1281 326 1437 375 publice,

321 396 429 433 quam
449 385 486 420 in
502 385 661 433 privatO,
682 391 717 421 et
736 388 874 429 alienis,
896 400 1004 436 quam
1019 390 1157 432 vestris,
1177 392 1257 428 estis
1270 392 1291 427 .9
1309 403 1436 440 quam-

319 461 428 498 quam
446 460 489 485 ne
508 450 606 485 domi
623 451 767 497 quidem
785 463 858 493 vos,
879 453 909 487 si
927 454 982 488 sui
992 451 1090 499 juris
1095 454 1232 503 finibus
1253 460 1439 492 matronas

320 515 518 550 contineret
532 515 666 562 pudor,
687 526 765 562 qlloe
784 516 877 562 leges
896 516 953 552 liic
971 523 1199 565 rogarentur,
1221 520 1436 568 abrogaren-

320 585 434 622 turne,
456 591 583 615 curare
602 579 733 614 decuit.
789 578 949 626 Major-es
972 583 1098 625 nostri,
1118 584 1272 627 nullam,
1293 597 1337 621 ne
1357 585 1437 633 pri-

317 649 442 681 vatam
462 644 617 692 quidem,
638 655 713 678 rem
732 655 837 691 agere
850 644 1016 692 feminas
1033 648 1108 683 sine
1133 654 1292 692 auctore,
1313 651 1436 686 volue-

316 714 405 746 runt
416 725 428 753 ,·
457 710 496 744 in
520 720 631 744 manu
650 719 722 744 esse
742 713 950 756 parentum,
960 708 1143 758 fratrum,
1160 714 1318 749 virorum
1332 729 1345 750 ,·
1373 726 1438 750 nos

320 776 368 823 (si
395 775 482 810 Diis
502 773 642 822 placet)
667 772 750 819 jam
769 775 878 809 etiam
904 775 1159 822 rempublicam
1181 789 1360 826 capessere
1378 790 1438 814 eas

311 842 492 890 patimur,
513 844 548 875 et
563 838 655 887 foro
679 851 806 887 prope,
835 844 871 875 et
897 841 1135 884 concionibus,
1157 847 1192 878 et
1211 845 1362 880 comitiis
1380 845 1436 880 in-

315 906 469 942 misceri.
529 904 626 945 Quid
649 905 741 939 enim
772 917 864 940 nunc
893 906 997 942 aliud
1021 919 1089 954 per
1115 909 1193 944 vias
1217 914 1252 945 et
1281 910 1438 958 compita

304 973 472 1023 faciunt,
504 984 613 1021 quam
644 973 849 1019 rogationes
882 973 1099 1010 tribunorum
1127 976 1242 1024 plebis
1270 978 1434 1019 suadent,

314 1039 398 1075 alia>
419 1039 529 1086 legem
550 1037 793 1084 abrogandam
813 1040 984 1075 censent.9
1003 1040 1106 1076 Date
1113 1040 1242 1089 frenos
1260 1043 1437 1090 inpotenti

313 1110 456 1140 naturae
482 1109 517 1139 et
544 1104 720 1139 indomito
747 1104 910 1146 animali,
932 1109 967 1140 et
991 1110 1145 1152 sperate,
1170 1108 1265 1155 ipsas
1289 1108 1436 1143 modum

315 1169 661 1217 licenticesacturas,
682 1170 752 1204 nisi
771 1181 830 1204 vos
838 1168 1016 1217 feceritis.
1074 1171 1265 1207 Minimum
1287 1171 1353 1207 hoc
1374 1183 1434 1208 eo-

313 1248 394 1272 rum
415 1240 478 1278 est,
496 1247 572 1283 qua²
593 1236 714 1282 iniquo
734 1233 1017 1282 (mirrzofeniirzoe
1034 1235 1100 1271 sibi
1115 1241 1179 1272 aut
1200 1237 1354 1272 moribus
1368 1242 1434 1273 aut

315 1301 448 1347 legibus
468 1298 629 1345 injuncta
647 1300 864 1346 patiuntur:
893 1300 1052 1335 omnium
1075 1312 1193 1336 rerum
1217 1301 1431 1344 libertatem,

311 1368 421 1402 immo
452 1365 649 1405 licentiam,
681 1364 728 1410 (si
754 1375 835 1398 vera
866 1364 983 1399 dicere
1011 1365 1190 1411 volumus)
1216 1366 1432 1403 desiderant.

314 1431 411 1472 Quid
431 1431 537 1471 enim,
558 1430 588 1464 si
608 1428 672 1464 hoc
691 1430 984 1476 expugnaverint,
1004 1440 1076 1464 non
1096 1429 1314 1466 tentabunt.9

365 1495 442 1532 ΙΙΙ.
473 1495 665 1531 Recensete
691 1495 811 1530 omnia
833 1494 1022 1530 muliebria
1042 1493 1146 1540 jura,
1171 1495 1295 1543 quibus
1321 1496 1431 1531 licen-

312 1563 401 1597 tiam
432 1572 556 1596 earum
584 1559 826 1606 adligaverint
858 1557 1010 1604 majores
1039 1559 1164 1601 nostri,
1191 1572 1259 1607 per
1287 1571 1433 1608 quaeque

310 1624 518 1672 subjecerint
537 1626 643 1661 viris:
677 1624 800 1672 quibus
817 1623 976 1659 omnibus
1000 1625 1207 1660 constrictas
1225 1625 1284 1661 vix
1310 1629 1431 1660 tamen

311 1694 492 1729 continere
508 1691 666 1738 potestis.
713 1690 841 1730 Quid?
867 1690 898 1725 si
918 1701 1064 1737 carpere
1082 1690 1239 1737 singula,
1259 1694 1294 1725 et
1312 1694 1429 1725 extor-

309 1769 428 1805 quere,
450 1761 485 1792 et
504 1755 683 1803 exaequari
699 1755 748 1790 ad
767 1758 962 1789 extremum
977 1754 1063 1789 viris
1074 1755 1278 1802 patiemini,
1298 1754 1430 1790 tolera-

308 1823 392 1858 biles
411 1821 504 1857 vobis
519 1832 577 1856 eas
585 1818 676 1869 fore
694 1819 840 1855 creditis
854 1820 874 1854 ‚9
902 1819 1091 1866 extemplo,
1113 1819 1221 1854 simul
1236 1831 1343 1867 pares
1360 1830 1430 1855 esse

309 1887 490 1935 coeperint,
511 1886 708 1933 superiores
733 1888 848 1920 erunt.
905 1884 970 1926 At,
990 1883 1161 1926 Hercule,
1183 1895 1228 1919 ne
1253 1884 1341 1932 quid
1364 1896 1429 1920 no-

307 1963 393 1988 vum
423 1951 460 1986 in
489 1961 549 1985 eas
572 1953 733 1996 rogetur,
765 1951 954 1983 recusant:
983 1959 1054 1982 non
1068 1945 1145 1992 jus,
1171 1948 1234 1983 sed
1258 1946 1429 1993 injuriam

310 2017 560 2065 deprecantur.
618 2014 734 2049 Immo
753 2016 806 2055 ut,
829 2024 937 2060 quam
960 2013 1157 2060 accepistis,
1175 2010 1335 2058 jussistis
1350 2011 1428 2061 suf-

299 2081 441 2132 fragiis
458 2081 583 2116 vestris
602 2079 728 2127 legem,
749 2090 858 2126 quam
885 2089 951 2113 usu
982 2081 1034 2113 tot
1061 2089 1239 2113 annorum
1265 2082 1300 2113 et
1323 2089 1430 2126 expe-

307 2146 433 2182 riendo
453 2143 721 2192 comprobastis,
742 2142 833 2178 lianc
851 2147 893 2178 ut
912 2141 1109 2189 abrogetis:
1129 2142 1170 2178 id
1184 2146 1249 2185 est,
1264 2146 1306 2178 ut
1321 2154 1432 2178 unam

310 2211 470 2248 tollendo
491 2210 604 2257 legem
623 2213 757 2245 ceteras
777 2207 975 2256 infirmetis,
1020 2207 1137 2242 Nulla
1157 2207 1213 2243 lex
1229 2208 1319 2243 satis
1334 2219 1430 2243 com-

307 2277 417 2312 moda
436 2273 595 2310 omnibus
616 2277 691 2309 est:
720 2267 758 2309 id
782 2273 888 2308 modo
908 2273 1094 2320 quoeritur,
1118 2273 1149 2307 si
1174 2270 1303 2317 majori
1329 2273 1430 2322 parti

307 2338 344 2377 et
372 2342 410 2377 in
440 2351 616 2376 summam
646 2338 802 2387 prodest.
860 2337 915 2380 Si,
942 2338 1038 2386 quod
1062 2338 1230 2385 cuiquam
1252 2337 1429 2385 privatim

310 2406 444 2455 olficiet
459 2403 536 2452 jus,
567 2404 606 2441 id
632 2404 791 2440 destruet
815 2414 859 2439 ac
884 2403 1112 2445 demolietur,
1134 2402 1222 2453 quid
1251 2400 1428 2437 adtinebit
