1507 2656
289 241 442 270 LIBER
465 236 612 267 xxxt.
645 235 752 263 CAP.
780 235 984 264 xxxvu.
1113 234 1221 281 313'

90 335 222 377 sensit,
243 331 476 384 exprobrans
505 335 647 366 metum
673 327 866 363 successit.
923 326 1130 376 Postquam
1150 341 1197 365 ne
1210 338 1302 370 uc.
1321 344 1393 370 552..

87 403 168 434 tum
184 398 333 447 quidem
353 400 521 446 potestas
542 391 735 443 pugnandi
756 390 930 434 dabatur,
947 392 1036 440 quia
1053 405 1098 428 ex
1117 398 1197 429 tam
1209 383 1251 413 A·
1264 382 1300 413 C·
1320 388 1395 443 αφ’

85 462 305 513 propinquis
321 460 466 497 stativis
483 470 617 509 parum
636 462 721 493 tuta
735 456 984 492 frumentatio
1004 462 1099 500 erat,
1120 457 1196 495 dis·
1209 439 1306 512 {²31¹}
1314 447 1377 513 Ἓξ

87 540 215 578 persos
234 525 371 563 milites
397 536 464 575 per
489 535 600 573 agros
621 520 811 572 equitibus
834 520 1026 572 extemplo
1046 522 1198 561 invasu·
1210 525 1387 573 elephanti<

87 592 136 628 ris
151 607 162 636 ς
194 597 283 627 octo
302 589 420 626 ferme
440 588 526 624 inde
545 586 677 630 millia,
699 585 899 622 intervallo
920 587 1100 623 tutiorem
1119 586 1200 625 fru·
1213 569 1363 599 Romam.

86 654 362 691 mentationem
389 652 604 695 habiturus,
625 657 750 688 castra
778 651 825 688 ad
852 649 1114 701 Octolophum
1145 653 1203 702 (id

88 726 147 756 est
174 719 260 756 loco
285 718 444 765 nomen)
467 717 598 754 movit.
655 717 786 756 Quum
805 716 844 752 in
872 716 1089 768 propinquo
1108 730 1202 767 agro

91 783 414 820 frumentarentur
451 781 633 824 Romani,
671 780 795 831 primo
828 793 896 818 rex
931 781 1033 817 intra
1063 781 1203 819 vallum

90 860 177 885 suos
210 848 348 891 tenuit,
378 852 420 883 ut
450 852 635 882 cresceret
664 844 776 881 simul
802 853 841 881 et
862 844 1098 894 negligentia
1116 858 1203 883 cum

88 912 247 949 audacia
266 911 380 948 hosti.
425 910 503 948 Ubi
519 909 655 947 effusos
676 909 782 953 vidit,
802 922 889 946 cum
908 910 1011 947 omni
1030 912 1203 960 equitatu

88 984 127 1015 et
147 978 387 1014 Cretensium
406 976 668 1020 auxiliaribus,
689 983 874 1026 quantum
903 977 1071 1026 equitem
1097 977 1202 1014 velo-

87 1042 228 1079 cissimi
256 1041 401 1092 pedites
432 1053 544 1077 cursu
572 1049 720 1089 aequare
750 1047 943 1091 poterant,
965 1042 1084 1078 citato
1112 1055 1202 1093 pro-

87 1106 208 1144 fectus
228 1107 393 1155 agmine,
415 1106 514 1141 inter
533 1110 657 1142 castra
682 1104 862 1141 Romana
887 1112 925 1142 et
947 1105 1203 1144 frumentato-

85 1183 142 1207 res
165 1170 364 1207 constituit
383 1169 504 1218 signa.
563 1168 671 1211 Inde,
693 1169 812 1219 copiis
833 1169 974 1213 divisis,
992 1176 1138 1221 partem
1156 1172 1205 1209 ad
1215 1171 1380 1207 Proeiium

87 1235 361 1272 consectandos
377 1247 494 1284 vagos
507 1233 800 1271 frumentatores
817 1234 956 1278 emisit,
973 1236 1064 1273 dato
1076 1237 1203 1287 signo,

86 1313 134 1336 ne
153 1313 264 1349 quem
288 1301 413 1337 vivum
438 1299 692 1349 relinquerent
707 1316 717 1346 ;
751 1313 836 1336 cum
864 1307 972 1351 parte
1002 1301 1083 1353 ipse
1112 1302 1202 1340 sub·

87 1365 200 1408 stitit,
234 1365 459 1414 itineraque,
489 1363 625 1413 quibus
656 1364 704 1401 ad
736 1372 861 1401 castra
886 1367 1074 1402 recursuri
1100 1367 1203 1404 vide-

86 1429 227 1466 bantur
245 1430 388 1473 hostes,
410 1429 572 1466 obsedit.
627 1429 716 1466 Jam
742 1430 882 1479 passim
908 1430 1028 1467 caedes
1049 1444 1092 1468 ac
1112 1431 1205 1482 fuga

85 1500 182 1537 erat,
202 1493 363 1530 necdum
382 1494 581 1543 quisquam
610 1494 649 1529 in
680 1500 804 1530 castra
831 1493 1012 1532 Romana
1041 1497 1202 1533 nuncius

85 1558 201 1595 cladis
221 1565 444 1608 pervenerat
456 1575 466 1604 5
490 1559 579 1607 quia
594 1558 826 1607 refugientes
846 1559 886 1594 in
906 1560 1050 1608 regiam
1066 1563 1203 1598 statio-

84 1635 172 1660 nem
204 1622 447 1669 incidebant3
498 1629 536 1659 et
568 1622 693 1673 plures
728 1623 776 1659 ab
811 1623 1072 1661 obsidentibus
1107 1627 1200 1670 vias,

85 1700 197 1737 quarn
222 1687 268 1724 ab
295 1688 439 1723 emissis
466 1687 513 1723 ad
546 1689 700 1730 caedem,
732 1688 1082 1726 interficiebantur:
1115 1697 1200 1729 tan-

85 1751 166 1787 dem
194 1752 293 1787 inter
321 1751 461 1786 medias
492 1751 660 1787 hostium
691 1752 875 1788 stationes
903 1751 1021 1803 elapsi
1045 1755 1199 1804 quidam

84 1815 236 1864 trepidi,
270 1814 473 1851 tumultum
503 1815 637 1865 magis,
672 1828 786 1865 quarn
824 1822 970 1853 certum
1001 1819 1199 1864 nuncium,

86 1879 297 1916 intulerunt
317 1880 461 1917 castris.

137 1944 356 1981 XXXVII.
387 1945 545 1989 Consul,
566 1946 755 1995 equitibus
779 1946 913 1997 jussis,
940 1961 1015 1998 qua
1038 1949 1199 2000 quisque

84 2016 228 2060 posset,
263 2022 375 2060 opem
411 2009 510 2046 ferre
546 2009 825 2056 laborantibus,
860 2013 940 2063 ipse
975 2012 1145 2066 legiones
1179 2029 1201 2054 e

84 2074 217 2110 castris
238 2074 378 2117 educit,
399 2081 437 2111 et
457 2076 607 2124 agmine
627 2076 813 2125 quadrato
832 2077 879 2114 ad
904 2078 1055 2116 hostem
1083 2080 1202 2118 ducit.

82 2137 257 2188 Dispersi
285 2139 429 2187 equites
457 2152 524 2189 per
552 2152 663 2189 agros
693 2141 846 2190 quidam
875 2141 1114 2187 aberrarunt,
1133 2145 1200 2181 de·

85 2202 186 2251 cepti
223 2201 451 2239 clamoribus
488 2203 570 2240 aliis
605 2218 652 2242 ex
689 2206 765 2242 alio
797 2207 1068 2244 exsistentibus
1099 2208 1198 2247 loco.

87 2265 180 2302 Pars
201 2266 333 2303 obvios
354 2267 569 2304 habuerunt
588 2269 717 2306 hostes
734 2286 741 2307 ι
774 2270 944 2321 pluribus
971 2271 1064 2308 locis
1088 2273 1200 2312 simul

85 2343 215 2381 pugna
234 2333 364 2382 coepit.
420 2333 545 2383 Regia
573 2335 689 2372 statio
715 2336 996 2372 atrocissimum
1022 2338 1199 2388 proelium

86 2395 243 2432 edebat:
277 2409 366 2433 nam
383 2399 522 2449 etipsa
548 2398 790 2438 multitudine
813 2401 982 2451 equitum
1011 2403 1199 2453 peditum·

139 2459 241 2497 Vox..
270 2459 347 2498 111.
634 2463 667 2500 P
