1507 2656
258 192 413 225 LIBER
438 190 582 222 XXIX·
614 189 721 220 CAP.
742 189 947 219 XXXVII·
1074 188 1155 233 209

0 320 1 326 ,
49 282 190 335 populo
210 283 361 325 iratum,
381 279 482 329 quod
508 278 642 327 iniquo
664 276 813 328 judicio
835 275 1025 325 quondam
1052 276 1156 312 dam-
1169 284 1211 314 U.
1222 283 1258 313 C.
1274 289 1349 314 548,

0 359 1 381 z
49 353 159 384 natus
180 352 298 383 esset:
330 351 368 381 et
390 344 429 380 in
455 344 578 393 pretio
598 342 684 379 salis
714 342 878 378 maxime
897 347 1070 377 oneratas
1090 341 1158 376 tri·
1170 327 1209 357 A·
1224 326 1261 358 C·
1274 332 1349 357 ²⁰4‘

0 427 1 454 5
47 407 132 454 bus,
154 422 309 460 quarum
328 421 443 459 opera
471 409 670 444 damnatus
700 413 794 451 erat,
817 405 1042 443 credebant:
1074 406 1161 442 inde

0 482 1 516 ξ
50 474 253 510 Salinatori
270 473 381 510 Livio
400 473 562 508 inditum
585 483 812 520 cognomen.
867 469 1050 506 Lustrum
1069 481 1163 505 con-

51 538 170 574 ditum
199 538 329 580 serius,
359 538 447 586 quia
477 549 543 587 per
579 535 793 586 provincias
826 534 1048 570 dimiserunt
1074 546 1162 570 cen-

0 631 1 646 }
51 614 167 645 sores,
190 608 230 638 ut
256 602 392 638 civium
420 600 686 637 Romanorum
715 600 754 635 in
779 598 1021 641 exercitibus,
1043 610 1163 647 quan-

48 671 108 700 tus
138 664 276 714 ubique
304 671 416 709 esset,
445 664 648 701 referretur
678 675 870 699 numerus,
928 661 1053 697 Censa
1078 673 1164 698 cum

2 735 3 738 ’
51 729 94 764 iis
115 729 277 765 ducenta
296 729 424 765 decem
445 734 608 777 quatuor
636 727 756 763 millia
774 727 973 762 hominum
991 741 999 761 ι
1032 725 1164 761 condi·

0 796 3 824 ι’
51 792 105 828 dit
137 792 295 828 lustrum
328 792 373 829 C.
401 791 580 828 Claudius
609 791 728 827 Nero.
785 789 1000 826 Duodecim
1032 788 1165 824 deinde

0 851 4 876 ³
50 855 300 899 coloniarum,
341 855 459 905 (quod
494 868 701 904 numquam
737 860 850 891 antea
886 853 1031 890 factum
1063 851 1163 897 erat)

50 917 303 954 deferentibus
337 919 503 968 ipsarum
536 918 771 954 coloniarum
808 916 1043 958 censoribus,
1077 927 1166 950 cen-

0 1001 2 1036 }
49 994 132 1017 sum
168 988 416 1032 acceperunt:
467 988 522 1025 ut,
562 988 745 1031 quantum
787 993 947 1017 numero
987 978 1164 1021 militum,

0 1053 2 1066 '
50 1051 234 1094 quantum
258 1046 420 1095 pecunia
445 1045 628 1088 valerent,
655 1046 695 1080 in
723 1044 883 1094 publicis
913 1042 1051 1079 tabulis
1082 1055 1166 1078 mo-

50 1115 233 1145 numenta
279 1115 482 1146 exstarent.
539 1109 724 1157 Equitum
763 1106 897 1143 deinde
935 1119 1067 1143 census
1105 1106 1167 1155 agi

51 1179 197 1222 coeptus
227 1178 309 1207 est:
342 1178 381 1208 et
409 1172 522 1208 ambo
540 1172 641 1208 forte
670 1183 845 1208 censores
875 1183 1013 1219 equum
1041 1170 1166 1221 publi-

5 1278 6 1289 *
51 1248 137 1271 cum
166 1235 371 1272 habebant.
427 1236 557 1275 Quum
586 1236 633 1272 ad
662 1235 805 1271 tribum
830 1234 992 1270 Polliam
1012 1241 1165 1270 ventum
1178 1243 1350 1275 Certamen

5 1291 6 1321 ἶ
51 1304 120 1341 est,
142 1299 180 1334 in
201 1312 273 1347 qua
291 1299 348 1335 M.
368 1299 469 1334 Livii
488 1312 627 1335 nomen
649 1305 742 1342 erat,
764 1305 802 1334 et
820 1311 945 1348 praeco
967 1305 1163 1334 cunctare-
1176 1294 1352 1360 332⁸&ss-

6 1374 7 1383 ¹
50 1368 112 1398 tur
142 1363 257 1398 citare
286 1364 409 1413 ipsum
438 1376 656 1408 censorem3
695 1364 790 1405 Cita,
822 1364 944 1411 inquit
967 1362 1090 1405 Nero,
1110 1363 1164 1398 M.
1178 1382 1273 1405 sores.

51 1426 193 1462 Livium
208 1443 219 1463 :
249 1433 299 1469 et,
321 1428 397 1462 sive
418 1439 463 1463 ex
483 1427 631 1463 residua
651 1434 688 1462 et
710 1435 834 1463 vetere
865 1426 1069 1469 simultate,
1091 1427 1168 1463 sive

50 1490 313 1539 intempestiva
339 1491 553 1541 jactatione
586 1492 795 1526 severitatis
828 1490 993 1532 inflatus,
1023 1490 1081 1526 M.
1100 1490 1168 1525 Li-

49 1554 165 1597 vium,
197 1554 283 1602 quia
315 1555 445 1604 populi
472 1554 620 1603 judicio
656 1562 754 1590 esset
787 1554 999 1596 damnatus,
1033 1566 1170 1601 equum

50 1618 208 1654 vendere
230 1617 358 1668 jussit.
416 1619 514 1654 Item
545 1618 601 1655 M.
621 1619 767 1661 Livizm,
804 1632 918 1667 quum
952 1618 998 1654 ad
1028 1618 1170 1654 tribum

51 1683 277 1719 Arniensem
307 1689 345 1718 et
372 1696 513 1718 nomen
544 1683 699 1730 collegae
729 1690 883 1718 ventum
912 1691 982 1725 est,
1010 1682 1170 1718 vendere

9 1792 10 1795 Ἴ
53 1759 190 1794 equum
220 1747 262 1782 C.
285 1746 487 1783 Claudium
509 1746 640 1796 jussit,
670 1748 827 1783 duarum
856 1759 980 1781 rerum
1011 1758 1165 1790 caussa3

8 1823 10 1844 ὲ
55 1810 179 1852 unius,
201 1811 303 1859 quod
330 1809 467 1846 falsum
497 1811 672 1846 adversus
704 1823 742 1846 se
770 1811 1032 1846 testimonium
1054 1810 1171 1845 dixis-

54 1879 134 1918 set3
167 1873 335 1918 alterius,
356 1875 457 1923 quod
486 1887 563 1911 non
595 1877 741 1911 sinczra
767 1875 837 1910 fide
863 1887 989 1910 secum
1018 1875 1055 1909 in
1085 1886 1169 1921 gra-

10 1948 11 1953 *
53 1936 146 1972 tiam
175 1938 342 1975 redisset.
401 1937 535 1987 Itaque
569 1939 622 1975 ibi
653 1940 796 1975 foedum
826 1946 1015 1974 certamen
1047 1937 1170 1985 inqui-

9 2014 11 2019 ⁴
53 2001 169 2036 nandi
198 2000 340 2038 famam
368 2001 536 2045 alterius,
559 2016 645 2038 cum
675 2016 750 2039 suae
779 2003 888 2039 famae
919 2002 1072 2043 damno,
1092 2000 1171 2036 fac-

54 2069 136 2099 tum
156 2070 224 2101 est.
280 2066 398 2101 Exitu
419 2079 585 2103 censurae
606 2079 722 2115 quum
750 2068 788 2101 in
816 2067 917 2114 leges
941 2065 1108 2114 jurasset
1128 2064 1172 2101 C.

57 2127 248 2172 Claudius,
279 2136 318 2165 et
348 2131 386 2166 in
419 2132 590 2166 aerarium
618 2131 859 2171 escendisset,
895 2131 991 2165 inter
1020 2140 1174 2164 inmunia

58 2203 202 2235 eorum,
224 2205 316 2241 quos
338 2196 487 2230 aerarios
519 2194 770 2243 relinquebat,
797 2194 899 2229 dedit
919 2192 1073 2240 collegae·
1104 2203 1172 2227 no-

57 2267 158 2292 men.
212 2256 362 2294 Deinde
383 2258 440 2295 M.
459 2257 591 2294 Livius
612 2260 651 2294 in
675 2258 847 2295 aerarium
866 2257 983 2299 venit,
1006 2261 1056 2298 et,
1078 2267 1173 2304 prae-

59 2325 116 2355 ter
134 2319 310 2358 Maeciam
330 2322 486 2367 tribum,
507 2335 589 2375 quae
620 2335 658 2360 se
688 2335 756 2360 nec
777 2321 1079 2363 condemnasset,
1107 2330 1172 2355 ue*
