1507 2656
324 168 478 198 tumn
501 167 652 196 XXIX.
685 164 790 195 cAP.
815 167 898 195 111.
1083 154 1158 194 161

59 259 195 296 festum
224 260 393 310 inpetum
429 256 595 298 barbari,
627 256 667 292 ni
694 253 844 303 regulus
879 254 958 303 ipse
988 252 1160 289 Indibilis
1175 257 1216 286 U.
1229 255 1265 285 C·
1283 250 1356 290 54¹7.

58 337 141 360 eum
162 323 349 372 equitibus
376 323 422 358 ad
445 321 556 371 pedes
588 319 769 369 degressis
801 324 889 354 ante
914 318 1035 367 prima
1054 317 1162 365 signa
1175 301 1213 329 Α·
1229 299 1266 329 C·
1281 305 1358 329 ⁹⁰⁵⁶

58 388 224 437 peditum
245 399 283 422 se
303 385 516 435 objecisset.
573 384 633 419 Ibi
653 382 882 431 aliquamdiu
902 388 1013 417 atrox
1035 392 1164 430 pugna

59 450 185 486 stetit:
218 449 367 485 tandem
387 455 589 498 postquam
612 447 652 489 ii,
680 446 743 494 qui
764 445 862 481 circa
881 457 1022 492 regem,
1052 443 1162 479 semi·
1177 444 1322 492 Indibilis

59 525 188 548 necem
206 518 424 554 restantem,
442 510 574 547 deinde
595 509 672 560 pilo
692 517 800 544 terrae
821 508 998 549 adfixum,
1016 520 1162 557 pugna-
1177 496 1314 518 ‘memus’

57 575 164 618 bant,
202 575 328 612 obruti
361 574 445 611 telis
478 574 756 615 obcubuerunt‚
790 580 871 607 tum
900 571 992 619 fuga
1026 571 1165 619 passim

57 645 195 688 coepta,
230 638 429 688 pluresque
467 637 566 679 caesi,
606 637 693 685 quia
733 647 849 683 equos
888 633 1166 670 conscendendi

57 701 244 750 equitibus
265 703 428 751 spatium
448 713 525 736 non
545 699 683 742 fuerat,
701 705 739 734 et
758 699 846 747 quia
868 697 1046 747 perculsis
1069 697 1166 733 acri-

56 772 114 801 ter
142 766 361 801 institerunt
389 765 579 801 Romani:
611 776 682 800 nec
719 771 807 799 ante
840 763 1055 798 abscessum
1093 768 1164 805 est,

57 840 170 876 quam
201 829 331 864 castris
363 840 512 877 quoque
537 833 722 863 exuerunt
750 827 912 862 hostem.
969 825 1167 860 Tredecim

57 890 176 926 millia
204 891 466 940 Hispanorum
500 903 595 926 caesa
625 903 670 926 eo
700 890 773 933 die,
805 889 1015 937 octingenti
1048 887 1168 923 ferme

57 955 172 1004 capti.
239 954 505 990 Romanorum
543 955 806 1003 sociorumque
839 953 967 1003 paullo
1005 951 1165 1001 amplius

58 1018 225 1061 ducenti,
252 1019 415 1054 maxime
441 1020 480 1054 in
509 1018 603 1054 laevo
624 1031 755 1060 comu,
777 1018 1005 1053 ceciderunt.
1061 1015 1169 1051 Pulsi

60 1083 191 1119 castris
212 1082 391 1133 Hispani,
409 1090 475 1119 aut
494 1084 558 1131 qui
578 1095 624 1118 ex
641 1082 778 1132 proelio
799 1082 1021 1130 effugerant,
1049 1079 1170 1129 sparsi

57 1147 181 1197 primo
201 1159 267 1197 per
286 1159 411 1196 agrOS,
432 1147 566 1182 deinde
586 1147 624 1182 in
644 1158 729 1183 suas
746 1147 904 1196 quisque
923 1145 1092 1181 civitates
1109 1155 1168 1179 re-

57 1210 220 1248 dierunt.

113 1274 189 1312 111.
218 1275 317 1312 Tum
335 1289 358 1313 a
375 1275 589 1312 Mandonio
610 1275 757 1312 evocati
776 1275 815 1310 in
836 1273 1054 1317 concilium,
1076 1285 1167 1309 con·
1182 1280 1314 1328 Dedunr
1327 1288 1363 1311 se

60 1339 257 1388 questique
272 1340 326 1376 ibi
346 1339 469 1376 clades
489 1352 589 1382 suas,
610 1340 803 1389 increpitis
824 1339 1042 1375 auctoribus
1062 1337 1167 1380 belli,
1182 1325 1328 1363 H¹³p³¹¹¹'

59 1402 208 1450 legatos
230 1404 435 1439 mittendos
461 1403 508 1439 ad
534 1416 638 1441 arma
662 1403 843 1439 tradenda
863 1403 1169 1450 deditionemque

59 1464 272 1502 faciendam
304 1473 542 1503 censuerunt.
599 1466 763 1508 Quibus,
795 1465 944 1515 culpam
972 1466 1012 1500 in
1037 1471 1170 1500 aucto-

58 1540 139 1565 rem
164 1528 254 1565 belli
284 1529 499 1572 Indibilem,
531 1537 751 1578 ceterosque
778 1531 981 1580 principes,
1010 1540 1172 1581 quorum

59 1591 228 1643 plerique
248 1593 287 1628 in
306 1594 386 1632 acie
406 1594 642 1636 cecidissent,
667 1592 965 1635 conferentibus,
986 1592 1171 1628 tradenti-

61 1655 206 1704 busque
226 1670 342 1699 arma,
363 1664 402 1692 et
421 1658 642 1693 dedentibus
663 1670 756 1700 sese,
775 1670 997 1706 responsum
1017 1662 1092 1692 est:
1127 1656 1173 1691 Ιη

62 1720 277 1756 declitmnem
296 1722 348 1756 ita
364 1723 479 1768 accipi
495 1733 563 1763 eos,
579 1723 610 1756 si
625 1721 864 1756 Mandonium
881 1725 1078 1767 ceterosque
1093 1719 1175 1754 belli

65 1786 256 1820 concitores
275 1786 503 1821 tradidissent
528 1788 622 1821 vivos
635 1802 646 1822 .·
674 1787 727 1821 sin
748 1788 874 1827 minus,
893 1787 1064 1820 exercitus
1082 1796 1118 1819 se
1138 1785 1175 1819 z'n

64 1861 192 1895 agrum
211 1850 407 1897 Ilergetum
425 1852 768 1898 Ausetanorumque,
787 1855 820 1885 et
841 1852 1004 1897 deinceps
1021 1850 1174 1884 aliorum

59 1913 276 1960 populorum
294 1915 473 1949 ducturos.
530 1913 625 1949 Haec
645 1914 746 1949 dicta
765 1913 914 1961 legatis,
933 1912 1173 1948 renunciata-

64 1988 135 2024 que
154 1976 192 2011 in
213 1976 427 2013 concilium.
484 1976 543 2012 Ibi
563 1976 796 2012 Mandonius
818 1977 1008 2024 ceterique
1033 1975 1173 2025 princi·
1189 1980 1386 2012 Mandonius

63 2052 129 2090 pes
150 2041 411 2090 comprehensi
431 2049 468 2076 et
488 2041 615 2077 traditi
633 2041 679 2076 ad
699 2040 937 2090 supplicium.
976 2039 1173 2088 Hispaniae
1188 2025 1318 2107 ἑῗέἐῖῗ
1335 2024 1374 2054 ad

66 2104 214 2154 populis
234 2105 379 2140 reddita
399 2118 472 2154 pax
489 2120 495 2141 :
529 2106 758 2154 stipendium
779 2104 858 2154 ejus
880 2105 968 2140 anni
985 2104 1122 2153 duplex
1139 2112 1176 2138 et
1191 2112 1293 2142 cium.

65 2168 294 2205 frumentum
310 2181 375 2204 sex
391 2170 575 2204 mensium
592 2170 830 2217 imperatum,
849 2181 1014 2216 sagaque
1028 2176 1064 2203 et
1079 2174 1178 2215 togae

68 2232 263 2274 exercitui,
291 2240 327 2267 et
358 2232 505 2267 obsides
534 2232 581 2267 ab
609 2233 767 2280 triginta
791 2232 909 2267 ferme
939 2230 1088 2280 populis
1116 2244 1179 2266 ac-

69 2296 181 2347 cepti.
222 2295 284 2333 Ita
302 2295 499 2348 Hispania}
521 2296 737 2333 rebellantis
760 2295 938 2339 tumultu,
956 2295 1058 2335 haud
1074 2306 1182 2345 mag·
