1507 2656
342 213 495 242 LIBER
519 210 663 240 xxxl.
696 209 803 239 CAP·
827 211 967 240 XLVI·
1127 207 1210 256 325

103 304 305 341 stationem
324 303 369 340 ad
394 302 586 340 Zelasium
606 301 803 343 miserunt,
827 299 1016 348 (Isthmiae
1042 300 1079 337 id
1099 313 1211 351 super
1225 311 1315 342 uc.
1335 318 1409 344 552.

99 367 380 404 Demetriadem
409 365 713 418 promontorium
742 370 800 400 est
828 371 1112 415 peropportune
1140 365 1210 402 ob-
1224 355 1316 386 ΛὈ·
1335 363 1411 387 ²⁰⁰·

94 429 258 480 jectum)
282 437 335 474 ut,
357 431 386 467 si
417 430 505 479 quid
526 429 613 465 inde
640 436 837 465 moverent
865 428 1122 464 Macedonum
1142 442 1210 465 na-

98 506 176 537 veS,
206 495 244 531 iu
278 494 452 545 praesidio
481 500 618 530 essent.
675 492 897 529 Heraclides
927 492 1126 543 praefectus
1153 506 1212 529 re-

98 558 180 607 gius
210 558 366 595 classem
396 558 448 594 ibi
478 557 648 600 tenebat,
669 558 788 606 magis
809 569 876 607 per
903 557 1158 600 occasionem,
1179 557 1212 593 si

100 633 212 670 quam
239 622 475 671 negligentia
502 622 669 657 hostium
695 621 870 664 dedisset,
891 634 1005 670 quam
1024 627 1156 671 aperta
1174 621 1211 656 vi

97 686 300 735 quidquam
320 700 490 723 ausurus.
547 686 690 722 Oreum
721 686 855 722 diversi
882 685 1050 722 Romani
1079 692 1117 722 et
1145 698 1211 722 rex
1224 688 1347 720 Oreum
1364 686 1424 718 ob·

102 752 260 788 Attalus·
289 753 585 803 obpugnabant:
632 751 799 788 Romani
831 765 852 787 a
890 753 1080 788 maritima
1109 765 1209 796 arce,
1224 739 1417 772 pugnatum·

99 817 191 865 regii
211 817 387 853 adversus
407 817 540 853 vallem
562 817 660 852 inter
679 816 768 853 duas
782 815 976 866 jacentem
998 829 1116 860 arces,
1137 829 1212 866 qua

97 887 135 916 et
155 894 262 917 muro
283 883 491 931 intersepta
510 882 597 918 urbs
618 888 686 918 est.
744 882 796 918 Et
817 889 858 917 ut
876 881 961 918 loca
980 881 1140 924 diveisa,
1159 883 1211 918 sic

97 943 235 994 dispari
263 946 376 981 modo
410 947 524 982 etiam
559 946 854 996 obpugnabant:
891 945 1059 982 Romani
1090 954 1211 983 testu·

96 1009 261 1051 dinibus,
283 1016 321 1045 et
336 1011 469 1052 vineis,
491 1016 529 1046 et
548 1010 666 1046 ariete
685 1010 922 1046 admovendo
943 1011 1057 1046 muris
1074 1026 1081 1046 :
1116 1012 1211 1060 regii

96 1072 271 1118 ballistis,
294 1074 585 1125 catapultisque,
606 1082 644 1110 et
663 1074 739 1111 alio
759 1076 862 1111 omni
883 1088 1019 1124 genere
1040 1082 1209 1113 tormen-

96 1144 221 1174 torum
259 1139 335 1175 tela
369 1140 608 1189 ingerentes:
659 1146 696 1176 et
733 1139 900 1190 pondere
937 1140 1082 1188 ingenti
1120 1153 1212 1176 saxa

91 1202 302 1253 jaciebant,
324 1210 361 1241 et
382 1204 591 1248 cuniculos,
613 1211 651 1241 et
670 1205 851 1254 quidquid
874 1204 975 1240 aliud
996 1205 1122 1254 priore
1141 1205 1208 1241 ob-

97 1269 332 1317 pugnatione
353 1276 549 1319 expertum
568 1269 775 1320 profuerat.
831 1270 1009 1305 Ceterum
1030 1282 1107 1306 non
1127 1269 1211 1321 plu-

99 1345 157 1368 res
188 1340 337 1369 tantum
365 1334 616 1377 Macedones,
638 1347 751 1384 quam
780 1340 883 1376 aute,
913 1333 1119 1370 tuebantur
1148 1348 1210 1371 ur-

98 1396 183 1433 bem
205 1410 396 1446 arcesque,
419 1399 482 1435 sed
503 1399 617 1435 etiam
646 1398 954 1449 praesentioribus
985 1400 1136 1443 animis,
1158 1407 1209 1443 et,

100 1462 415 1509 castigationibus
439 1463 538 1511 regis
565 1463 602 1499 in
628 1463 790 1499 admissa
811 1463 935 1513 culpa,
958 1464 1068 1500 simul
1088 1465 1211 1501 mina·

96 1537 193 1569 rum,
215 1526 326 1562 simul
356 1527 655 1577 promissionum
675 1528 714 1562 in
735 1527 905 1563 futurum
933 1541 1135 1572 memores,
1156 1530 1210 1566 ita

94 1595 135 1625 ut
154 1603 286 1640 parum
305 1592 344 1627 in
366 1593 648 1642 expugnatione
667 1591 776 1628 celeri
799 1592 878 1642 spei
895 1599 1004 1629 esset.
1048 1593 1209 1630 Interim

95 1661 134 1690 et
153 1654 254 1690 aliud
280 1656 341 1704 agi
372 1669 482 1705 posse
512 1663 615 1692 ratus
644 1656 806 1705 legatus,
826 1656 981 1699 relictis,
1003 1666 1097 1706 quot
1116 1659 1207 1695 satis

94 1719 321 1755 videbantur
350 1721 396 1756 ad
425 1734 541 1770 opera
568 1720 809 1770 perficienda,
840 1721 1038 1765 militibus,
1066 1721 1209 1772 trajicit

95 1782 135 1817 in
155 1783 329 1832 proxima
349 1785 599 1820 continentis:
633 1784 899 1833 Larissamque
929 1786 1024 1833 (non
1045 1784 1148 1822 illam
1169 1787 1204 1823 ir

95 1845 292 1884 Thessalia
321 1848 488 1885 nobilem
519 1848 664 1892 urbem,
686 1849 750 1884 sed
780 1848 951 1893 alteram,
981 1863 1094 1899 quam
1115 1852 1208 1888 Cre-

94 1917 241 1947 masten
263 1914 418 1960 vocant)
440 1913 568 1949 subito
588 1912 766 1956 adventu,
783 1920 920 1963 praeter
939 1926 1077 1958 arcem,
1095 1916 1208 1966 cepit.

94 1975 248 2012 Attalus
282 1989 433 2026 quoque
466 1976 670 2026 AEgeleon,
705 1977 801 2013 nihil
837 1979 962 2014 minus
992 1992 1104 2028 quam
1132 1979 1209 2017 tale

95 2041 300 2091 quidquam
330 2043 368 2078 in
398 2042 551 2079 alterius
582 2043 871 2093 obpugnatione
905 2044 1007 2080 urbis
1036 2046 1208 2081 timenti-

94 2106 178 2148 bus,
201 2106 400 2157 obpressit.
448 2108 499 2144 Et
511 2107 595 2158 jam
616 2120 731 2156 quum
751 2120 868 2158 opera
887 2109 925 2144 in
943 2108 1079 2144 effectu
1099 2116 1208 2145 erant

96 2170 193 2207 circa
214 2171 371 2215 Oreum,
398 2178 478 2208 tum
509 2172 738 2222 praesidium,
769 2173 871 2222 quod
901 2174 1001 2210 intus
1032 2180 1126 2217 erat,
1151 2173 1206 2210 la·
1220 2179 1362 2221 Capitur,

92 2234 187 2272 bore
212 2236 382 2280 adsiduo,
411 2236 547 2285 vigiliis
575 2237 718 2273 diurnis
749 2238 891 2287 pariter
916 2239 1206 2288 nocturnisque,

96 2305 133 2335 et
152 2299 368 2337 vulneribus
389 2299 618 2337 confectum.
674 2300 778 2337 Muri
796 2314 947 2351 quoque
967 2314 1067 2351 parS,
1088 2303 1206 2340 ariete

91 2363 244 2401 incusso
273 2364 443 2411 subruta,
463 2365 591 2402 multis
611 2365 696 2416 jam
723 2365 817 2403 locis
850 2366 1085 2418 prociderat:
1118 2380 1205 2419 per-
