1523 2666
325 205 411 249 490
780 206 825 234 T.
849 206 983 235 L1v11

133 296 176 327 U.
190 295 226 328 C-
243 303 314 329 558.
329 307 461 331 annum
477 295 511 330 in
521 295 725 343 promiscuo
743 300 939 343 spectatum
960 307 1041 332 esse.
1087 295 1184 337 Quid
1200 299 1344 344 repente
1349 293 1438 343 fac-

133 340 173 370 Α·
188 340 223 372 C·
245 348 315 373 194.
330 364 419 401 tum,
441 371 504 395 cur
524 360 698 395 immisceri
711 359 774 395 sibi
793 361 829 396 in
847 372 954 395 cavea
974 361 1104 396 Patres
1117 359 1253 408 plebem
1268 359 1438 395 nollent?

330 436 392 460 cur
411 425 508 460 clives
533 436 728 471 pauperem
757 436 985 461 consessorem
1004 424 1232 474 fastidiret?
1258 436 1386 460 novam
1405 426 1440 459 et

328 489 512 537 superbum
533 489 727 531 libidinem,
744 490 787 525 ab
806 491 941 526 nullius
959 496 1042 526 ante
1057 493 1172 538 gentis
1186 495 1308 526 senatu
1328 500 1440 537 neque

329 555 582 596 desideratam,
602 564 715 600 neque
734 554 947 590 institutam.
982 554 1182 590 Postremo
1202 554 1324 604 ipsum
1343 564 1438 601 quo-

329 630 402 665 que
420 617 658 659 Africanum,
679 617 780 665 qnod
803 617 935 653 consul
956 624 1089 653 auctor
1108 617 1188 667 ejus
1215 618 1268 654 rei
1287 617 1436 658 fuisset,

328 681 552 730 poenituisse
571 679 710 716 ferunt.
766 681 874 717 Adeo
902 680 998 716 nihil
1026 688 1172 717 motum
1195 693 1242 717 ex
1265 681 1437 729 antiquo,

328 744 526 794 probabile
559 751 636 780 est:
674 745 878 788 veteribus,
912 745 983 781 nisi
1017 758 1100 795 quae
1129 757 1216 782 usus
1251 744 1440 781 evidenter

329 809 466 856 arguit,
489 808 578 844 stari
600 808 757 844 malunt.

135 873 176 903 U.
192 874 227 904 C.
244 882 314 908 559.
381 871 464 909 LV.
494 872 688 922 Principio
706 873 808 914 anni,
831 885 906 921 quo
933 872 978 910 L.
1001 871 1214 916 Cornelius,
1238 872 1287 912 Q.
1306 871 1438 909 Minu'-

134 918 172 947 Α·
187 918 223 948 C'
245 925 406 972 19²³'cius
428 936 600 972 consules
627 935 795 979 fuerunt,
816 943 925 972 terrae
955 943 1080 972 motus
1110 937 1164 973 ita
1194 936 1314 972 crebri
1342 948 1439 972 nuu-

329 1001 540 1044 ciabantur,
572 1007 613 1036 ut
643 1014 720 1037 non
754 1002 805 1037 rei
833 1007 981 1038 tantum
1013 1002 1143 1051 ipsius,
1168 1001 1231 1037 sed
1260 1001 1437 1037 feriarum

327 1078 477 1114 quoque
512 1065 561 1101 ob
595 1065 631 1100 id
668 1065 907 1109 indictarum,
939 1066 1110 1102 homines
1142 1066 1318 1102 taederet:
1350 1078 1439 1102 nam

327 1142 450 1178 neque
471 1136 620 1165 senatus
641 1128 787 1172 haberi,
809 1142 930 1179 neque
954 1130 1166 1180 respublica
1185 1129 1439 1167 administrari

327 1199 492 1242 poterat,
510 1192 757 1229 sacrificando
777 1194 1039 1243 expiandoque
1060 1194 1254 1243 occupatis
1271 1193 1437 1229 consuli-

328 1257 410 1294 bus.
467 1258 681 1300 Postremo,
712 1258 928 1294 decemviris
961 1259 1062 1294 adire
1090 1258 1205 1293 libros
1230 1257 1360 1307 jussis,
1392 1247 1438 1294 eit

327 1333 509 1370 responso
530 1333 660 1356 eorum
681 1320 907 1371 supplicatio
928 1334 993 1371 per
1014 1321 1177 1358 triduum
1198 1321 1293 1358 fuit:
1326 1333 1437 1357 coro-

326 1386 407 1422 nati
434 1385 479 1422 ad
506 1386 635 1421 onmia
660 1385 870 1435 pulvinarIa
890 1386 1220 1436 supplicavernnt3
1254 1386 1436 1422 edictum-

326 1461 399 1498 que
420 1456 489 1492 est,
513 1456 552 1486 ut
573 1462 717 1492 omnm,
740 1450 800 1499 qui
826 1463 871 1487 ex
890 1463 963 1486 una
980 1450 1123 1486 familia
1143 1456 1281 1493 essent,
1299 1451 1438 1500 pariter

324 1514 604 1563 supplicarent:
638 1516 726 1551 item
755 1528 801 1551 ex
830 1518 1057 1552 auctoritate
1084 1522 1235 1552 senatus
1262 1515 1434 1553 consules

326 1578 538 1622 edixerunt,
567 1592 614 1616 ne
641 1581 738 1628 quis,
767 1593 841 1629 quo
871 1581 944 1623 die,
972 1587 1080 1617 rerrae
1111 1587 1217 1616 motu
1240 1580 1435 1624 nunciato,

324 1642 427 1678 feriae
447 1643 598 1679 indictae
616 1650 754 1687 essent,
774 1657 818 1680 eo
836 1644 895 1680 die
915 1643 1029 1680 alium
1047 1650 1154 1680 terrae
1174 1650 1319 1680 motum
1339 1657 1435 1680 nun-

325 1706 453 1744 ciaret.
512 1707 730 1744 Provincias
751 1709 883 1745 deinde
909 1708 1081 1745 consules
1103 1709 1219 1759 prins,
1242 1715 1319 1744 tum
1340 1721 1436 1759 prae-

325 1779 426 1808 tores
448 1773 585 1810 sortiti.
644 1772 843 1809 Cornelius
864 1773 1042 1815 Galliam,
1063 1773 1255 1809 Minucius
1273 1773 1433 1821 Ligures

326 1837 449 1872 sortiti
480 1843 578 1873 sunt.
637 1837 680 1874 C.
702 1837 921 1874 Scribonius
953 1838 1150 1881 urbanam,
1184 1838 1241 1874 M.
1263 1838 1434 1874 Valerius

324 1902 577 1950 peregrinam,
601 1901 646 1938 L.
669 1902 867 1938 Cornelius
890 1902 1071 1945 Siciliam,
1102 1902 1147 1938 L.
1170 1903 1325 1937 Porcius
1347 1903 1434 1937 Sar-

325 1964 480 2007 diniam,
501 1966 542 2001 C.
560 1965 766 2002 Flaminius
785 1967 1010 2016 Hispaniam
1028 1967 1254 2009 citeriorem,
1275 1965 1330 2002 M.
1344 1965 1432 2002 Ful-

325 2029 404 2064 vius
426 2028 652 2079 Hispaniam
675 2029 903 2067 ulteriorem.

131 2096 287 2142 Ligxqrum
379 2091 483 2128 LVI.
512 2092 622 2128 Nihil
640 2093 728 2129 belli
750 2107 794 2130 eo
814 2107 916 2130 anno
941 2093 1248 2143 exspectantibus
1269 2093 1434 2129 consuli-

131 2148 278 2211 *ciamus-a-
325 2155 409 2199 bus,
440 2157 557 2193 literae
589 2157 645 2194 M.
664 2158 785 2194 Cincii
819 2158 1034 2208 (praefectus
1065 2159 1094 2193 is
1125 2158 1217 2193 l‘isis
1247 2158 1344 2202 erat)
1368 2157 1433 2194 ad-

325 2220 409 2257 latae
426 2237 432 2256 :
468 2222 642 2269 Ligurian
657 2225 783 2270 viginti
804 2225 920 2259 millia
939 2228 1174 2265 armatorum,
1192 2221 1437 2268 conjuratione

322 2298 387 2334 per
415 2289 534 2322 omnia
563 2288 797 2323 conciliabula
819 2293 986 2324 univers-(e
1013 2289 1127 2335 glutis
1142 2287 1266 2336 facta,
1289 2287 1435 2325 Lunen-

324 2361 394 2387 sem
409 2352 567 2399 primum
583 2364 711 2400 agrum
732 2353 979 2402 depopulator,
997 2353 1170 2400 Piscinam
1187 2353 1314 2389 deinde
1319 2352 1435 2402 finem
