1507 2656
242 206 396 235 LIBER
421 203 613 232 xxvur.
647 202 752 229 CAP.
775 200 942 229 xxvu.
1075 198 1150 229 121

42 305 163 339 loetum
207 306 516 350 opportunumque
551 299 745 334 adventum
781 307 900 331 eorum
947 295 1351 343 imperatoriU.c.546„

41 379 125 410 esse,
157 368 251 415 quod
277 366 338 401 sub
367 367 481 412 ipsam
514 361 772 411 profectionem
801 362 950 396 alterius
986 361 1160 395 exercitus
1173 347 1351 378 A·C·2⁰5”

40 434 226 473 venissent,
247 442 407 479 corpora
426 433 572 463 curant.
630 427 665 462 A
687 425 849 461 tribunis
881 425 961 460 sine
991 424 1068 460 ullo
1097 430 1158 460 tu-

41 495 162 531 multu
183 501 356 532 auctores
377 492 589 534 seditionis,
610 504 676 541 per
696 490 852 526 idoneos
874 490 1047 526 homines
1075 501 1160 539 per-

41 559 143 595 ducti
163 559 200 594 in
221 557 401 606 hospitia,
423 555 685 605 comprehensi
717 567 759 589 ac
791 554 904 589 vincti
936 559 1036 593 sunt.
1094 553 1160 588 Vi-

43 622 135 671 guia
157 629 291 671 quarta
319 622 576 671 inpedimenta
598 620 798 659 exors-itm,
821 618 926 666 cujus
958 617 1163 654 simulaba-

42 696 104 723 tur
130 688 214 730 iter,
242 686 429 736 proficisci
450 698 621 734 coepere3
656 684 723 718 sub
755 683 875 718 lucen)
905 684 1014 731 signa
1042 688 1161 727 mota,

44 757 82 788 et
112 752 157 787 ad
188 761 337 801 portam
371 756 562 786 retentum
593 761 743 796 agmen,
781 748 1030 796 custodesque
1064 748 1164 784 circa

45 827 175 851 onmes
196 821 324 865 portas
345 815 463 856 missi,
483 826 532 849 ne
551 814 634 861 quis
657 812 747 848 urbe
775 812 1026 859 egrederetur.
1084 812 1164 847 Vo-

45 880 121 916 cati
141 879 275 915 deinde
294 879 340 914 ad
359 879 596 920 concionem,
619 878 682 926 qui
702 877 821 927 pridie
848 882 1042 919 venerant,
1062 875 1164 912 fero-

45 943 139 979 citer
158 942 197 977 in
216 942 342 978 forum
361 941 408 977 ad
428 940 596 977 tribunal
625 940 878 990 imperatoris,
901 947 942 976 ut
969 939 1069 977 ultro
1088 946 1165 975 ter-

45 1006 155 1042 rituri
174 1004 556 1046 subclamationibus,
577 1012 823 1040 concurrunt.
879 1003 1000 1040 Simul
1027 1010 1067 1039 et
1095 1004 1166 1040 ima

45 1075 198 1120 perator
235 1069 274 1104 in
304 1067 472 1104 tribunal
505 1068 688 1111 escendit,
728 1074 766 1104 et
798 1068 944 1104 reducti
978 1068 1112 1104 armati
1145 1081 1169 1104 a

44 1134 164 1183 portis
185 1133 319 1168 inermi
349 1144 388 1168 se
412 1132 589 1168 concioni
619 1132 666 1168 ab
688 1138 797 1180 tergo
818 1131 1166 1168 circumfuderunt:

45 1204 126 1236 tum
156 1197 278 1233 omnis
310 1196 453 1233 ferocia
482 1197 664 1240 concidit,
686 1203 738 1240 et,
761 1203 802 1232 ut
830 1203 965 1247 postea
991 1196 1169 1232 fateban-

45 1267 120 1304 tur,
141 1260 237 1297 nihil
257 1273 361 1310 aeque
381 1273 444 1296 eos
466 1261 615 1304 terruit,
637 1274 750 1310 quam
769 1267 907 1311 praeter
927 1273 1031 1311 spem
1048 1259 1170 1297 robur

34 1332 85 1362 et
111 1324 215 1361 color
244 1325 500 1374 imperatoris,
520 1337 633 1374 quem
658 1325 852 1362 adfectum
882 1325 1027 1361 visuros
1048 1324 1169 1361 credi-

47 1389 194 1432 derant,
225 1389 440 1438 vultusque,
473 1388 622 1438 qualem
651 1402 699 1425 ue
730 1390 769 1425 in
800 1391 880 1425 acie
910 1389 1061 1438 quidem
1092 1389 1169 1425 aie-

45 1453 141 1490 bant
177 1454 406 1490 meminisse.
463 1454 570 1490 Sedit
614 1455 753 1490 tacitus
792 1453 1010 1504 paullisper,
1048 1453 1169 1490 donec

42 1518 262 1553 nunciatum
282 1523 352 1560 est,
370 1518 551 1554 deductos
582 1519 620 1554 in
652 1518 778 1555 forum
808 1524 981 1555 auctores
1012 1518 1167 1555 seditio·

46 1581 119 1623 nis,
140 1587 179 1616 et
198 1588 330 1631 parata
343 1580 426 1631 jam
447 1582 577 1618 omnia
595 1595 689 1619 esse.

97 1645 274 1683 XXVII.
303 1646 417 1689 Tum,
448 1646 601 1682 silentio
630 1660 696 1696 per
723 1660 939 1697 praeconem
968 1647 1086 1692 facto,
1113 1648 1167 1684 ita
1180 1652 1288 1703 Qratjo
1305 1654 1373 1729 Sdci-

1180 1707 1281 1736 pionis
1298 1707 1315 1727 a

46 1712 186 1761 coepit:
219 1713 429 1760 Numquam
448 1713 537 1748 mihi
557 1713 769 1761 defuturam
789 1715 1003 1755 orationem,
1018 1725 1089 1760 qua
1108 1725 1166 1749 ex·
1179 1742 1355 1773 seditiosos.

46 1777 196 1811 ercitum
214 1787 328 1811 meum
348 1777 576 1825 adloquerer,
598 1778 737 1812 credidi
751 1793 762 1812 .-
790 1789 859 1812 non
878 1789 945 1824 quo
964 1777 1069 1812 verba
1089 1789 1167 1813 um-

47 1851 155 1886 quam
170 1842 306 1887 potius,
328 1853 436 1888 quam
461 1853 528 1883 res,
550 1842 764 1877 exercuerim
776 1857 788 1884 ,-
817 1842 879 1876 sed
899 1842 985 1888 quia
1010 1853 1127 1890 prope
1145 1855 1169 1877 α

44 1905 203 1951 pueritia
225 1906 260 1939 in
286 1907 410 1940 castris
430 1905 583 1947 habitus,
604 1907 795 1941 adsueram
822 1905 1040 1940 militaribus
1066 1907 1167 1953 inge-

46 1969 122 2004 niis.
173 1970 233 2004 Aci
250 1981 310 2005 vos
325 1971 624 2017 quemadmodum
645 1971 787 2018 loquar,
805 1981 868 2005 uec
886 1970 1086 2013 consilium,
1104 1983 1169 2007 nee

46 2034 162 2068 oratio
179 2035 413 2081 suppeditat:
442 2048 528 2083 quos
553 2047 597 2070 ue
616 2047 684 2083 quo
709 2035 852 2070 nomine
872 2036 1013 2082 quidem
1039 2037 1168 2083 adpel-

47 2098 123 2132 lare
142 2098 301 2140 debeam,
322 2100 405 2135 scio.
456 2100 590 2136 Cives?
622 2101 682 2147 qui
707 2111 730 2134 α
753 2101 878 2146 patria
903 2104 1022 2135 vestra
1041 2101 1167 2135 descis-

46 2162 91 2196 tis
105 2177 115 2196 .·
145 2174 191 2197 an
209 2163 341 2198 milites
354 2164 375 2199 ,9
403 2166 464 2212 qui
487 2165 677 2211 imperium
697 2165 963 2211 auspicimnque
983 2164 1167 2207 abnuistis,

44 2228 265 2262 sacramenti
287 2228 494 2274 religionem
514 2230 685 2276 rupistis:
723 2228 836 2263 hostes
850 2230 872 2263 Ρ
904 2240 1067 2276 corpora,
1088 2240 1167 2271 ora,

46 2291 232 2332 vestitum,
262 2290 421 2327 habitum
450 2294 579 2328 civium
605 2305 780 2340 agnosco:
799 2292 925 2342 facta,
948 2295 1058 2334 dicta,
1085 2305 1169 2328 con-

47 2357 150 2398 silia,
168 2358 306 2393 animos
321 2359 477 2396 hostium
494 2361 610 2396 video.
670 2361 770 2402 Quid
786 2363 879 2397 enim
900 2372 971 2403 vos,
991 2362 1059 2397 nisi
1078 2363 1173 2409 quod

97 2418 202 2458 vot.
237 2420 314 2459 111.
600 2423 635 2458 (1¹
