1523 2666
291 154 374 200 470
753 158 799 187 Τ.
825 158 956 187 L1V11

94 254 138 284 U.
155 255 192 284 C.
211 262 280 291 ⁵57-
295 261 392 291 cere,
427 247 527 297 quod
560 248 597 284 in
631 261 709 284 rem
740 256 851 291 esset,
886 260 955 284 nec
988 248 1115 284 audire
1149 255 1299 298 posset,
1332 261 1400 286 nee

97 298 136 328 A.
154 298 189 328 C.
210 305 279 330 195.
297 313 304 319 -

114 2140 268 2170 Creman-
320 2166 328 2171 .

294 325 404 361 inops
426 313 539 349 modo
560 313 721 355 consilii,
743 313 808 349 sed
827 313 888 348 vix
910 313 1046 348 mentis
1068 325 1223 362 compos
1243 320 1357 350 esset.

347 376 547 412 XXXIX.
577 376 774 412 Romanos
795 377 918 426 primo
939 376 1181 412 sustinebant
1206 377 1244 411 in
1265 389 1405 425 angus-

292 440 354 475 tiis
374 439 676 475 Lacedaemonii:
710 446 901 487 ternaeque
931 440 1028 475 acies
1054 446 1224 488 tempore
1252 452 1327 475 uno
1347 439 1404 476 lo-

293 503 345 538 cis
379 502 532 538 diversis
570 501 804 551 pugnabant.
861 501 1024 544 Deinde,
1059 509 1250 538 crescente
1284 508 1405 539 certa—

294 567 411 608 mine,
428 578 665 615 nequaquam
681 572 761 601 erat
778 566 954 615 proelium
971 580 1037 615 par
1053 581 1060 602 ε
1085 566 1288 603 missilibus
1305 568 1407 604 enim

296 629 577 665 Lacedaemonii
598 628 837 678 pugnabant,
855 642 875 664 a
893 629 1028 677 quibus
1045 641 1083 664 se
1099 636 1138 665 ct
1150 631 1409 678 magnitudine

298 694 392 729 scuti
413 693 590 742 perfacile
611 693 807 728 Romanus
828 693 1006 728 tuebatur
1025 692 1146 735 miles,
1168 699 1205 729 et
1226 694 1326 742 quod
1343 694 1407 730 alii

299 758 402 800 vani,
423 758 486 793 alii
509 758 607 793 leves
634 758 837 793 admodum
857 758 952 792 ictus
974 763 1103 793 erant:
1136 770 1225 793 nam
1254 764 1410 809 propter

300 822 494 870 angustias
527 821 600 858 loci
627 821 913 869 confertamque
941 820 1092 856 turbam
1120 833 1199 857 non
1228 821 1342 858 modo
1361 822 1410 858 ad

300 886 507 921 emittenda
526 898 611 921 cum
630 898 827 935 procursu,
849 897 924 933 quo
945 884 1147 934 plurimum
1169 886 1411 921 concitantur

298 949 389 992 tela,
411 951 572 1000 spatium
594 949 812 986 habebant:
846 949 910 985 sed
928 961 975 985 ne
998 955 1037 985 ut
1057 949 1100 985 de
1119 950 1237 998 gradu
1258 949 1410 998 quidem

298 1013 420 1049 libero
436 1027 478 1050 ac
499 1014 625 1050 stabili
639 1021 879 1051 conarentur.
909 1013 1044 1062 ltaque
1058 1026 1105 1050 ex
1120 1015 1276 1050 adverso
1297 1015 1411 1050 missa

300 1076 390 1119 tela,
412 1077 512 1113 nulla
535 1078 572 1112 in
594 1077 831 1128 corporibus,
852 1089 936 1113 rara
956 1078 991 1112 in
1014 1078 1128 1112 scutis
1149 1077 1363 1113 haerebant:
1389 1091 1412 1113 a

302 1141 634 1178 circumstantibus
654 1154 700 1177 ex
720 1141 976 1191 superioribus
996 1141 1088 1177 ¹ocis
1109 1142 1260 1190 quidam
1280 1141 1410 1178 vulne-

301 1205 375 1241 rati
395 1211 505 1241 sunt:
536 1218 627 1241 mox
646 1217 864 1254 progressos
879 1194 970 1254 jam
985 1206 1100 1240 etiam
1129 1218 1176 1241 ex
1204 1206 1312 1241 tectis
1332 1218 1412 1243 non

302 1268 379 1305 tela
398 1269 524 1311 modo,
546 1269 610 1304 sed
629 1268 766 1316 tegulae
787 1280 950 1317 quoque,
976 1269 1218 1319 inopinantes
1242 1269 1412 1320 percule-

304 1340 404 1370 runt.
443 1333 608 1369 Sublatis
629 1333 763 1369 deinde
783 1345 895 1383 supra
914 1334 1040 1383 capita
1059 1334 1190 1378 scutis,
1212 1335 1411 1371 continua-

303 1398 427 1447 tisque
446 1398 498 1433 ita
520 1398 619 1433 iuter
638 1410 691 1440 se,
712 1403 755 1433 ut
773 1409 851 1433 non
877 1397 990 1434 modo
1012 1397 1059 1434 ad
1078 1411 1197 1434 caecos
1218 1398 1329 1442 ictus,
1350 1398 1415 1435 sed

303 1474 352 1498 ne
384 1463 431 1498 ad
457 1462 693 1498 inferendum
714 1462 864 1510 quidem
891 1475 937 1498 ex
966 1462 1181 1513 propinquo
1202 1462 1316 1498 telum
1341 1461 1416 1498 loci

304 1528 508 1576 quidquam
529 1533 641 1569 esset,
662 1527 851 1562 testudine
870 1526 973 1562 facta
991 1526 1171 1562 subibant
1189 1541 1196 1562 z
1230 1532 1268 1562 et
1283 1526 1414 1576 primae

306 1592 491 1638 angustiae
519 1590 737 1640 paullisper,
758 1602 826 1625 sua
851 1590 1093 1638 hostiumque
1123 1589 1270 1625 refertae
1289 1589 1416 1632 turba,

306 1661 534 1690 tenuerunt:
575 1665 777 1703 postquam
814 1654 853 1689 in
887 1655 1142 1703 patentiorem
1179 1653 1277 1688 viam
1315 1653 1418 1689 urbis

305 1717 503 1768 paullatim
524 1723 701 1766 urgentes
728 1717 877 1752 hostem
898 1729 1128 1766 processere,
1149 1729 1226 1752 non
1247 1716 1345 1752 ultra
1363 1717 1418 1752 vis

308 1794 439 1818 eorum
464 1788 577 1831 atque
598 1782 747 1832 inpetus
767 1782 944 1817 sustineri
963 1788 1153 1831 poterant.
1200 1781 1327 1820 Quum
1344 1786 1420 1816 ter-

307 1858 356 1894 ga
374 1847 574 1882 vertissent
601 1846 896 1889 Lacedaemonii,
918 1854 955 1883 e'c
976 1847 1092 1884 effusa
1111 1847 1202 1896 fuga
1222 1848 1419 1897 superiora

307 1916 481 1960 peterent·
510 1910 617 1955 loca3
651 1911 772 1947 Nabis
793 1911 957 1960 quidem,
979 1918 1021 1946 ut
1044 1919 1155 1960 capta
1184 1911 1275 1947 urbe
1304 1911 1420 1961 trepi-

308 1974 415 2015 dans,
437 1987 599 2022 quanam
628 1975 705 2023 ipse
725 1975 913 2017 evaderet,
935 1974 1288 2024 circumspectabat.
1345 1974 1420 2024 Py-

308 2038 488 2085 thagoras
510 2051 625 2087 quum
645 2039 691 2074 ad
708 2045 832 2074 cetera
855 2040 982 2075 animo
999 2039 1199 2087 officioque
1214 2039 1316 2075 ducis
1332 2038 1420 2074 fun-

311 2102 484 2150 gebatur,
505 2108 586 2138 tum
615 2116 705 2138 vero
736 2115 845 2145 unus,
867 2116 914 2138 ne
945 2109 1141 2152 caperetur
1167 2102 1270 2145 urbs,
1291 2114 1424 2138 caussa

114 2190 166 2213 tur
181 2184 220 2212 ab
233 2183 288 2212 ob·
308 2167 403 2202 tuit:
437 2167 612 2202 succendi
635 2168 735 2202 enim
765 2167 919 2203 aedificia
948 2167 1122 2217 proxima
1149 2178 1258 2202 muro
1279 2165 1419 2215 jussit:

113 2228 204 2255 sessis
221 2227 276 2255 do-

115 2278 147 2297 m
154 2279 189 2298 us
204 2279 260 2298 mu
268 2287 276 2293 ·

114 2321 148 2341 ro
161 2312 286 2342 vicinae.

310 2243 392 2279 quae
413 2243 527 2279 quum
548 2238 743 2267 momento
764 2232 945 2282 temporis
966 2232 1160 2273 arsissent,
1182 2236 1223 2266 ut
1242 2229 1422 2279 adjuvan-

311 2295 410 2331 tibus
432 2295 572 2343 ignem,
597 2296 660 2344 qui
682 2295 773 2332 alias
795 2296 842 2332 ad
863 2295 1178 2344 exstinguendum
1197 2307 1307 2346 opem
1327 2294 1425 2331 ferre
