1523 2666
66 267 109 297 U.
124 265 160 296 C.
177 271 249 298 561.

67 311 109 339 Λ.
122 310 158 340 C.
180 317 251 343 191.

68 365 251 396 Antiochus

70 409 211 438 civitates

72 451 205 481 Graeciae

70 494 230 526 sollicitat.

279 166 365 221 564
740 178 784 207 τ.
810 179 943 209 mvu

339 266 386 304 V.
417 268 545 308 Quum
562 268 644 305 haec
659 267 797 306 Romae
818 257 1045 318 agebantur,
1064 269 1246 308 Chalcide
1265 272 1406 309 Antio-

287 332 393 375 chus,
423 345 471 369 ne
501 340 665 371 cessaret
693 347 760 385 per
786 335 1035 371 hibernorum
1069 342 1235 386 ternpus,
1265 338 1405 387 partim

286 398 366 448 ipse
385 396 618 434 sollicitabat
637 399 846 435 civitatium
868 400 1015 436 animos
1037 399 1233 436 mittendis
1253 400 1404 450 legatis,

286 462 424 513 partim
444 461 544 498 ultro
565 463 610 499 ad
631 476 715 499 enm
736 463 960 500 veniebant:
994 464 1092 500 sicut
1110 463 1283 515 Epirotae
1299 477 1404 501 com-

288 527 392 563 muni
414 527 537 576 gentis
559 540 760 570 consensu,
782 533 818 563 et
841 527 926 563 Elei
953 541 973 564 e
998 527 1271 579 Peloponneso
1291 541 1405 566 vene-

287 600 388 629 runt.
444 592 530 629 Elei
567 592 749 629 auxilium
787 593 961 629 adversus
998 594 1160 631 Achaeos
1205 595 1402 645 petebant,

289 670 398 708 quos,
429 665 516 707 post
547 656 689 693 bellum
718 670 796 693 non
826 670 872 694 ex
901 670 969 695 sua
998 660 1189 696 sententia
1217 660 1402 697 indictum

288 723 498 765 Antiocho,
519 723 681 772 primum
712 723 856 759 civitati
883 736 958 759 suae
987 736 1091 760 arma
1116 723 1302 760 inlaturos
1323 737 1403 761 cre-

287 786 440 824 debant.
497 787 606 824 Mille
636 788 680 823 iis
711 788 854 837 pedites
886 801 970 824 cum
1001 788 1094 824 duce
1125 788 1298 825 Cretensi
1324 790 1405 826 Eu-

288 852 412 903 phane
433 857 521 887 sunt
542 851 657 889 missi.
714 852 959 901 Epirotarum
988 852 1130 901 legatio
1151 859 1231 889 erat
1249 853 1406 890 minime

289 918 327 953 in
358 923 504 967 partem
532 916 645 953 ullam
671 916 779 953 biberi
807 924 874 953 aut
899 917 1079 968 simplicis
1107 918 1235 955 animi.
1291 918 1406 968 Apud

289 994 417 1031 regem
438 982 599 1030 gratiam
620 982 754 1018 initam
771 982 952 1019 volebant
972 996 1057 1019 cum
1078 996 1137 1026 e0,
1156 990 1197 1019 ut
1213 989 1404 1027 caverent,

290 1059 336 1083 ne
367 1047 454 1095 quid
486 1045 736 1083 obfenderent
764 1046 986 1084 Romanos:
1019 1047 1203 1098 petebant
1227 1048 1342 1091 enim,
1361 1060 1406 1085 ne

285 1124 320 1148 se
340 1117 468 1148 temere
487 1114 524 1148 in
544 1125 702 1149 caussam
724 1114 923 1155 deduceret,
945 1115 1121 1161 expositos
1139 1114 1306 1149 adversus
1328 1114 1404 1149 Ita-

285 1179 373 1213 liam
388 1190 458 1226 pro
477 1180 574 1214 omni
601 1179 755 1221 Graecia,
777 1183 810 1214 ct
832 1180 968 1226 primos
994 1180 1132 1226 inpetus
1158 1178 1407 1214 Romanorum

285 1246 501 1290 excepturos.
559 1241 646 1284 Sed,
666 1244 695 1278 si
722 1244 796 1290 ipse
818 1248 933 1290 posset
963 1243 1183 1278 terrestribus
1202 1243 1405 1279 navalibus-

285 1319 351 1354 que
370 1308 480 1354 copiis
496 1307 688 1354 praesidere
710 1307 837 1355 Epiro,
859 1308 990 1355 cupide
1006 1319 1081 1343 eum
1099 1319 1217 1343 omues
1232 1308 1407 1355 Epirotas

285 1377 321 1407 et
340 1371 481 1407 urbibus
499 1376 533 1407 et
548 1371 724 1419 portubus
742 1372 815 1406 suis
834 1377 1063 1420 accepturos:
1081 1373 1112 1408 si
1131 1373 1170 1408 id
1188 1384 1259 1408 non
1274 1377 1405 1420 posset,

287 1437 485 1485 deprecari,
507 1448 550 1471 ne
567 1448 602 1471 se
621 1436 735 1471 nudos
753 1441 862 1485 atque
881 1438 1032 1473 inermes
1053 1437 1218 1473 Romano
1237 1438 1326 1474 bello
1346 1437 1406 1474 ob-

277 1502 417 1548 jiceret.
475 1499 560 1537 Hac
595 1499 787 1550 legatione
817 1501 854 1538 id
890 1503 949 1551 agi
982 1502 1204 1553 adparebat,
1240 1508 1295 1546 ut,
1326 1502 1405 1538 sive

289 1566 408 1615 (quod
435 1565 553 1614 magis
581 1565 804 1612 credebant)
829 1565 1077 1603 abstinuisset
1100 1566 1235 1616 Epiro,
1257 1566 1407 1615 integra

286 1629 357 1666 sibi
378 1630 508 1666 omnia
527 1630 626 1680 apud
647 1631 834 1666 exercitus
850 1629 1049 1667 Romanos
1067 1638 1206 1674 essent,
1224 1630 1405 1667 concilia-

285 1701 324 1730 ta
344 1695 435 1731 satis
456 1695 553 1745 apud
576 1707 703 1743 regem
732 1696 869 1744 gratia,
892 1696 993 1745 quod
1023 1696 1215 1747 accepturi
1243 1694 1406 1732 fuissent

284 1760 521 1804 venientem3
555 1759 633 1795 sive
653 1759 831 1803 venisset,
853 1760 907 1797 sic
928 1772 1079 1809 quoque
1106 1772 1189 1811 spes
1209 1761 1328 1796 veniae
1354 1759 1402 1797 ab

284 1825 597 1877 Romanis-foret,
616 1825 731 1875 quod,
749 1839 826 1862 non
844 1833 1066 1878 exspectato
1082 1825 1293 1876 longinquo
1309 1840 1402 1864 aux·

287 1890 351 1926 ilio
382 1889 428 1926 ab
459 1902 512 1933 se,
536 1891 732 1940 praesentis
763 1890 904 1927 viribus
935 1891 1240 1927 subcubuissent.
1299 1891 1402 1928 Huic

286 1963 364 1990 tam
393 1953 580 2004 perplexae
609 1953 808 2003 legationi,
836 1955 925 2004 quia
953 1967 1031 1991 non
1061 1955 1151 1991 satis
1180 1955 1220 1990 in
1249 1962 1404 2006 promtu

286 2027 380 2061 erat,
403 2018 491 2068 quid
520 2018 778 2070 responderet,
799 2018 946 2068 legatos
973 2032 1013 2055 se
1037 2020 1239 2056 missurum
1266 2020 1313 2056 ad
1339 2033 1403 2057 eos

287 2087 396 2127 dixit,
415 2086 479 2136 qui
495 2087 538 2123 de
559 2087 618 2130 iis,
640 2100 723 2136 quae
745 2087 792 2124 ad
811 2086 897 2124 illos
914 2100 1030 2138 seque
1050 2088 1303 2125 communiter
1317 2101 1403 2140 per-

287 2150 466 2194 tinet-ent,
488 2149 745 2201 loquerentur.

342 2216 408 2253 VI.
439 2216 485 2253 In
515 2216 709 2253 Boeotiam
742 2217 822 2267 ipse
852 2216 1045 2268 profectus
1079 2223 1150 2261 est,
1181 2230 1331 2254 caussas
1362 2218 1401 2254 in

288 2281 453 2332 speciem
474 2281 538 2317 irae
559 2282 736 2318 adversus
756 2281 956 2319 Romanos
978 2295 1055 2327 eaS‚
1076 2295 1167 2332 quas
1196 2288 1284 2319 ante
1312 2283 1406 2327 dixi,

286 2345 513 2391 habentem3
545 2345 759 2396 Brachyllae
780 2360 926 2391 necem,
949 2354 988 2384 et
1005 2346 1146 2384 bellum
1172 2359 1195 2384 a
1215 2346 1403 2386 Quinctio
