1523 2666
97 264 185 296 U.C.
205 272 277 302 5⁴7.

94 309 134 339 A.
149 310 184 339 C.
203 317 276 342 205.

96 579 228 608 Etruriae

91 622 204 661 populi
213 623 277 652 Sef-

91 665 224 704 pionem
244 666 276 696 in

92 710 236 738 ornanda

93 752 192 781 classe
203 753 257 790 ju·

92 802 179 826 rant.

294 166 372 209 152
737 170 782 199 Τ.
811 171 944 201 LIV11

291 254 432 304 Scipio,
456 269 585 305 quum,
607 264 647 293 ut
668 258 854 295 delectum
874 260 1044 303 haberet,
1066 272 1186 308 neque
1211 261 1396 311 inpetras-

290 326 360 361 set,
392 332 513 369 neque
551 334 781 372 magnopere
814 325 1049 367 tetendisset,
1089 332 1129 359 ut
1164 325 1397 362 voluntarios

290 383 425 419 ducere
446 385 515 421 sibi
545 385 682 422 milites
705 387 848 430 liceret,
871 389 1010 424 tenuit:
1045 396 1096 431 et,
1117 389 1206 437 quia
1229 390 1396 439 inpensae

290 455 493 495 negaverat
528 449 744 499 reipublicae
774 450 939 486 futuram
971 451 1141 493 classem,
1171 458 1224 493 ut,
1246 465 1328 500 quae.
1351 452 1398 488 ab

290 512 401 547 sociis
423 513 601 548 darentur
628 514 674 549 ad
702 526 817 550 novas
844 514 1082 551 fabricandas
1103 528 1230 558 naveS,
1251 516 1397 565 accipe-

289 583 358 612 ret.
389 576 552 612 Etruriae
573 578 736 626 primum
756 578 901 628 populi,
922 592 992 629 pro
1009 580 1083 614 suis
1104 580 1261 628 quisque
1280 579 1399 615 facul-

290 640 446 684 tatibus,
469 641 661 677 consulem
685 641 881 691 adjuturos
907 642 1078 692 polliciti.
1137 643 1292 679 Caerites
1318 643 1397 679 fru-

289 712 458 741 mentum
479 707 590 742 sociis
611 706 808 742 navalibus
830 713 1157 755 commeatumque
1182 708 1304 742 omnis
1331 719 1397 755 ge-

288 770 412 815 neri33
446 770 746 820 Populonienses
772 771 936 816 ferrum3
969 771 1261 818 Tarquinienses
1281 771 1400 807 lintea

287 834 327 869 in
348 833 453 877 vel-(13
477 834 718 870 Volaterrani
738 835 989 870 interamenta
1005 834 1157 869 navium
1176 840 1213 869 et
1232 833 1399 870 frumen-

286 903 367 932 tum
383 913 393 942 3
426 898 595 933 Arretini
614 899 772 946 triginta
792 898 910 934 millia
929 904 1136 939 scutorum,
1160 896 1285 945 galeas
1305 898 1399 933 toti-

287 961 387 1005 dem,
423 962 513 1012 pila,
545 975 658 1011 gaesa,
690 963 817 998 hastas
851 961 999 1011 longas,
1030 961 1189 997 millium
1213 962 1399 1010 quinqua-

287 1027 396 1074 ginta
416 1034 600 1062 Summam
620 1027 701 1076 pari
721 1025 903 1076 cujusque
922 1026 1069 1075 generis
1093 1038 1250 1062 numero
1271 1025 1399 1076 exple-

287 1097 408 1135 turos,
431 1103 593 1134 secures,
617 1098 735 1135 rutra,
759 1092 889 1135 falces,
918 1090 1098 1133 alveolos,
1119 1090 1254 1133 molas,
1277 1103 1397 1139 quan÷

287 1161 369 1191 tum
394 1156 433 1192 in
460 1157 711 1205 quadraginta
739 1156 872 1205 longas
900 1168 1012 1192 naves
1037 1167 1131 1205 opus
1152 1162 1263 1197 esset,
1282 1155 1400 1191 tritici

287 1226 440 1256 centum
460 1228 498 1256 et
516 1222 650 1270 viginti
671 1221 789 1257 millia
814 1220 1000 1262 modium,
1021 1226 1059 1255 et
1079 1220 1118 1255 in
1136 1219 1314 1256 viaticum
1334 1219 1398 1255 de-

286 1284 507 1320 curionibus
528 1285 807 1334 remigibusque
827 1283 1065 1320 conlaturos:
1097 1283 1285 1325 Perusini,
1307 1282 1399 1318 Clu-

289 1348 376 1391 sini,
397 1348 595 1384 Rusellani
617 1349 779 1385 abietem
801 1349 839 1384 in
858 1347 1095 1384 fabricandas
1117 1359 1245 1389 naves,
1267 1352 1304 1381 et
1318 1346 1400 1382 fru-

287 1412 407 1447 menti
425 1425 606 1461 magnum
628 1425 849 1449 numerum:
884 1411 1008 1448 abiete
1034 1423 1079 1446 ex
1109 1409 1269 1460 publicis
1297 1409 1398 1446 silvis

288 1481 348 1511 est
367 1488 467 1512 usus.
513 1476 681 1513 Umbriae
702 1475 847 1526 populi,
869 1482 907 1511 et
926 1480 1061 1524 praeter
1080 1474 1149 1509 hos
1169 1472 1342 1516 Nursini,
1362 1478 1401 1509 et

288 1538 461 1583 Reatini,
483 1547 519 1577 et
539 1541 783 1583 Amiternini,
807 1539 1042 1587 Sabinusque
1063 1550 1152 1585 ager
1171 1537 1308 1579 omnis,
1329 1536 1401 1571 mi·

289 1603 375 1640 lites
396 1605 569 1654 polliciti.
626 1605 762 1648 BIarsi,
782 1604 945 1652 Peligni,
972 1601 1271 1649 Marrucinique,
1292 1599 1403 1636 multi

289 1668 493 1705 voluntarii
512 1670 668 1705 nomina
692 1670 729 1705 in
753 1668 910 1705 classem
940 1667 1134 1703 dederunt.
1191 1665 1400 1708 Camertes,

290 1746 406 1783 quum
427 1747 535 1782 aequo
554 1733 698 1770 foedere
721 1746 806 1770 cum
832 1732 1018 1769 Romanis
1045 1736 1184 1772 esseut,
1205 1729 1403 1765 cohortem

291 1804 474 1834 armatam
495 1805 761 1835 sexcentorum
782 1797 980 1833 hominum
996 1796 1191 1831 miserunt,
1227 1793 1404 1843 Triginta

290 1863 443 1899 navium
462 1864 614 1905 carinae,
636 1863 772 1911 viginti
789 1863 1090 1911 quinqueremes,
1108 1859 1235 1896 decem
1251 1857 1403 1906 quadri·

289 1939 423 1969 remes,
446 1939 560 1975 quum
581 1933 706 1962 essent
727 1927 874 1975 positae,
893 1925 972 1973 ipse
992 1924 1045 1958 ita
1064 1923 1202 1958 institit
1222 1921 1341 1970 operi,
1363 1926 1405 1958 ut

290 1991 350 2027 die
379 1991 670 2039 quadragesimo
702 1991 852 2039 quinto,
883 2001 995 2037 quam
1029 2001 1075 2023 ex
1105 1986 1205 2021 silvis
1236 1985 1404 2021 detracta

290 2056 449 2091 materia
477 2061 571 2097 erat,
593 2067 706 2091 naves
736 2054 930 2089 instructae
959 2057 1186 2099 armataeque
1207 2050 1245 2085 in
1265 2062 1403 2098 aquam

291 2120 460 2156 deductae
481 2120 570 2156 sint.

345 2182 494 2219 XLVI.
524 2183 726 2218 Profectus
747 2182 786 2218 in
808 2182 973 2218 Siciliam
995 2187 1049 2217 est
1070 2180 1229 2229 triginta
1248 2178 1406 2215 navibus

291 2248 433 2296 longis,
455 2247 758 2284 voluntariorum
779 2254 923 2297 septem
942 2246 1059 2283 ferme
1079 2244 1243 2281 millibus
1270 2244 1307 2278 in
1339 2256 1406 2280 uu·

292 2325 355 2349 ves
385 2313 573 2364 inpositi&
630 2313 682 2349 Et
703 2312 745 2350 P.
766 2312 936 2349 Licinius
965 2312 1004 2348 iu
1034 2310 1206 2347 Bruttios
1237 2307 1284 2345 ad
1313 2307 1405 2346 duos-
