1523 2666
340 149 426 194 504
794 149 842 177 Τ.
867 149 999 178 mvn

207 241 244 271 C·
259 248 330 274 ⁵⁵⁹·
344 242 425 278 lites
441 245 543 278 extra
563 240 710 276 Italiam
727 240 832 276 scribi
850 253 872 275 a
888 243 1053 288 praetore.
1099 237 1212 275 Mens
1233 251 1277 276 ea
1295 246 1445 277 senatus

203 284 240 315 θ’
258 290 430 348 l⁹3'fuit‚
452 312 492 341 ut
511 305 550 341 in
573 303 762 354 Hispania
789 303 1026 340 tumultuarii
1055 302 1190 339 milites
1220 302 1446 353 legerentur.

343 368 515 405 Valerius
542 368 677 404 Antias
711 374 749 403 et
780 368 819 403 in
853 366 1019 403 Siciliam
1052 367 1248 415 navigasse
1282 367 1446 403 delectus

342 446 476 470 caussa
504 433 547 469 C.
567 431 794 469 Flaminium
817 431 973 468 scribit:
1006 437 1044 467 et
1072 444 1120 467 ex
1149 430 1278 467 Sicilia
1306 430 1449 481 Hispa-

343 498 446 534 niam
482 502 688 547 petentem,
726 501 950 545 tempestate
983 496 1024 531 in
1063 495 1233 531 Africam
1270 494 1448 537 delatum,

342 573 459 609 vagos
493 559 631 596 milites
665 559 710 595 de
743 559 910 595 exercitu
940 558 983 596 P.
1007 559 1179 595 Africani
1212 564 1450 595 sacramento

343 637 523 673 rogasse:
555 624 613 659 his
643 624 798 659 duarum
831 623 1110 673 provinciarum
1139 623 1344 659 delectibus
1374 629 1450 659 ter-

343 690 440 726 tium
461 690 498 725 in
519 689 708 739 Hispania
727 688 920 737 adjecisse.

397 754 473 791 III.
503 754 586 790 Nec
615 754 655 789 in
684 752 797 789 Italia
818 753 968 801 segnius
988 751 1172 801 Ligurum
1190 750 1333 789 bellum
1352 763 1451 787 cres-

343 817 466 855 cebat.
523 818 629 853 Pisas
642 816 724 867 jam
745 817 994 865 quadraginta
1012 815 1133 852 millia
1150 815 1363 859 hominum,
1384 815 1448 852 ad-

344 882 484 919 fluente
505 881 674 931 quotidie
694 880 936 917 multitudine
966 880 1012 916 ad
1040 880 1181 916 famam
1209 878 1299 915 belli
1328 891 1451 929 spem-

154 955 322 986 Minucius
347 960 418 997 que
444 946 593 996 praedae,
614 945 949 982 circumsedebant.
1006 944 1198 981 Minucius
1228 943 1361 980 consul
1379 944 1452 981 Ar-

153 1008 187 1027 m
198 999 334 1038 laguna.
347 1012 483 1047 retium
510 1010 583 1052 die,
605 1021 715 1058 quem
745 1009 892 1044 dixerat
920 1008 967 1044 ad
997 1008 1296 1044 conveniendum
1324 1006 1454 1043 militi-

151 240 194 272 U.

152 285 191 314 A.

345 1075 430 1118 bus,
452 1075 575 1111 venit:
608 1074 695 1109 inde
714 1074 897 1122 quadrato
928 1074 1078 1122 agmine
1106 1073 1152 1108 ad
1181 1072 1287 1108 Pisas
1317 1073 1449 1118 duxit;

346 1146 397 1182 et,
419 1151 534 1187 quum
562 1138 690 1173 hostes
714 1136 815 1172 mille
835 1149 1012 1186 passuum
1031 1136 1078 1173 ab
1099 1136 1241 1186 oppido
1260 1143 1363 1172 trans
1383 1136 1452 1172 flu-

345 1203 448 1238 vium
478 1202 684 1237 movissent
712 1206 848 1244 castra,
877 1200 1010 1236 consul
1039 1200 1183 1243 urbem,
1213 1200 1314 1236 haud
1343 1200 1455 1236 dubie

346 1272 533 1303 servatam
562 1265 722 1300 adventu
753 1277 835 1307 suo,
864 1270 920 1300 est
948 1265 1151 1313 ingressus.
1208 1264 1368 1300 Postero
1397 1264 1455 1300 die

346 1339 384 1370 et
421 1334 499 1383 ipse
536 1338 638 1368 trans
677 1332 831 1367 fluvium
868 1331 946 1368 fere
979 1333 1207 1381 quingentos
1240 1342 1370 1380 passus
1407 1328 1454 1366 ab

345 1398 457 1433 hoste
476 1398 603 1446 posuit
623 1404 745 1432 castra
763 1411 770 1432 :
804 1397 890 1432 inde
918 1396 1062 1433 levibus
1092 1396 1234 1447 proeliis
1255 1408 1277 1431 a
1297 1393 1454 1445 popula-

346 1460 515 1497 tionibus
536 1473 666 1508 agrum
687 1460 875 1496 sociorum
895 1460 1113 1497 tutabatur:
1147 1460 1186 1495 in
1210 1459 1329 1495 aciem
1354 1458 1457 1494 exire

346 1537 426 1560 non
455 1523 631 1566 audebat,
661 1535 762 1559 novo
793 1523 926 1566 milite,
957 1529 995 1559 et
1024 1536 1070 1559 ex
1098 1522 1225 1559 multis
1255 1520 1455 1570 generibus

346 1589 543 1625 homiuum
571 1587 759 1631 conlecto,
779 1588 938 1624 necdum
969 1594 1063 1624 noto
1093 1588 1183 1624 satis
1213 1588 1312 1623 inter
1340 1599 1393 1630 se,
1415 1593 1457 1622 ut

347 1653 460 1688 fidere
479 1652 543 1688 alii
562 1652 643 1688 aliis
665 1659 831 1702 possent.
870 1652 1031 1700 Ligures
1052 1651 1293 1688 multitudine
1312 1650 1399 1686 freti
1419 1656 1458 1686 et

347 1716 386 1751 in
402 1716 521 1751 aciem
540 1715 709 1758 exibant,
729 1716 851 1765 parati
867 1716 912 1752 de
929 1728 1075 1752 summa
1090 1728 1214 1751 rerum
1233 1714 1451 1751 decernere:

347 1786 386 1815 et
405 1779 640 1815 abundantes
660 1779 822 1815 militum
851 1791 1009 1815 numero
1038 1779 1179 1829 passim
1209 1777 1344 1815 multas
1374 1790 1454 1813 ma·

346 1855 415 1878 nus
437 1855 502 1892 per
522 1834 689 1878 ex'trema
709 1843 840 1878 finium
859 1843 906 1879 ad
934 1837 1177 1893 praedandum
1205 1841 1452 1878 emittebant:

347 1913 398 1950 et,
420 1919 534 1955 quum
555 1913 687 1942 coacta
708 1907 759 1942 vis
785 1919 923 1955 magna
952 1920 1131 1957 pecorum
1160 1906 1369 1956 praedaeque
1398 1918 1455 1942 es-

349 1976 420 2014 set,
450 1977 623 2020 paratum
652 1976 733 2006 erat
760 1971 988 2020 praesidium,
1017 1984 1083 2021 per
1105 1971 1206 2020 quod
1233 1971 1273 2006 in
1302 1969 1457 2007 castella

350 2047 479 2071 eorum
499 2036 678 2084 vicosque
697 2042 881 2084 ageretur.

151 2105 338 2138 LComelii
402 2099 470 2137 IV.
500 2100 628 2139 Quum
648 2099 788 2136 bellum
808 2100 1052 2149 Ligustinum
1068 2100 1115 2136 ad
1133 2100 1238 2136 Pisas
1260 2099 1455 2135 constitis-

153 2156 329 2232 ἑῗυῇεῗέ-
349 2170 420 2207 set,
443 2163 574 2199 consul
592 2163 687 2200 alter
713 2163 760 2201 L.
782 2164 980 2201 Cornelius
1010 2164 1160 2201 Merula
1179 2176 1246 2214 per
1265 2169 1454 2199 extremos

156 2246 203 2268 os.
348 2226 534 2276 Ligurum
568 2227 659 2264 fines
694 2229 902 2265 exercitum
934 2229 974 2264 in
1011 2241 1141 2278 agrum
1178 2228 1362 2263 Boiorum
1395 2227 1453 2263 in-

350 2291 470 2335 duxit,
493 2291 556 2328 ubi
585 2291 698 2341 longe
724 2292 798 2329 alia
826 2292 915 2329 belli
945 2292 1056 2337 ratio,
1078 2304 1191 2342 quam
1221 2304 1306 2328 cum
1334 2290 1452 2339 Ligu-

1283 2548 1497 2666 *1
