1523 2666
114 231 154 263 U,
171 235 207 264 C.
222 240 294 264 552.

122 276 154 304 A.
169 279 204 309 C.
222 284 294 310 200.

305 145 391 186 300
765 147 811 176 T.
838 149 972 179 mvn

307 234 378 284 ipsi
408 236 635 285 supervenit.
710 236 994 275 consultabant
1026 238 1072 275 de
1106 238 1210 277 bello
1248 239 1423 279 adversus

307 298 437 335 Nabin
466 306 669 350 tyrannum
696 301 1103 340 Lacedaemoniorum:
1136 306 1215 354 qui,
1236 306 1428 343 translato

307 363 467 414 imperio
494 378 517 401 a
535 364 826 416 Philopoemene
852 366 900 404 ad
929 366 1163 418 Cycliadem,
1183 382 1426 420 nequaquam

306 439 436 476 parem
467 427 521 464 illi
548 429 695 473 ducem,
717 429 860 480 dilapsa
886 443 1044 468 cernens
1063 432 1296 469 Achaeorum
1315 433 1427 469 auxi-

305 489 370 535 lia,
407 493 729 542 redintegraverat
762 494 920 539 bellum,
951 508 1142 547 agrosque
1176 497 1430 534 finitimorum

305 556 480 594 vastabat
492 574 503 603 3
540 565 579 594 et
609 557 693 609 jam
729 558 886 596 urbibus
923 573 1077 609 quoque
1119 568 1201 598 erat
1236 561 1430 600 terribilis.

304 621 495 658 Adversus
518 622 620 659 hunc
645 623 809 667 hostem,
836 637 966 673 quum,
994 632 1180 674 quantum
1207 639 1255 664 ex
1278 639 1429 676 quaque

307 686 460 723 civitate
490 687 652 724 militum
684 688 929 732 scriberetur,
963 689 1248 736 consultarent,
1280 690 1429 742 Philip-

306 763 390 801 puS,
410 750 624 789 demturum
647 765 686 789 se
707 754 758 789 eis
780 766 926 798 curam,
949 755 1050 804 quod
1076 754 1124 791 ad
1141 754 1275 792 Nabin
1294 760 1334 791 et
1347 754 1429 792 La·-

305 815 558 854 cedaemonios
579 818 780 862 adtineret,
801 819 994 869 pollicitus
1010 836 1020 865 3
1054 832 1128 856 nec
1143 825 1298 857 tantum
1313 831 1428 870 agros

307 881 497 918 sociorum
527 882 841 932 populationibus
876 883 1175 934 prohibiturum,
1206 885 1273 923 sed
1303 891 1428 922 terro-

307 954 386 980 rem
419 937 571 981 omnem
603 945 694 982 belli
731 946 771 982 in
800 948 921 997 ipsam
950 947 1198 991 Laconicam,
1229 947 1346 984 ducto
1378 960 1427 984 eo

307 1008 500 1059 extemplo
520 1011 702 1055 exercitu,
723 1011 1010 1049 translaturum.
1053 1011 1150 1049 Haec
1172 1013 1298 1050 oratio
1310 1024 1429 1062 quum

306 1075 454 1124 ingenti
483 1076 684 1113 hominum
715 1077 875 1114 adsensu
905 1079 1162 1129 acciperetur:
1209 1077 1271 1114 Ita
1308 1082 1430 1114 tamen

307 1152 443 1188 §equum
472 1145 536 1185 est,
567 1141 705 1191 inquit,
741 1155 798 1179 me
822 1148 940 1180 vestra
970 1144 1058 1180 meis
1091 1143 1204 1179 armis
1230 1143 1356 1186 tutari,
1382 1154 1429 1179 ne

308 1216 387 1241 'mea
406 1207 550 1242 interim
568 1207 748 1243 nudentur
765 1208 954 1256 praesidz'is.
1012 1208 1155 1256 Itaque,
1171 1208 1203 1244 si
1217 1206 1311 1244 vobis
1329 1208 1429 1244 vide-

309 1274 380 1312 tur,
412 1274 554 1306 tantum
580 1276 714 1320 parate
741 1273 912 1316 militum,
944 1277 1119 1321 quantum
1149 1273 1199 1308 ad
1225 1273 1372 1314 Oreum,
1391 1276 1429 1308 et

309 1333 531 1378 Chalcidem,
562 1340 598 1371 et
633 1335 843 1373 Corinthum
867 1338 1002 1373 tuenda
1031 1338 1119 1372 satis
1149 1338 1222 1372 sit:
1259 1340 1315 1379 ut,
1340 1337 1429 1372 meis

307 1398 350 1434 ab
374 1404 472 1448 tergo
493 1401 592 1443 tutis,
612 1412 755 1438 securus
775 1401 906 1438 bellum
925 1402 1062 1439 Nabidi
1081 1400 1239 1451 inferam
1257 1406 1291 1437 et
1310 1401 1427 1438 Lace-

307 1464 497 1502 daemoniis.
553 1464 646 1502 Non
666 1465 804 1503 fefellit
823 1467 1003 1511 Achaeos,
1024 1479 1101 1517 quo
1121 1471 1330 1517 spectasset
1346 1471 1428 1502 tam

306 1527 474 1577 benigna
491 1528 735 1580 pollicitatio,
756 1530 1016 1580 auxiliumque
1041 1529 1215 1567 oblatum
1245 1530 1424 1566 adversus

310 1591 639 1629 Lacedaemonios:
685 1594 724 1629 id
750 1595 881 1643 quaeri,
913 1601 955 1631 ut
993 1594 1163 1631 obsidem
1195 1594 1427 1630 Achaeorum

299 1655 544 1705 juventutem
571 1657 748 1695 educeret
781 1671 828 1695 ex
860 1658 1146 1709 Peloponneso,
1180 1658 1228 1695 ad
1260 1657 1427 1707 inligan-

307 1721 392 1759 dam
411 1720 591 1758 Romano
610 1721 712 1758 bello
732 1730 885 1771 gentem
902 1738 909 1758 :
934 1730 972 1759 et
991 1723 1030 1759 id
1049 1723 1200 1772 quidem
1221 1734 1428 1771 coarguere

254 1804 262 1815 ι
308 1786 505 1836 Cycliadas
525 1793 666 1836 praetor
684 1788 914 1825 Achaeorum
942 1788 1039 1824 nihil
1062 1788 1230 1825 adtinere
1249 1794 1367 1830 ratus,
1387 1787 1427 1824 id

305 1851 422 1887 modo
451 1863 566 1900 quum
590 1852 761 1896 dixisset,
781 1866 859 1889 non
887 1852 1000 1890 licere
1027 1853 1173 1903 legibus
1194 1852 1425 1888 Achaeorum

307 1918 353 1955 de
372 1918 454 1955 aliis
474 1919 586 1956 rebus
611 1920 764 1963 referre,
786 1933 898 1970 quam
924 1929 1081 1971 propter
1106 1933 1199 1970 quas
1223 1918 1426 1956 convocati

307 1989 457 2030 essent3
489 1983 641 2020 decreto
662 1984 707 2021 de
728 1985 895 2021 exercitu
911 1985 1080 2035 parando
1099 1985 1274 2020 adversus
1291 1983 1425 2020 Nabin

305 2047 425 2092 facto,
447 2047 651 2085 concilium
671 2049 822 2086 fortiter
848 2063 890 2086 ac
917 2049 1035 2086 libere
1060 2048 1233 2085 habitum
1254 2048 1422 2093 dimisit;

308 2112 408 2148 inter
438 2112 698 2151 adsentatores
729 2116 854 2163 regios
885 2121 974 2150 ante
1008 2127 1091 2150 eam
1125 2114 1222 2149 diem
1256 2112 1424 2148 habitus,

307 2175 519 2227 Philippus,
554 2190 693 2227 magna
728 2191 793 2228 spe
824 2178 1013 2230 depulsuS‚
1038 2177 1262 2214 voluntariis
1293 2176 1424 2227 paucis

308 2239 491 2277 militibus
522 2243 761 2293 conscriptis,
792 2242 1020 2280 Corinthum
1044 2248 1157 2293 atque
1184 2242 1223 2278 in
1252 2241 1423 2278 Atticam

310 2311 447 2343 terram
466 2306 590 2343 rediit,
