1507 2656
303 195 456 224 Lmen
481 193 602 221 xxx.
636 190 743 221 CAP.
768 190 952 221 XXXIX.
1097 180 1177 235 263

65 286 199 322 sinone
219 296 344 321 murus
365 283 512 332 aliquot
532 281 639 324 locis,
659 286 696 316 et
721 287 847 330 porta,
870 280 915 316 de
935 280 1032 316 coelo
1051 285 1153 316 tacta
1168 294 1175 315 :
1193 291 1283 322 0,(3,
1300 298 1373 322 550,

65 357 102 385 et
134 351 171 385 in
201 348 348 384 Palatio
378 344 702 396 lapidibuspluit.
760 344 805 380 Id
834 344 1049 393 prodigium
1076 335 1372 381 moreA·C·²⁰²·

63 414 188 464 patrio
218 409 445 448 novemdiali
481 421 603 451 sacro,
639 414 765 444 cetera
799 408 935 444 hostiis
972 407 1196 457 majoribus.

64 478 237 528 expiata:
269 477 368 512 inter
394 489 476 525 quae
506 476 621 512 etiam
650 487 831 524 aquarum
861 473 1014 510 insolita
1032 476 1182 523 magni-

64 542 156 578 tudo
176 542 213 577 in
234 540 458 589 religionem
477 552 606 576 versa:
640 552 727 575 nam
757 540 812 575 ita
837 539 1043 575 abundavit
1064 538 1182 575 Tibe-

61 605 126 649 ris,
158 612 199 641 ut
228 605 307 641 ludi
335 604 593 656 Apollinares,
614 605 715 641 circo
735 604 937 647 inundato,
959 609 1066 639 extra
1090 616 1180 653 por-

61 674 141 706 tam
161 668 353 705 Collinam
372 669 419 705 ad
440 668 556 705 aedem
575 668 751 718 Erycinae
770 667 929 703 Veneris
949 667 1071 717 parati
1091 668 1179 705 sint.

64 734 242 771 Ceterum
270 735 446 772 ludorum
476 734 558 785 ipso
588 734 661 777 die,
693 732 819 783 subita
848 733 1051 768 serenitate
1079 738 1178 776 orta,

61 811 216 850 pompa,
247 798 333 834 duci
363 806 488 848 coepta
515 798 561 834 ad
589 803 740 848 portam
768 795 971 839 Collinam,
1003 802 1180 832 revocata

62 863 297 911 deductaque
342 863 381 899 in
418 863 559 899 circum
595 868 666 905 est,
701 873 817 910 quum
853 861 1055 897 decessisse
1092 859 1181 896 inde

63 938 199 975 aquam
219 927 441 962 nunciatum
469 933 590 962 esset:
622 926 868 974 laetitiamque
893 924 1036 975 populo
1062 930 1099 959 et
1120 924 1179 960 lu-

61 990 116 1026 dis
147 989 405 1027 celebritatem
432 991 576 1027 addidit
603 990 708 1026 sedes
742 1001 810 1026 sua
828 989 1002 1026 sollemni
1030 995 1180 1039 specta-

59 1053 145 1096 culo
164 1055 321 1091 reddita.
372 1049 377 1052 ’

114 1118 316 1155 XXXIX.
347 1117 547 1154 Claudium
564 1117 773 1161 consulem,
794 1116 1006 1168 profectum
1022 1116 1173 1152 tandem
1189 1126 1304 1157 Classis

62 1183 108 1220 ab
121 1183 228 1226 urbe,
243 1183 342 1219 inter
356 1189 488 1233 portus
508 1183 700 1219 Cosanum
715 1183 1049 1230 Lauretanumque
1065 1187 1175 1217 atrox
1188 1170 1329 1243 {drigiiiis

62 1247 117 1282 vis
139 1247 374 1296 tempestatis
402 1246 535 1282 adorta
554 1247 593 1282 in
611 1252 754 1282 metum
783 1247 976 1295 ingentem
1006 1245 1174 1282 adduxit.
1189 1262 1376 1295 tempestate

62 1309 297 1359 Populonios
322 1309 408 1345 inde
428 1322 542 1358 quum
571 1312 816 1359 pervenisset,
839 1310 1078 1357 stetissetque
1109 1308 1175 1351 ibi,
1188 1307 1312 1330 vexata.

60 1376 147 1412 dum
167 1375 351 1424 reliquum
372 1376 606 1425 tempestatis
627 1375 836 1416 exsaeviret,
858 1373 978 1408 Ilvam
999 1371 1174 1416 insulam,

60 1445 98 1474 et
127 1438 174 1475 ab
195 1438 278 1474 Ilva
293 1439 509 1481 Corsicam,
531 1451 553 1474 a
573 1439 729 1475 Corsica
757 1439 795 1473 in
826 1437 1038 1473 Sardiniam
1060 1435 1175 1486 traje-

58 1503 122 1541 cit.
179 1503 239 1538 lbi
259 1510 499 1553 superantem
520 1503 683 1539 Insanos
714 1508 878 1545 montes,
897 1500 1019 1537 multo
1038 1506 1076 1536 et
1104 1513 1174 1536 sae-

57 1568 139 1603 vior
157 1573 196 1603 et
214 1567 472 1604 infestioribus
503 1568 594 1603 locis
626 1573 828 1616 tempestas
858 1566 1004 1608 adorta,
1025 1564 1175 1614 disjecit

59 1632 228 1669 classem.
284 1631 418 1667 Multae
439 1638 625 1681 quassatae
655 1631 972 1678 armamentisque
1001 1629 1173 1678 spoliatae

56 1708 170 1732 naves
188 1711 196 1732 z
229 1696 401 1744 quaedam
420 1695 563 1732 fractae.
594 1695 656 1731 Ita
674 1701 810 1731 vexata
830 1707 872 1730 ac
892 1694 1057 1730 lacerata
1077 1693 1172 1729 clas-

59 1763 108 1798 sis
144 1762 295 1798 Carales
330 1762 466 1804 teuuit,
503 1762 565 1797 ubi
601 1762 690 1797 dum
727 1753 920 1796 subcsuctae
954 1759 1174 1795 reficiuntur

58 1838 186 1869 naves,
208 1826 326 1862 hiems
348 1825 560 1875 obpressit:
592 1826 937 1873 circumactumque
966 1823 1055 1859 anni
1076 1829 1173 1859 tem-

57 1903 140 1940 pus,
172 1898 223 1934 et,
257 1890 362 1926 nullo
392 1896 624 1940 prorogante
655 1890 868 1939 imperium,
905 1888 1072 1937 privatus
1109 1887 1171 1924 Ti.

59 1954 237 1990 Claudius
258 1955 414 1991 classem
433 1954 600 1990 Romam
621 1954 781 1990 reduxit.
837 1951 893 1989 M.
912 1951 1103 1994 Servilius,
1124 1964 1175 1987 ne

56 2019 297 2054 comitiorum
317 2031 449 2054 caussa
478 2018 524 2053 ad
551 2017 682 2053 urbem
713 2022 965 2057 revocaretur,
986 2015 1172 2052 dictatore

56 2082 157 2118 dicto
178 2083 222 2118 C.
243 2082 401 2118 Servilio
421 2082 600 2124 Gemino,
620 2082 658 2116 in
689 2081 922 2131 provinciam
941 2086 999 2115 est
1021 2079 1171 2128 profec-

55 2152 129 2182 tus.
172 2146 351 2182 Dictator
371 2148 592 2195 magistrum
612 2147 781 2194 equitum
801 2144 843 2180 P.
858 2143 1003 2180 AElium
1023 2143 1171 2179 Paetum

56 2209 163 2245 dixit.
211 2210 316 2260 Saepe
337 2211 492 2246 comitia
511 2210 654 2245 indicta
673 2208 799 2258 perfici
820 2213 1061 2257 tempestates
1083 2218 1170 2256 pro-

55 2273 282 2310 hibuerunt:
315 2276 458 2323 itaque,
479 2286 595 2323 quum
623 2273 743 2324 pridie
773 2271 860 2308 Idus
887 2271 1047 2307 Martias
1068 2276 1171 2306 vete-

54 2348 111 2373 res
139 2338 362 2387 magistratu
389 2338 572 2383 abissent,
608 2338 697 2376 novi
727 2337 888 2375 subfecti
923 2348 1000 2373 non
1030 2341 1169 2379 essent,
