1507 2656
220 363 569 412 EPITOME
614 363 837 412 LIBRI
876 365 1077 414 XXIX.

83 655 211 735 EX
224 654 353 691 Sicilia
381 655 419 692 C.
434 656 566 692 Laelius
586 658 622 692 in
641 656 809 706 Africam
835 670 859 692 a
885 656 1052 704 Scipione
1075 659 1201 696 missus

179 722 355 768 ingentem
384 722 546 768 prcedam
573 723 787 769 reportavit,
811 727 846 757 ct
874 723 1051 758 mandata
1082 723 1199 760 Masi-

80 786 182 821 nissae
211 785 373 832 Scipioni
406 787 580 833 exposuit,
612 787 872 833 conquerentis,
912 787 1007 833 quod
1037 789 1200 824 nondum

79 849 273 884 exercitum
288 849 322 883 in
344 848 509 897 Africam
533 847 736 895 trajecisset.
794 850 939 886 Bellum
960 852 996 885 in
1015 851 1199 898 Hispania

66 913 232 962 finitum,
260 914 394 948 victore
424 913 601 955 Romano,
633 915 729 962 quod
758 914 925 950 Indibilis
953 916 1173 952 excitaverat
1182 932 1198 960 ,-

78 978 153 1024 ipse
172 978 207 1012 in
228 979 304 1012 acie
323 979 467 1019 occisus,
490 978 711 1013 Mandonius
733 979 996 1026 exposcentibus
1022 979 1198 1017 Romanis

77 1054 100 1076 a
118 1042 190 1076 suis
209 1042 350 1077 deditus
368 1046 430 1077 est.
468 1042 632 1089 ,Magonu
655 1044 714 1090 qui
734 1044 769 1078 in
795 1043 916 1078 Gallia
943 1048 978 1078 et
1001 1043 1198 1091 Liguribus

75 1111 167 1148 erat,
185 1118 226 1141 ex
243 1105 373 1154 Africa
393 1111 429 1142 et
449 1107 601 1142 militum
628 1108 752 1155 ampla
782 1120 909 1143 manas
933 1109 1054 1150 missa,
1076 1114 1112 1145 et
1127 1121 1195 1157 pe·

76 1172 199 1212 cuniae,
221 1165 344 1218 quibus
363 1171 502 1206 auxilia
523 1171 733 1206 conduceret
748 1187 758 1206 .·
777 1176 1076 1220 praeceptumque,
1097 1178 1139 1209 ut
1155 1185 1195 1210 se

73 1235 274 1270 Hannibali
296 1234 476 1282 jungeret.
535 1235 658 1283 Scipio
691 1247 713 1270 a
744 1235 930 1282 Syracusis
962 1237 997 1271 in
1022 1237 1192 1274 Bruttios

74 1297 228 1344 trajecit,
260 1305 294 1335 et
320 1301 463 1342 Locros,
490 1301 594 1347 pulso
614 1300 754 1335 Punico
779 1301 962 1347 praesidio,
978 1300 1190 1350 fligatoque

72 1363 290 1405 Hannibale,
311 1365 457 1410 recepit.
489 1364 570 1398 Pac
586 1376 662 1398 cum
685 1363 977 1411 Pliilippofacta
993 1370 1055 1401 est.
1087 1366 1188 1402 Idaea

70 1427 187 1463 mater
206 1429 395 1474 deportata
411 1432 461 1463 est
482 1427 634 1463 Romam
655 1440 677 1462 a
694 1428 900 1463 Pessinunte
916 1430 1048 1476 oppido
1066 1430 1187 1478 Phry-

65 1494 149 1539 gioe,
177 1493 334 1527 carmine
363 1494 397 1527 in
432 1493 528 1527 libris
553 1492 738 1538 Sibyllinis
770 1494 924 1534 invento,
951 1492 1042 1542 pelli
1070 1493 1186 1532 Italia

69 1554 319 1604 alienigenam
342 1555 489 1590 hostem
518 1568 642 1604 posse,
664 1555 694 1589 si
716 1562 837 1590 mater
858 1555 960 1591 ldaea
983 1556 1184 1606 deportata

68 1619 234 1655 Romam
254 1626 372 1655 esset:
408 1621 545 1655 tradita
570 1625 687 1655 autem
715 1625 765 1656 est
788 1620 964 1656 Romanis
984 1634 1052 1670 per
1069 1624 1182 1661 Atta-

69 1685 143 1719 lum
173 1696 289 1730 regern
322 1685 428 1719 Asiae.
486 1684 599 1731 Lapis
623 1689 715 1725 erat,
740 1697 842 1730 quem
871 1690 1022 1721 matrem
1055 1687 1181 1724 Deam

65 1749 189 1784 incolce
207 1749 382 1784 dicebant.
440 1749 592 1795 Excepit
620 1748 664 1783 P.
684 1749 807 1796 Scipio
827 1749 963 1785 Nasica
985 1750 1178 1799 Cnfilius,

64 1810 151 1858 ejus,
180 1815 239 1860 qui
270 1814 306 1848 in
338 1813 519 1860 Hispania
546 1814 714 1859 perierat,
745 1815 800 1848 vir
829 1815 984 1861 optimus
1005 1827 1028 1850 a
1048 1822 1177 1853 senatu

54 1876 252 1922 judicatus,
275 1879 475 1913 adolescens
500 1878 653 1912 nondum
677 1880 896 1924 quoestorius,
925 1880 1091 1926 quoniam
1120 1883 1177 1918 ita

61 1952 264 1988 responsum
274 1939 421 1986 jubebat
435 1957 446 1976 :
478 1946 519 1975 ut
538 1952 677 1975 numen
694 1940 731 1975 id
751 1940 797 1975 ab
814 1942 960 1990 optimo
980 1944 1060 1978 viro
1077 1945 1174 1980 rcci-

60 2012 212 2055 peretur
231 2012 600 2053 consecrareturque.
653 2004 846 2054 Locrenses
864 2006 999 2053 legatos
1019 2008 1174 2046 Romam

60 2071 243 2112 miserunt,
265 2071 325 2117 qui
351 2071 394 2105 de
419 2071 614 2117 inpotentia
646 2068 689 2109 Q.
710 2069 882 2105 Pleminii
908 2071 1018 2117 legati
1047 2086 1172 2120 quere-

58 2138 195 2175 rentur,
213 2135 307 2181 quod
321 2135 508 2181 pecuniam
524 2134 749 2181 Proserpina?
767 2134 975 2177 abstulerat,
992 2141 1026 2171 et
1047 2138 1172 2175 liberos

58 2210 180 2234 eorum
199 2211 241 2233 ac
263 2197 425 2245 conjuges
448 2202 689 2245 stupraverat.
746 2198 958 2242 Pleminius,
979 2202 1015 2235 in
1035 2204 1172 2238 catenis

59 2263 212 2298 Romam
227 2263 435 2309 perductus,
451 2264 488 2297 in
505 2274 645 2297 carcere
658 2266 816 2298 mortuus
835 2267 897 2299 est.
956 2264 1073 2305 Quum
1081 2266 1170 2315 fal·

53 2339 111 2363 sus
141 2338 262 2364 rumor
290 2328 333 2364 de
362 2327 408 2365 P.
429 2327 596 2376 Scipione
622 2328 843 2374 proconsule,
877 2329 940 2377 qui
970 2330 1009 2366 in
1037 2330 1168 2369 Sicilia

569 2389 608 2428 H
631 2391 653 2426 6
