1523 2666
291 180 376 228 352
753 183 798 211 T.
823 183 957 213 mvn

88 273 134 306 U.
149 276 185 306 C.
201 283 274 307 554.
289 273 386 308 sidio
407 276 528 314 erant,
550 283 665 320 quum
685 271 732 306 ad
752 272 992 307 excursiones
1015 270 1244 315 euenissent,
1265 272 1406 322 refugi-

92 319 132 349 Α·
146 320 182 350 C·
203 325 386 372 198'endo
406 336 445 371 in
464 335 586 371 vicem
606 335 929 383 insequendoque,
951 341 987 370 et
1007 334 1150 370 levibus
1171 336 1252 371 sine
1271 336 1407 372 effectu

286 399 570 440 certaminibus,
593 411 638 434 eo
658 398 901 446 negligentiae
931 407 968 433 et
995 406 1208 434 contemtus
1240 400 1405 435 adduxe-

284 470 387 507 runt,
409 469 451 498 ut
471 476 554 498 cum
575 462 851 510 refugientibus
872 464 911 497 in
929 471 1076 511 portam
1103 463 1279 511 permixti
1298 464 1405 512 inpe-

283 535 363 563 tum
394 526 562 562 Romani
592 525 774 560 facerent.
832 524 904 560 Sex
936 525 1009 560 alia
1037 526 1221 574 ignobilia
1253 525 1407 562 castella

281 591 462 627 Phocidis
488 598 634 625 terrore
662 590 797 636 magiS,
820 601 932 636 quam
963 591 1089 632 armis,
1111 591 1150 625 in
1176 598 1406 639 potestatem

280 660 477 691 venerunt.
534 654 662 690 Elatia
690 653 826 689 clausit
851 659 979 703 portas
997 669 1003 689 :
1037 667 1120 697 nec,
1141 655 1214 690 nisi
1234 656 1270 690 vi
1291 667 1404 703 coge-

281 726 425 762 rentur,
460 719 649 769 recepturi
683 717 874 754 nioenibus
904 717 1128 754 videbantur
1160 724 1227 754 aut
1256 719 1402 762 ducem,

282 790 347 819 aut
367 784 573 819 exercitum
598 782 828 818 Romanum.

333 848 451 884 XIX.
482 847 649 883 Elatiam
670 846 862 883 obsidenti
884 846 1032 882 consuli
1058 846 1112 882 rei
1138 845 1292 897 majoris
1318 859 1402 897 spes

280 912 448 954 adfulsit,
480 912 708 947 Achaeorum
749 918 903 959 gentem
934 911 980 947 ab
1012 912 1194 947 societate
1223 912 1328 960 regia
1357 912 1404 947 ad

278 975 497 1012 Romanam
518 976 725 1012 amicitiam
746 976 949 1012 avertendi.
1007 975 1239 1024 Cycliadam,
1260 977 1402 1025 princi-

279 1053 364 1090 pem
392 1040 570 1076 factionis
602 1040 648 1075 ad
678 1039 899 1089 Philippum
926 1039 1158 1075 trahentium
1186 1052 1258 1082 res,
1284 1052 1404 1089 expu-

278 1104 413 1140 lerant.
471 1104 698 1147 Aristaenus,
724 1105 787 1152 qui
816 1103 1003 1139 Romanis
1028 1110 1181 1151 gentem
1199 1102 1315 1152 jungi
1335 1116 1402 1140 vo-

280 1167 397 1211 lebat,
419 1174 559 1218 praetor
587 1174 679 1204 erat.
739 1168 878 1203 Classis
908 1167 1088 1203 Romana
1106 1180 1191 1203 cum
1210 1168 1350 1204 Attalo
1365 1174 1403 1204 et

277 1232 443 1270 Rhodiis
483 1233 686 1269 Cenchreis
726 1233 866 1275 stabat,
906 1232 1168 1282 parabantque
1209 1234 1402 1269 communi

280 1310 411 1332 omnes
446 1297 606 1332 consilio
645 1297 876 1332 Corinthum
912 1296 1144 1346 obpugnare.
1202 1296 1402 1346 Optimum

279 1361 394 1409 igitur
414 1368 516 1396 ratus
538 1367 606 1403 est,
630 1362 848 1410 priusquam
877 1373 960 1396 eam
986 1372 1065 1396 rem
1090 1360 1399 1409 adgrederentur,

65 1431 171 1470 Legati
190 1440 208 1461 a
278 1424 424 1474 legatos
456 1424 502 1460 ad
529 1433 681 1473 gentem
709 1424 941 1461 Achaeorum
969 1425 1084 1467 mitti,
1105 1424 1343 1474 pollicentes,
1364 1426 1395 1461 si

62 1475 223 1548 {⁰353ss
279 1489 325 1525 ab
345 1503 433 1538 rege
453 1490 499 1526 ad
515 1489 712 1525 Romanos
734 1489 973 1532 defecissent,
992 1489 1220 1525 Corinthum
1238 1490 1284 1525 iis
1305 1503 1397 1526 con-

62 1563 156 1591 sociis
173 1563 211 1591 ad
279 1555 488 1591 tributuros
510 1555 547 1589 in
577 1555 775 1602 antiquum
802 1555 926 1602 gentis
957 1553 1171 1591 concilium.
1228 1555 1397 1592 Auctore

60 1605 206 1635 Achaeos.
281 1619 449 1662 consule,
471 1619 585 1667 legati
607 1632 628 1654 a
654 1618 771 1654 fratre
798 1617 877 1668 ejus
905 1617 953 1654 L.
971 1619 1170 1662 Quinctio,
1191 1625 1230 1655 et
1248 1619 1397 1663 Attalo,

280 1692 318 1722 et
336 1686 514 1729 Rhodiis,
536 1693 573 1721 et
592 1685 906 1728 Atheniensibus,
927 1686 973 1721 ad
991 1686 1153 1721 Achaeos
1174 1687 1289 1723 missi.
1337 1687 1396 1723 Si-

279 1765 399 1801 cyone
419 1753 547 1788 datum
568 1753 611 1787 iis
633 1759 689 1787 est
709 1751 924 1788 concilium.
971 1751 1067 1787 Erat
1086 1758 1213 1788 autem
1232 1765 1310 1788 non
1330 1753 1396 1789 ad-

278 1817 431 1852 modum
458 1816 617 1866 simplex
646 1816 798 1851 habitus
830 1817 1044 1853 animorum
1074 1818 1173 1854 inter
1205 1819 1392 1855 Achaeos-:

58 1873 257 1947 ἓέἒῐῗὲἓὲω
279 1880 445 1916 terrebat
465 1892 528 1915 eos
550 1880 876 1923 Lacedaemonius,
898 1881 1021 1929 gravis
1046 1888 1084 1917 et
1103 1882 1278 1918 adsiduus
1306 1883 1396 1919 hos-

59 1968 89 1990 Ct
107 1969 227 1991 lncerta

57 2013 160 2035 mens.
275 2010 368 2045 ficiis
390 2017 427 2045 et
446 2010 634 2046 veteribus
655 2017 693 2046 et
711 2010 927 2046 recentibus
944 2011 1102 2060 obligati
1119 2019 1244 2048 erant:
1266 2025 1393 2062 regem

277 1945 351 1980 tis:
389 1945 596 1981 horrebant
625 1945 803 1982 Romana
833 1958 960 1982 arma:
995 1946 1250 1983 Macedonum
1277 1948 1393 1985 bene·-

273 2075 396 2124 ipsum
418 2082 633 2124 suspectum
654 2075 848 2110 habebant
867 2088 936 2126 pro
958 2075 1037 2125 ejus
1060 2076 1281 2113 crudelitate
1307 2090 1393 2127 per-

272 2139 457 2188 fidiaque,
492 2153 614 2189 neque
634 2153 680 2176 ex
706 2140 764 2182 iis,
787 2153 868 2188 quae
888 2148 969 2176 tum
990 2141 1036 2176 ad
1066 2147 1213 2191 tempus
1236 2142 1392 2187 faceret,

271 2205 515 2247 aestimantes,
538 2205 751 2251 graviorem
780 2212 867 2254 post
896 2205 1036 2242 bellum
1066 2206 1260 2243 dominum
1285 2207 1389 2244 futu-

269 2282 351 2305 rum
373 2270 604 2306 cernebant:
637 2283 760 2319 neque
791 2270 927 2313 solum,
949 2271 1036 2320 quid
1063 2272 1098 2307 iu
1128 2279 1262 2308 senatu
1288 2273 1389 2321 quis-

267 2346 340 2383 que
360 2334 522 2371 civitatis
543 2346 634 2378 suae,
652 2334 772 2371 autin
794 2334 1056 2372 communibus
1075 2335 1245 2372 conciliis
1266 2337 1387 2385 gentis
