1523 2666
315 142 397 192 488
771 155 815 183 T.
841 155 973 185 mvn

97 191 113 202 ο

125 244 164 273 U.
176 244 212 274 C.
231 252 302 275 556.
315 242 383 279 bus
404 244 586 280 decretus.
642 243 824 281 Triduum
845 245 1112 295 triumphavit:
1140 246 1199 282 die
1217 248 1339 296 primo
1358 261 1417 284 ar-

127 289 160 316 A.
175 287 210 317 C‘
231 295 300 321 ¹⁹⁴¹
315 320 389 350 ma,
420 307 510 351 tela,
548 309 730 358 signaque
764 322 859 345 aerea
892 317 930 345 et
967 322 1176 346 marmorea
1210 311 1419 355 transtulit,

313 371 421 421 plura
452 371 629 423 Philippo
664 373 824 415 ademta,
863 386 974 422 quam
1008 387 1090 423 quae
1125 387 1171 411 ex
1204 374 1418 411 civitatibus

312 442 485 485 ceperat:
518 436 683 472 secundo
713 436 772 472 die
802 449 933 472 aurum
962 445 1247 486 argentumque,
1277 437 1421 475 factum

313 499 568 548 infectumque
587 508 625 535 et
652 501 854 548 signatum.
912 501 1050 538 Infecti
1082 503 1227 551 argenti
1255 502 1329 538 fuit
1357 502 1421 538 de-

314 576 392 599 cem
427 570 465 599 et
493 570 581 599 octo
611 563 729 599 millia
755 564 898 614 pondo,
926 571 963 600 et
990 567 1151 602 ducenta
1180 567 1422 617 septuaginta

313 627 423 663 facti:
460 640 549 664 vasa
578 627 697 664 multa
725 629 847 664 omnis
878 630 1038 677 generiS‚
1069 630 1202 666 caelata
1228 631 1419 680 pleraque,

314 692 483 740 quaedarn
503 693 648 728 eximiae
669 693 782 729 artis:
816 699 853 728 et
875 705 921 728 ex
951 705 1022 729 aere
1052 692 1171 729 multa
1189 693 1417 730 fabrefacta:

313 756 360 792 ad
378 757 451 793 hoc
470 755 590 806 clipea
608 762 788 806 argentea
807 756 949 793 decem.
983 757 1131 805 Signati
1151 758 1297 806 argenti
1312 764 1420 793 octo-

313 821 420 869 ginta
438 828 600 870 quatuor
618 821 736 857 millia
754 820 858 857 fuere
878 822 1094 857 Atticorum
1110 836 1118 857 ε
1141 821 1419 859 tetradrachma

311 892 472 922 vocant:
504 886 618 922 trium
644 885 722 922 fere
750 885 989 922 denariorum
1017 886 1057 921 in
1087 885 1244 934 singulis
1270 886 1420 934 argenti

314 956 369 985 est
387 949 546 999 pondus.
603 949 697 985 Auri
717 950 842 1000 pondo
858 949 931 986 fuit
950 950 1023 986 tria
1038 949 1156 985 millia
1175 951 1419 999 septingenta

314 1013 610 1061 quatuordecim,
632 1019 669 1048 et
689 1013 850 1063 clipeum
874 1026 990 1049 unum
1016 1026 1062 1049 ex
1088 1026 1181 1049 auro
1200 1019 1346 1050 totum:
1381 1019 1420 1051 et

312 1077 504 1127 Philippei
530 1078 675 1113 nummi
705 1078 807 1114 aurei
839 1078 1123 1127 quatuordecim
1152 1077 1284 1121 millia,
1313 1079 1424 1128 quin-

315 1142 420 1190 genti
439 1142 738 1190 quatuordecim.
768 1141 901 1178 Tertio
920 1142 980 1178 die
999 1155 1149 1178 coronae
1169 1155 1304 1185 aureae,
1322 1143 1423 1179 dona

312 1207 536 1250 civitatium,
552 1206 745 1243 translatae
766 1213 917 1244 centum
933 1207 1218 1256 quatuordecim
1235 1222 1242 1243 ε
1276 1214 1313 1243 et
1328 1208 1419 1244 hos-

312 1271 374 1306 tiae
394 1271 515 1306 ductae
531 1285 538 1306 :
572 1278 609 1306 et
624 1277 712 1306 ante
731 1283 881 1306 currum
901 1271 1009 1306 multi
1029 1270 1174 1306 nobiles
1193 1271 1331 1320 captivi
1347 1271 1419 1307 ob-

314 1334 498 1383 sidesque,
518 1335 617 1370 inter
634 1347 727 1384 quos
754 1335 971 1371 Demetrius
998 1336 1095 1384 regis
1126 1335 1289 1386 Philippi
1322 1335 1419 1371 filius

312 1398 398 1441 fuit,
420 1404 455 1434 et
477 1399 673 1442 Armenes,
695 1399 856 1435 Nabidis
876 1400 1027 1449 tyranni
1046 1399 1159 1442 filius,
1174 1398 1420 1436 Lacedaemo-

312 1462 411 1499 nius.
458 1462 545 1512 Ipse
565 1463 698 1499 deinde
717 1463 919 1502 Quinctius
940 1464 978 1499 in
999 1463 1128 1500 urbem
1149 1470 1205 1499 est
1223 1464 1391 1499 invectus
1408 1479 1417 1500 :

314 1526 451 1562 milites
472 1527 589 1562 secuti
611 1540 759 1563 currum
775 1527 1004 1575 frequentes,
1022 1533 1064 1563 ut
1083 1527 1186 1562 omni
1206 1539 1250 1562 ex
1266 1528 1420 1577 provin·

315 1591 374 1626 cia
392 1592 557 1627 exercitu
579 1591 792 1641 deportato.
824 1591 896 1627 His
913 1591 1047 1627 duceni
1068 1591 1321 1640 quinquageni
1339 1593 1421 1628 aeris

313 1654 353 1690 in
379 1654 522 1703 pedites
543 1656 673 1692 divisi:
707 1655 844 1705 duplex
875 1656 1102 1698 centurioni,
1129 1655 1267 1705 triplex
1292 1656 1424 1705 equiti.

314 1717 565 1754 Praebuerunt
584 1720 747 1769 speciem
764 1719 957 1769 triumpho
973 1718 1159 1770 capitibus
1176 1720 1268 1756 rasis
1288 1720 1423 1763 secuti,

315 1783 379 1832 qui
399 1784 578 1819 servitute
598 1784 737 1820 exemti
756 1784 918 1820 fuerant.

120 1851 265 1882 coloniae
368 1848 480 1886 LIII.
510 1850 627 1886 Exitu
648 1849 759 1900 hujus
786 1851 875 1885 anni
906 1850 953 1888 Q.
975 1848 1099 1885 AElius
1125 1848 1279 1884 Tubero
1299 1848 1420 1885 tribu·

121 1896 275 1969 &33¹3ae
315 1925 385 1949 nus
406 1913 525 1962 plebis
556 1927 602 1950 ex
628 1913 958 1950 senatusconsulto
983 1911 1069 1948 tulit
1090 1912 1136 1948 ad
1158 1911 1319 1961 plebem,
1340 1911 1420 1962 ple-

315 1976 454 2025 besque
475 1978 596 2019 scivit,
624 1978 671 2014 Ut
694 1978 837 2014 Latinae
861 1979 940 2014 daae
965 1979 1122 2020 coloniae,
1149 1990 1222 2013 mia
1252 1979 1287 2013 z'n
1311 1979 1421 2013 Brut-

316 2043 395 2083 tios,
429 2042 606 2077 alteram
640 2042 833 2077 Thurinum
862 2054 1003 2088 agrum,
1025 2042 1290 2077 deducerentur.
1348 2040 1420 2076 His

315 2105 541 2141 deducendis
560 2106 746 2141 triumviri
766 2106 896 2148 creati,
916 2105 1051 2154 quibus
1069 2106 1107 2141 in
1126 2105 1329 2141 triennium
1349 2106 1418 2140 im-

313 2170 457 2219 perium
487 2175 598 2212 esset,
618 2170 656 2205 in
686 2170 859 2206 Bruttios
890 2170 941 2206 Q.
958 2169 1126 2212 Naevius,
1152 2169 1208 2206 M.
1227 2168 1419 2205 Minucius

313 2232 453 2276 Rufus,
482 2233 539 2270 M.
559 2233 694 2270 Furius
726 2234 944 2284 Crassipes:
977 2235 1016 2270 in
1043 2234 1255 2270 Thurinum
1287 2245 1419 2281 agrum

315 2296 386 2333 Cn.
406 2296 589 2341 Manlius,
609 2298 658 2337 Q.
677 2297 824 2341 AElius,.
839 2297 886 2335 L.
905 2298 1087 2349 Apustius
1104 2312 1111 2334 :
1136 2310 1180 2334 ea
1197 2296 1287 2333 bina
1302 2297 1420 2333 comi-

1507 1703 1511 1830 -,i...-*
1504 1404 1513 1686 .‘‚00‚-„-<...„u.„„„
1507 1325 1511 1358 „eff
1518 1267 1519 1270 „
