1507 2656
335 193 489 222 LIBER
515 191 706 220 XXVIII·
741 190 846 218 CAP.
870 190 1000 219 XVII.
1148 188 1224 232 107

113 281 283 333 auspicio
302 281 345 318 P.
366 281 567 330 Scipionis,
588 278 685 329 pulsi
716 279 904 328 Hispania
925 279 1223 327 Karthaginien-
1237 291 1280 323 u,
1293 291 1331 321 c,
1346 298 1419 324 545,

112 357 169 381 ses
189 351 303 390 sunt;
334 344 596 380 tertiodecimo
626 355 742 385 anne,
772 348 859 392 post
887 341 1028 378 bellum
1056 335 1425 396 initum3A·Cj20}5·-

110 410 259 458 quinto,
280 420 392 457 quam
412 408 453 443 Ρ.
475 407 602 456 Scipio
623 407 855 455 provinciam
875 412 913 441 et
932 406 1138 442 exercitum
1161 420 1223 443 ac-
1236 388 1441 472 ξέῐιιῗὲἔὲἵί

108 473 220 522 cepit.
277 472 391 508 Haud
423 471 542 507 multo
580 477 667 520 post
698 469 862 512 Silanus,
901 469 1131 506 debellatum
1164 484 1222 507 re-

106 536 245 580 ferens,
265 535 521 572 Tarraconem
540 535 588 571 ad
608 535 825 585 Scipionem
845 535 968 571 rediit.

158 599 292 637 XVII.
329 599 375 636 L.
397 600 526 649 Scipio
559 612 645 634 cum
678 598 806 635 multis
838 598 1029 636 nobilibus
1064 599 1220 649 captivis
1234 603 1421 652 Scipiojam

103 664 263 700 nuncius
291 670 452 713 receptae
478 663 676 712 Hispaniae
710 662 876 699 Romam
907 669 961 699 est
993 663 1150 700 missus:
1184 648 1424 729 εῐὲξιῖξζὲἐίῗῖ

104 740 217 776 quum
240 728 354 764 ceteri
374 727 505 763 laetitia
525 726 721 776 gloriaque
740 728 886 775 ingenti
907 739 990 763 eam
1009 740 1088 763 rem
1107 727 1220 777 vulgo
1233 742 1310 764 nem
1323 743 1413 773 spec·

103 791 260 836 ferrent,
291 805 399 835 unus,
421 793 484 841 qui
514 798 695 840 gesserat,
726 792 964 842 inexplebilis
987 793 1135 829 virtutis
1157 806 1220 830 ve·
1232 782 1286 807 tat.

102 868 228 905 raeque
266 856 400 899 laudis,
435 869 592 906 parvum
625 858 745 892 instar
779 869 924 899 eorum,
959 870 1042 906 quae
1075 870 1141 908 spe
1175 871 1219 895 ac

101 920 363 968 magnitudine
389 922 504 956 animi
536 922 786 970 concepisset,
813 928 983 971 receptas
1010 921 1217 972 Hispanias

102 983 287 1019 ducebat:
314 982 395 1033 jam
430 984 598 1020 Africam
636 997 888 1034 magnamque
920 985 1215 1034 Karthaginem,

102 1054 139 1083 et
170 1048 207 1083 in
242 1059 347 1083 suum
380 1048 491 1084 decus
529 1061 745 1097 nomenque
778 1048 881 1084 velut
917 1056 1216 1087 consummatam

101 1111 180 1161 ejus
201 1111 287 1147 belli
310 1111 466 1160 gloriam
488 1112 696 1161 spectabat.
754 1111 904 1161 Itaque,
928 1113 1215 1162 praemoliendas

100 1175 299 1214 sibivratus
320 1175 400 1225 jam
425 1189 481 1211 res
504 1176 837 1225 conciliandosque
866 1189 996 1226 regum
1025 1179 1216 1226 gentium-

99 1253 171 1288 que
200 1241 360 1283 animos,
383 1241 592 1290 Syphacem
621 1242 782 1291 primum
811 1254 937 1290 regem
968 1243 1102 1279 statuit
1130 1249 1213 1279 ten-

97 1310 191 1340 tare.
247 1304 535 1354 Masaesylorum
566 1306 595 1341 is
627 1318 692 1342 rex
725 1314 818 1343 erat.
873 1306 1080 1356 Masaesyli,
1119 1319 1210 1356 gens
1226 1319 1406 1359 Syphacem

99 1367 230 1403 adfinis
250 1367 410 1411 Mauris,
432 1369 470 1404 in
499 1370 693 1417 regionem
712 1369 924 1420 Hispaniae,
955 1371 1118 1407 maxime
1137 1384 1211 1420 qua
1223 1363 1415 1438 ῗῖξῐῑεξῖξῖῖἶῖῐ

97 1431 169 1467 sita
189 1431 301 1467 Nova
323 1431 524 1480 Karthago
545 1439 614 1475 est,
646 1439 830 1483 spectant.
886 1433 1025 1470 Foedus
1052 1447 1096 1471 ea
1115 1440 1209 1471 tem·
1419 1429 1426 1436 ’

96 1501 242 1545 pestate
261 1496 339 1544 regi
361 1508 445 1532 cum
465 1496 852 1545 Karthaginiensibus
874 1504 967 1540 erat,
990 1498 1090 1547 quod
1109 1498 1208 1535 haud

95 1560 242 1608 gravius
263 1560 297 1595 ei
317 1561 572 1609 sanctiusque,
594 1573 705 1610 quam
733 1561 846 1610 vulgo
867 1561 1052 1605 barbaris,
1073 1562 1208 1612 quibus

95 1636 142 1659 ex
174 1623 329 1660 fortuna
364 1625 503 1674 pendet
536 1624 638 1667 fides,
674 1631 776 1661 ratus
810 1626 907 1670 fore,
939 1633 1129 1663 oratorem
1163 1627 1209 1663 ad

94 1699 179 1722 eum
200 1687 243 1723 C.
260 1687 420 1724 Laelium
440 1701 525 1724 cnm
546 1688 653 1724 donis
671 1690 800 1726 mittit.
857 1690 1006 1729 Quibus
1024 1690 1207 1726 barbarus

93 1751 215 1796 laetus‚
244 1759 282 1788 et
307 1755 395 1802 quia
424 1767 481 1789 res
511 1761 591 1790 tum
617 1767 804 1805 prosperae
837 1756 976 1804 ubique
1005 1754 1206 1798 Romanis,

95 1815 224 1852 Poenis
258 1817 297 1852 in
330 1817 442 1853 Italia
475 1818 653 1860 adversae,
687 1819 727 1854 in
760 1819 951 1869 Hispania
981 1818 1093 1855 nullae
1123 1818 1206 1868 jam

93 1886 215 1922 erant,
246 1881 451 1916 amicitiam
480 1893 519 1916 se
551 1880 814 1918 Romanorum
846 1883 1016 1932 accipere
1048 1883 1203 1920 adnuit:

92 1942 283 1980 firmandae
315 1943 394 1993 ejus
425 1943 535 1980 fidem
568 1957 638 1980 nec
671 1945 773 1988 dare,
809 1958 879 1981 nec
912 1946 1095 1996 accipere,
1134 1946 1206 1982 nisi

91 2019 177 2043 cum
205 2008 288 2057 ipso
309 2021 435 2044 coram
464 2009 557 2045 duce
586 2008 779 2046 Romano.
836 2009 897 2045 Ita
924 2009 1079 2053 Laelius,
1100 2011 1138 2046 in
1167 2010 1205 2046 id

91 2070 205 2106 modo
225 2071 297 2107 fide
317 2072 363 2108 ab
384 2085 471 2121 rege
487 2079 655 2123 accepta,
677 2079 801 2109 tutum
821 2074 1022 2109 adventum
1042 2073 1137 2116 fore,
1159 2074 1205 2109 ad

94 2133 309 2184 Scipionem
340 2136 461 2173 rediit.
517 2136 705 2185 Magnum
739 2138 778 2172 in
812 2137 940 2172 omnia
972 2143 1206 2173 momentum

90 2197 245 2248 Syphax
277 2199 484 2236 adfectanti
517 2213 574 2236 res
604 2200 745 2237 Africae
771 2206 865 2244 erat,
898 2200 1204 2251 opulentissimus

90 2259 170 2310 ejus
191 2267 299 2298 terrae
319 2275 399 2307 rex,
419 2263 521 2300 bello
534 2262 616 2314 jam
637 2270 812 2314 expertus
834 2266 936 2314 ipsos
956 2264 1205 2313 Karthagini-

86 2336 211 2370 enses,
233 2326 369 2365 finibus
390 2329 505 2368 etiam
523 2329 630 2378 regni
661 2335 747 2378 apte
777 2328 823 2365 ad
842 2327 1083 2380 Hispaniam,
1104 2328 1205 2377 quod

606 2391 638 2428 F
658 2392 679 2427 6
