1507 2656
352 203 507 233 LIBER
529 201 724 232 xxxn1.
757 201 990 234 CAP.XL1.
1141 208 1225 252 423

116 307 183 331 nec
213 295 328 342 magis
355 293 428 329 illis
458 282 707 340 inquirendam
736 303 819 335 esse,
850 294 938 341 quid
965 293 1164 332 Antiochus
1192 298 1229 333 in
1242 306 1331 338 U‚c‚
1348 312 1423 340 556·

118 362 221 402 Asia,
243 370 349 408 qaam
367 357 555 400 Antiocho,
575 358 660 405 quid
679 358 717 393 in
737 357 852 393 Italia
866 359 1024 406 popalus
1043 360 1229 399 Romanus
1240 351 1279 381 A·
1295 351 1333 382 C·
1350 357 1422 385 ¹9⁶¹

104 425 241 474 faciat.
301 423 404 464 Quod
432 423 479 458 ad
507 423 743 458 Ptolemaeam
771 423 950 466 adtineat,
981 425 1038 460 cui
1066 426 1230 463 ademtae

114 491 273 526 civitates
292 492 489 536 querantur
498 504 511 532 ,-
539 487 605 523 sibi
634 499 714 524 cum
738 488 936 524 Ptolemaeo
965 493 1000 525 et
1028 491 1229 527 amicitiam

112 566 196 597 esse,
217 558 252 589 et
271 554 309 589 id
327 565 433 601 agere
447 565 496 596 se,
518 557 558 588 ut
584 552 680 589 brevi
706 555 816 589 ettam
844 554 1015 602 adfinitas
1033 552 1229 602 jungatur.

113 619 190 656 Nec
207 630 249 654 ex
269 619 435 667 Philippi
453 619 594 667 quidem
613 619 762 654 adversa
780 617 939 667 fortuna
958 620 1076 668 spolia
1094 621 1172 656 ulla
1191 632 1228 656 se

107 685 237 732 petisse
252 700 264 720 .·
293 689 358 720 aut
386 685 552 720 adversus
571 684 754 720 Romanos
771 673 809 719 in
829 685 1015 732 Europam
1036 683 1227 731 trajecisse,

113 748 282 772 ÷÷÷÷÷÷÷÷÷÷÷e
299 748 435 797 faerit,
460 751 547 797 (qao
567 750 659 785 victo
677 751 813 791 omnia,
835 762 910 797 qaae
938 750 1035 785 illias
1052 749 1226 798 fuissent,

102 812 188 859 jare
217 813 298 849 belli
328 812 470 849 Seleuci
490 812 603 861 facta
630 813 717 860 sint)
750 815 954 849 existimare
981 825 1053 849 suoe
1081 814 1228 849 ditionis

111 889 192 914 esse.
251 879 441 926 Occupatis
478 877 670 924 majoribus
700 880 772 914 suis
803 890 924 914 rerum
957 879 1115 914 aliarum
1150 879 1227 914 alia

108 953 208 983 cura,
240 943 359 989 primo
391 944 553 990 quceclam
587 954 629 978 ex
665 943 719 978 his
752 943 1000 985 Ptolemoeum,
1033 943 1160 977 deinde
1191 946 1227 978 et

108 1005 338 1053 Philippum,
368 1008 575 1054 usurpando
609 1008 731 1042 aliena
760 1008 978 1054 possedisse:
1007 1007 1100 1042 sicut
1129 1018 1223 1054 qaoe-

106 1071 191 1105 dam
219 1082 262 1105 ex
284 1072 453 1118 proxima
487 1071 654 1113 Thracia,
686 1083 761 1118 quae
791 1071 988 1106 indubitate
1017 1070 1225 1117 Lysimachi

95 1133 253 1182 fuerint.
293 1135 354 1170 Ad
374 1148 414 1170 ea
423 1135 601 1183 facienda
621 1137 659 1170 in
678 1136 867 1182 antiquum
885 1135 1037 1170 venisse:
1063 1139 1098 1169 et
1117 1134 1222 1182 Lysi-

104 1200 296 1242 machiam,
315 1201 468 1236 deletam
489 1200 667 1235 Thracum
686 1201 824 1246 inpetu,
843 1200 886 1234 cle
904 1199 1044 1246 integro
1060 1200 1221 1241 condere,

105 1269 146 1300 at
165 1264 332 1301 Seleucus
337 1265 445 1313 filius
463 1277 541 1300 eam
559 1266 677 1300 sedem
695 1265 798 1311 regni
817 1264 957 1299 habeat.

158 1328 267 1365 XLI.
298 1329 370 1365 His
392 1328 730 1378 disceptationibus
751 1341 818 1378 per
837 1328 914 1363 dies
935 1327 1082 1376 aliquot
1107 1327 1217 1363 habi·
1231 1331 1408 1380 Reinfecta

105 1392 168 1435 tis,
189 1405 318 1428 rumor
341 1393 421 1428 sine
449 1391 525 1428 ullo
556 1393 646 1428 satis
677 1397 781 1428 certo
811 1397 966 1427 auctore
995 1391 1142 1427 adlatus
1173 1392 1219 1428 de
1231 1376 1410 1406 d¹⁵ced¹tur'

105 1462 227 1492 morte
262 1455 459 1492 Ptolemaei
493 1456 606 1505 regis,
639 1462 680 1491 ut
709 1455 833 1491 nullus
863 1456 986 1491 exitus
1017 1455 1218 1505 inponere-

104 1527 166 1556 tur
186 1520 434 1557 sermonibus.
487 1520 591 1556 Nam
611 1520 874 1556 dissimulabat
893 1533 978 1570 pars
1000 1526 1159 1569 utraque
1179 1533 1219 1556 se

103 1585 272 1630 audisse5
307 1590 344 1621 et
370 1585 415 1621 L.
433 1584 648 1628 Cornelius,
671 1585 730 1621 cui
750 1584 892 1633 legatio
914 1585 960 1620 ad
980 1584 1074 1620 duos
1093 1596 1216 1633 reges,

104 1649 340 1685 Antiochum
369 1648 707 1697 Ptolemaeumque,
729 1649 908 1685 mandata
937 1655 1031 1692 erat,
1053 1649 1218 1697 spatium

104 1713 243 1750 modici
263 1713 443 1762 temporis
465 1713 512 1748 ad
541 1713 843 1748 conveniendum
872 1712 1122 1747 Ptolemaeum
1151 1724 1216 1761 pe-

103 1776 209 1813 tebat
227 1792 234 1813 τ
276 1782 331 1819 ut,
366 1777 584 1826 priusquam
619 1783 833 1813 moveretur
865 1776 1008 1824 aliquid
1040 1776 1079 1811 in
1115 1788 1218 1811 nova

103 1841 341 1891 possessione
364 1842 483 1890 regni,
505 1842 719 1891 perveniret
747 1841 783 1876 in
806 1840 1043 1890 AEgyptum3
1078 1845 1115 1875 et
1134 1840 1216 1875 An-

102 1906 253 1941 tiochus
273 1919 379 1941 suam
398 1905 481 1941 fore
500 1905 729 1955 AEgyptum,
751 1906 780 1940 si
809 1913 891 1941 tum
919 1905 1071 1940 occasio
1102 1909 1215 1947 esset,

102 1964 293 2006 censebas.
344 1969 493 2017 Itaque,
515 1970 676 2005 dimissis
698 1968 898 2011 Romanis,
921 1967 1128 2016 relictoque
1149 1967 1216 2003 Se-

101 2033 209 2069 leuco
230 2033 307 2070 filio
328 2046 412 2069 cum
433 2034 672 2069 terrestribus
701 2034 820 2083 copiis
851 2033 899 2069 ad
927 2032 1215 2075 restituendam,

102 2105 145 2133 ut
173 2098 402 2140 instituerat,
424 2098 720 2147 Lysimachiam,
741 2098 822 2148 ipse
847 2098 951 2132 omni
972 2096 1090 2132 classe
1110 2097 1217 2132 navi-

103 2174 195 2210 gans
210 2162 417 2211 Ephesum,
429 2162 564 2210 legatis
579 2163 625 2198 ad
638 2163 861 2201 Quinctium
878 2161 1016 2203 missis,
1034 2161 1095 2209 qui
1112 2161 1157 2196 ad
1170 2159 1214 2196 fi·

103 2226 187 2262 dem
204 2227 245 2262 de
259 2227 441 2262 socictate
457 2234 627 2275 agerent,
645 2239 749 2263 oram
766 2227 867 2262 Asiae
883 2226 1028 2274 legens,
1042 2225 1214 2274 pervenit

102 2291 141 2326 in
160 2289 317 2339 Lyciam
334 2305 340 2326 z
370 2291 592 2340 Patarisque
613 2291 785 2339 cognito,
804 2291 927 2326 vivere
948 2288 1211 2331 Ptolemaeum,

100 2355 303 2403 navigandi
324 2355 474 2405 quidem
498 2356 536 2393 in
557 2355 769 2407 [Egyptum
799 2355 981 2392 omissum
1010 2352 1213 2392 consilium
