1523 2666
89 272 92 273 r
102 255 144 285 U.
155 255 191 286 C.
206 263 278 288 542.

104 297 142 329 Α.
153 298 190 330 C.
202 306 277 332 210.

82 1148 200 1180 lelius
213 1159 252 1181 ex

81 1190 240 1231 Hispania

81 1234 221 1267 Romam

76 1278 176 1309 venit.

300 162 350 194 12
742 166 789 193 T.
815 166 951 196 mvn

297 258 470 288 mortuus
497 258 569 295 est,
589 258 627 288 et
644 252 702 289 M.
715 252 894 291 AEmilius
915 256 1040 306 Papus
1066 257 1252 294 maximus
1275 257 1403 294 curio:

296 328 419 364 neque
438 317 477 351 in
498 327 628 352 eorum
657 317 784 353 locum
804 319 1016 356 sacerdotes
1037 332 1082 356 eo
1103 333 1204 357 anno
1230 321 1406 358 subfecti.

292 378 344 416 Et
374 391 547 415 censores
577 380 639 415 hic
672 392 792 416 annus
822 381 958 418 habuit
981 383 1027 419 L.
1047 384 1245 420 Veturium
1274 384 1407 420 Philo-

290 455 378 479 nem
397 449 436 478 et
452 443 495 479 P.
516 442 709 480 Licinium
730 444 923 489 Crassum,
944 449 1150 485 maximum
1170 448 1405 498 pontificem.

289 508 452 545 Crassus
469 508 642 545 Licinius
662 522 733 545 nec
749 510 896 553 consul,
912 524 982 547 nec
1001 518 1142 561 praetor
1157 519 1247 549 ante
1263 512 1404 555 fuerat,

287 583 402 622 quam
422 584 558 608 censor
575 578 631 608 est
646 572 768 609 factus
786 588 792 608 :
817 586 863 610 ex
879 574 1058 611 aedilitate
1075 576 1232 624 gradum
1249 577 1296 612 ad
1315 589 1404 612 cen-

285 645 411 672 suram
426 634 529 671 fecit.
560 635 633 671 Sed
648 636 686 671 hi
704 649 877 674 censores
890 650 1013 687 neque
1025 646 1199 675 senatum
1215 639 1404 688 legerunt,

282 714 354 739 nec
374 702 578 751 quidquam
596 702 756 753 publicae
778 704 831 740 rei
852 711 1034 753 egerunt:
1064 718 1165 741 mors
1184 707 1336 742 diremit
1353 705 1402 743 L.

284 767 432 804 Veturii
447 782 455 802 z
477 767 566 804 inde
581 774 618 803 et
633 767 804 804 Licinius
821 782 980 805 censura
996 782 1036 805 se
1052 770 1252 806 abdicavit.
1288 769 1402 805 AEdi-

280 829 335 868 les
366 829 512 867 curules
542 830 588 867 L.
609 831 786 867 Veturius
817 838 854 867 et
884 832 927 868 P.
946 832 1117 868 Licinius
1137 832 1260 868 Varus
1292 832 1399 869 ludos

280 893 480 932 Romanos
507 894 606 930 diem
626 907 744 930 unum
772 895 1046 932 instaurarunt.
1103 895 1250 932 AEdiles
1277 895 1399 946 plebis

277 963 327 1002 Q.
346 962 478 998 Catius
496 967 533 997 et
550 961 595 997 L.
618 961 774 997 Porcius
792 961 948 997 Licinus
970 975 1015 998 ex
1033 961 1246 998 multaticio
1261 975 1399 1012 argen-

279 1033 320 1063 to
341 1027 451 1075 signa
470 1038 575 1061 aenea
595 1025 641 1061 ad
658 1026 804 1061 Cereris
821 1026 953 1062 dedere
971 1042 977 1062 z
1011 1033 1048 1062 et
1068 1026 1192 1070 ludos,
1213 1040 1282 1077 pro
1301 1033 1399 1064 tem-

275 1091 383 1142 poris
405 1090 484 1140 ejus
506 1090 630 1140 copia,
652 1090 843 1139 magnifici
864 1091 1065 1139 adparatus
1085 1091 1269 1127 fecerunt.

327 1155 419 1191 VII.
449 1155 568 1190 Exitu
598 1154 687 1190 anni
716 1153 843 1204 hujus,
865 1155 923 1190 die
953 1162 1090 1204 quarto
1119 1162 1158 1191 et
1186 1156 1395 1199 tricesimo,

274 1232 386 1268 quam
407 1218 453 1254 ab
470 1218 688 1253 Tarracone
708 1217 900 1266 profectus
918 1225 1011 1260 erat,
1031 1220 1073 1255 C.
1087 1218 1228 1254 Laelius
1244 1219 1392 1267 legatus

272 1283 460 1333 Scipionis
477 1281 643 1318 Romam
664 1283 766 1317 venit
783 1297 789 1317 :
813 1282 932 1330 isque,
951 1295 1036 1318 cum
1056 1284 1206 1331 agmine
1223 1284 1393 1333 captivo—

270 1361 353 1384 rum
373 1349 563 1396 ingressus
587 1345 730 1388 urbem,
751 1359 933 1394 magnum
953 1359 1178 1382 concursum
1194 1347 1393 1384 hominum

266 1412 372 1449 fecit.
430 1411 590 1447 Postero
613 1410 673 1446 die
699 1410 737 1445 in
768 1416 939 1445 senatum
968 1411 1220 1454 introductus,
1242 1418 1393 1461 captam

268 1476 565 1524 Karthaginem,
587 1481 699 1524 caput
721 1474 932 1523 Hispaniae,
955 1487 1032 1510 uuo
1052 1476 1124 1517 die,
1146 1482 1394 1525 receptasque

270 1542 414 1590 aliquot
435 1540 560 1581 urbes,
582 1552 664 1587 quae
685 1538 923 1581 defecissent,
946 1552 1138 1588 novasque
1165 1540 1201 1575 in
1227 1540 1390 1576 societa-

270 1613 345 1643 tem
376 1605 553 1647 adscitas,
582 1604 769 1653 exposuit.
827 1603 887 1639 Ex
917 1604 1075 1652 captivis
1106 1611 1300 1653 comporta
1329 1605 1387 1640 his

266 1671 345 1708 fere
375 1669 638 1717 congruentia,
670 1681 752 1716 quae
780 1669 818 1703 in
847 1668 965 1703 literis
994 1668 1146 1704 fuerant
1174 1668 1231 1704 M.
1245 1667 1388 1704 Valerii

265 1733 468 1772 Messallae.
483 1737 486 1739 '
525 1731 696 1768 Maxime
711 1733 830 1767 movit
847 1732 978 1767 Patres
996 1731 1245 1768 Hasdrubalis
1263 1738 1388 1768 trans-

265 1798 340 1835 itus
360 1798 398 1832 in
420 1795 585 1837 Italiam,
607 1796 667 1831 vix
689 1795 901 1831 Hannibali
929 1800 1041 1843 atque
1062 1795 1141 1844 ejus
1163 1796 1275 1830 armis
1297 1795 1387 1831 sub-

264 1863 474 1898 sistentem.
521 1859 732 1896 Productus
749 1865 785 1895 et
802 1860 839 1894 in
856 1859 1080 1894 concionem
1095 1858 1235 1894 Laelius
1254 1860 1385 1895 eadem

262 1926 472 1962 edisseruit.
530 1924 691 1959 Senatus
721 1923 771 1959 ob
806 1936 863 1958 res
893 1922 1054 1959 feliciter
1091 1936 1113 1958 a
1142 1923 1184 1959 P.
1206 1923 1386 1973 Scipione

260 1998 385 2042 gestas
413 1990 730 2040 supplicationem
759 1991 797 2026 in
828 2002 944 2026 unum
974 1990 1072 2025 diem
1103 1990 1280 2026 decrevit.
1339 1991 1383 2027 C.

258 2055 420 2093 Laelium
441 2055 564 2105 primo
584 2067 734 2103 quoque
760 2060 945 2103 tempore,
967 2066 1052 2089 cum
1072 2053 1207 2102 quibus
1228 2061 1383 2090 venerat

258 2120 433 2162 navibus,
468 2119 588 2155 redire
622 2119 661 2154 in
691 2118 918 2169 Hispaniam
946 2117 1075 2168 jussit.
1131 2118 1382 2167 Karthaginis

259 2184 583 2234 expugnationem
604 2183 642 2218 in
662 2182 764 2218 hunc
791 2194 933 2218 annum
953 2181 1113 2223 contuli,
1136 2181 1263 2217 multis
1291 2195 1381 2218 auc-

255 2248 429 2293 toribus3
462 2247 563 2283 haud
586 2247 751 2289 nescius,
774 2247 955 2296 quosdam
986 2258 1081 2289 esse,
1102 2246 1166 2295 qui
1196 2258 1298 2283 anno
1320 2246 1380 2282 in-

254 2313 427 2363 sequenti
456 2317 607 2363 captam
635 2311 885 2348 tradiderint:
917 2310 1019 2361 quod
1047 2310 1141 2347 mihi
1169 2310 1295 2348 minus
1327 2310 1379 2347 si-
