1507 2656
349 178 504 208 LIBER
530 174 723 205 xxv111.
756 175 865 203 CAP.
889 176 958 203 lx.
1155 172 1207 218 95

88 271 235 319 publica
252 267 408 318 fortiter
425 266 660 315 feliciterque
688 265 955 319 administrata,
986 268 1021 300 et
1040 265 1128 300 Diis
1152 266 1208 300 in·
1222 270 1314 302 U.C.
1331 277 1404 303 545.

93 333 303 370 mortalibus
338 331 525 367 haberetur
561 329 683 371 honos,
721 332 756 363 et
788 330 874 376 ipsis
910 314 1407 375 triumphantibusA·C·2⁰⁷·

92 397 212 433 urbem
239 397 329 432 inire
358 396 501 436 liceret5
531 392 578 428 Se
604 404 687 428 vero
706 403 763 434 ea,
789 404 866 439 quae
888 392 1128 439 postularent,
1150 393 1212 428 de-

93 473 247 504 cernere,
268 460 413 502 Patres,
434 460 562 494 merito
579 458 746 494 Deorum
770 458 943 505 pri-mum,
966 459 1062 500 dein,
1090 469 1213 493 secun-

95 527 181 563 dum
193 526 307 567 Deos,
329 524 525 565 consulum,
546 521 850 572 responderunt;
883 526 922 556 et
937 520 1216 571 supplicatione

93 588 291 626 amborum
319 588 489 630 nomine,
510 592 549 623 et
566 585 762 636 triumpho
782 585 933 633 utrique
962 585 1129 628 decreto,
1154 585 1213 620 in-

94 658 153 688 ter
178 652 295 702 ipsos,
315 663 377 693 ne,
399 663 515 699 quum
543 648 685 685 bellum
706 649 898 685 communi
928 648 1055 684 animo
1069 649 1212 697 *gessis-

94 721 192 758 sent,
213 715 447 765 triumphum
477 721 711 765 separarent,
742 716 797 750 ita
816 715 1017 750 convenit:
1050 720 1104 757 ut,
1126 727 1212 763 quo·
1225 724 1408 756 Consulum

95 782 195 816 niam
213 784 249 815 et
265 781 303 817 in
318 780 507 828 provincia
525 780 580 816 M.
603 779 701 815 Livii
719 791 775 815 res
789 783 890 826 gesta
909 783 1009 821 esset,
1030 782 1065 814 et
1082 791 1122 814 eo
1141 780 1213 823 die,
1225 768 1423 808 triumphus.

97 856 166 892 quo
191 848 393 891 pugnatum
411 842 530 889 foret,
562 841 634 889 ejus
647 843 753 890 forte
781 843 982 890 auspicium
1002 841 1150 890 fuisset,
1181 848 1217 879 et

99 909 272 943 exercitus
297 907 470 942 Livianus
498 907 670 942 deductus
699 905 853 942 Romam
881 908 1041 949 venisset,
1064 907 1218 943 Neronis

99 972 229 1007 deduci
264 983 335 1006 non
370 972 543 1018 potuisset
578 971 622 1006 de
653 972 854 1018 provincia,
893 976 932 1006 ut
967 971 1022 1007 Μ.
1056 971 1216 1014 Livium,

99 1036 284 1083 quadrigis
320 1034 441 1070 urbem
476 1035 669 1076 ineuntem,
707 1035 840 1069 milites
873 1039 1127 1081 sequerentur‚·
1177 1034 1217 1072 C.

102 1100 276 1136 Claudius
300 1112 388 1147 equo
407 1102 479 1135 sine
506 1099 678 1135 militibus
706 1099 940 1135 inveheretur.
999 1098 1059 1134 Ita
1079 1111 1216 1135 conso-

99 1164 219 1200 ciatus
242 1163 471 1213 triumphus,
493 1174 609 1211 quum
638 1161 801 1210 utrique,
823 1167 903 1197 tum
927 1163 1046 1210 magis
1068 1163 1116 1205 ei,
1138 1163 1217 1211 qui,

103 1234 287 1275 quantum
315 1227 454 1262 merito
485 1225 670 1267 anteibat,
704 1231 854 1261 tantum
887 1225 1033 1260 honore
1063 1226 1219 1274 collegae

102 1297 280 1333 cesserat,
316 1290 476 1338 gloriam
496 1290 624 1325 auxit:
662 1290 764 1325 illum
794 1291 947 1336 equitem
980 1289 1132 1326 aiebant
1160 1304 1221 1327 sex

103 1356 240 1391 dierum
258 1357 374 1402 spatio
394 1355 643 1390 transcurrisse
673 1354 930 1400 longitudinem
955 1354 1097 1390 Italice:
1125 1359 1161 1390 et
1179 1367 1219 1391 eo

102 1420 158 1454 die
178 1431 257 1454 cuni
274 1418 502 1454 Hasdrubale
521 1419 557 1453 in
583 1418 706 1453 Gallia
724 1418 835 1464 signis
855 1418 1005 1453 conlatis
1026 1431 1219 1466 pugnasse,

103 1494 170 1530 quo
190 1494 268 1517 eum
287 1486 407 1517 castra
426 1482 594 1516 adversus
620 1492 693 1516 sese
722 1482 758 1516 in
782 1482 920 1528 Apulia
947 1483 1066 1528 posita
1095 1482 1222 1518 habere

103 1545 289 1581 Hannibal
308 1545 522 1580 credidisset.
580 1544 641 1579 Ita
660 1556 771 1579 unum
790 1545 966 1579 consulem
981 1557 1051 1592 pro
1071 1550 1223 1594 utraque

103 1615 209 1659 parte
240 1610 359 1646 Italiae
387 1611 554 1644 adversus
586 1610 674 1644 duos
707 1609 824 1651 (luces,
854 1611 941 1644 duos
976 1610 1220 1657 imperatores,

104 1675 184 1710 hinc
203 1675 387 1710 consilium
415 1685 531 1715 suum,
565 1673 647 1708 hinc
675 1685 802 1720 corpus
820 1672 1027 1719 obposuisse.
1084 1675 1224 1712 Nomen

108 1739 261 1774 Neronis
278 1739 364 1773 satis
382 1736 501 1785 fuisse
526 1737 573 1772 ad
599 1737 851 1772 continendum
880 1739 1005 1772 castris
1034 1738 1224 1774 Hanniba-

109 1804 201 1838 lem:
230 1801 493 1837 Hasdrubalem
522 1813 618 1843 vero,
649 1814 717 1849 qua
745 1802 820 1836 alia
849 1813 900 1843 re,
931 1813 1036 1848 quam
1068 1804 1225 1840 adventu

108 1865 194 1912 ejus,
216 1866 377 1902 obrutum
398 1870 505 1913 atque
527 1867 735 1901 exstinctum
757 1866 860 1900 esse?
889 1865 1017 1912 Itaque
1044 1869 1113 1902 iret
1132 1868 1226 1903 alter

110 1932 231 1968 consul
247 1931 404 1966 sublimis
424 1942 531 1966 curru
550 1928 763 1977 multijugis,
783 1930 812 1965 si
830 1930 948 1971 vellet,
977 1932 1083 1977 equis.
1147 1932 1225 1967 Uno

111 2007 197 2043 equo
222 2007 288 2043 per
308 1995 426 2030 urbem
444 2006 565 2030 verum
586 1994 808 2042 triumphum
834 1993 938 2029 vehi:
969 1994 1226 2043 Neronemque,

112 2060 222 2095 etiam
239 2060 269 2093 si
284 2054 391 2106 pedes
409 2059 565 2099 incedat,
585 2058 642 2092 vel
658 2062 769 2105 parta
788 2069 827 2092 eo
847 2057 950 2099 bello,
973 2058 1028 2092 vel
1047 2063 1167 2105 spreta
1187 2071 1228 2094 eo

115 2121 294 2169 triumpho
327 2122 459 2168 gloria,
497 2121 758 2157 memorabilem
787 2120 888 2168 fore.
945 2119 999 2155 Hi
1037 2133 1229 2157 sermones

117 2185 368 2235 spectantium
394 2184 590 2220 Neronem
621 2196 739 2233 usque
770 2185 808 2219 in
839 2183 1071 2233 Capitolium
1100 2196 1229 2234 prose-

117 2249 196 2285 cuti
224 2254 324 2285 sunt.
380 2248 587 2284 Pecuniam
619 2248 657 2284 in
693 2249 864 2285 aerarium
898 2247 1066 2283 tulerunt
1095 2255 1232 2284 sester-

117 2312 215 2352 tium
250 2312 391 2357 tricies,
426 2313 625 2363 octogiuta
656 2312 777 2352 mulia
814 2314 923 2350 oeris:
955 2311 1137 2350 militibus
1174 2311 1232 2350 M.
