1523 2666
115 265 297 296 U.C.561.

113 310 153 339 A.
168 309 204 340 C.
224 316 296 342 191.

311 167 393 221 576
772 176 820 205 T.
848 177 981 207 mvn

311 268 550 317 centiamque
580 275 939 305 commemorantes:
973 275 1011 306 et
1033 270 1291 320 Amynander,
1319 270 1424 322 cujus

309 332 505 382 praesentis
525 330 702 382 majestas
723 331 869 381 aliquos
890 333 928 368 in
949 333 1021 369 fide
1041 334 1306 378 continuisset,
1328 335 1425 371 veri-

307 401 368 432 tus
389 408 436 432 ne
455 396 668 432 traderetur
688 396 865 447 Philippo
879 396 963 448 jam
983 398 1128 449 pridem
1147 399 1264 443 hosti,
1286 405 1324 435 et
1342 398 1424 435 Ro-

307 460 429 496 manis
467 461 603 496 merito
641 466 732 496 tunc
769 467 924 511 propter
962 461 1215 498 defectionem
1252 462 1425 507 infensis,

309 536 394 560 cum
415 523 579 574 conjuge
606 536 649 559 ac
676 523 804 560 liberis
825 537 944 573 regno
965 527 1140 570 excessit,
1162 526 1427 564 Ambraciam·

309 601 382 637 que
402 601 440 624 se
461 588 646 624 contulit:
681 589 733 624 ita
752 589 985 626 Athamania
1007 592 1130 626 omnis
1162 592 1201 627 in
1224 591 1289 642 jus
1311 592 1426 627 ditio·

309 665 470 701 nemque
500 651 666 702 Philippi
697 653 898 690 concessit.
956 653 1115 697 Consul,
1150 654 1197 690 ad
1225 655 1427 692 reficienda

308 715 676 766 maximejumenta,
698 730 779 766 quae
800 725 838 753 et
857 718 1117 766 navigatione,
1139 724 1177 754 et
1203 725 1337 769 postea
1361 720 1425 755 iti-

307 780 461 817 neribus
482 780 643 829 fatigata
660 788 781 824 erant,
804 795 944 832 paucos
961 782 1125 819 Larissae
1145 789 1312 820 moratus
1330 784 1424 828 dies,

308 846 412 882 velut
432 853 614 882 renovato
631 847 779 882 modica
795 849 921 896 quiete
942 849 1110 884 exercitu
1132 849 1346 885 Cranonem
1368 855 1426 885 est

310 923 544 961 progressus.
575 911 754 947 Venienti
773 912 989 956 Pharsalus,
1012 913 1206 957 Scotussa,
1224 920 1262 950 et
1276 913 1424 957 Pherae,

311 988 469 1025 quaeque
495 977 534 1012 in
565 977 617 1012 eis
646 977 821 1026 praesidia
850 978 1033 1014 Antiochi
1064 985 1186 1021 erant,
1214 978 1423 1015 deduntur:

310 1054 356 1077 ex
382 1042 427 1077 iis
459 1042 717 1091 interrogatiS,
740 1044 803 1092 qui
828 1056 980 1080 manere
1001 1056 1128 1080 secum
1147 1043 1301 1087 vellent,
1322 1043 1426 1080 mille

308 1106 479 1143 volentes
501 1107 679 1157 Philippo
700 1108 837 1143 tradit:
863 1114 1007 1143 ceteros
1029 1109 1190 1143 inermes
1205 1107 1423 1144 Demetria-

309 1171 394 1206 dem
414 1172 585 1208 remittit.
643 1171 850 1207 Proernam
878 1172 963 1208 inde
986 1173 1142 1222 recepit,
1164 1179 1201 1207 et
1222 1185 1304 1220 quae
1324 1172 1424 1208 circa

308 1248 391 1271 eam
427 1235 582 1271 castella
615 1242 733 1271 erant.
792 1235 942 1272 Ducere
976 1244 1054 1271 tum
1086 1248 1200 1285 porro
1231 1236 1269 1271 in
1299 1235 1423 1272 sinum

303 1299 511 1337 Maliacum
543 1300 670 1350 coepit.
728 1300 1072 1351 Adpropinquante
1098 1300 1287 1344 faucibus,
1308 1312 1420 1351 super

306 1378 398 1415 quas
438 1366 501 1400 siti
537 1365 748 1402 Thaumaci
781 1374 882 1408 sunt,
917 1366 1066 1403 deserta
1102 1365 1207 1410 urbe,
1238 1365 1422 1416 juventus

306 1431 429 1467 omnis
457 1436 603 1466 armata
629 1429 738 1466 silvas
771 1439 807 1467 et
840 1432 977 1467 itinera
999 1431 1151 1475 insedit,
1170 1432 1266 1467 etin
1286 1443 1422 1481 agmen

305 1495 525 1532 Romanum
544 1508 589 1531 ex
609 1496 865 1544 superioribus
888 1495 980 1531 locis
1001 1497 1220 1533 incursavit.
1277 1495 1423 1533 Consul

304 1562 428 1614 primo
446 1560 609 1605 mittere,
627 1561 691 1610 qui
707 1573 753 1597 ex
773 1561 987 1613 propinquo
1007 1561 1280 1611 conloquentes
1297 1561 1422 1597 deter-

306 1634 431 1665 rerent
461 1639 524 1664 eos
555 1640 577 1663 a
605 1626 673 1662 tali
701 1626 847 1662 furore:
882 1633 1085 1676 postquam
1113 1638 1351 1676 perseverare
1382 1626 1420 1662 in

305 1694 458 1743 incepto
478 1693 585 1735 vidit,
607 1691 762 1728 tribuno
782 1704 868 1727 cum
888 1692 1049 1728 duorum
1068 1691 1264 1740 signorum
1288 1689 1420 1727 militi-

303 1758 373 1795 bus
395 1758 668 1800 circummisso,
691 1756 904 1793 interclusit
924 1757 971 1792 ad
995 1756 1126 1793 urbem
1152 1757 1224 1793 iter
1250 1756 1420 1798 armatiS,

303 1835 536 1872 vacuamque
557 1835 640 1858 eam
660 1823 780 1872 cepit:
804 1830 900 1866 tum,
922 1822 1087 1859 clamore
1104 1822 1150 1859 ab
1171 1829 1281 1871 tergo
1298 1828 1419 1871 captae

302 1887 405 1924 urbis
426 1888 571 1930 audito,
593 1887 863 1935 refugientium
891 1887 1056 1936 undique
1076 1900 1122 1923 ex
1143 1887 1244 1922 silvis
1264 1886 1420 1923 insidia-

301 1960 426 1989 torum
456 1952 575 1988 caedes
609 1952 712 1989 facta
745 1959 814 1988 est.
871 1952 907 1987 A
941 1952 1170 1989 Thaumacis
1204 1951 1324 1987 altero
1357 1951 1418 1987 die

301 2017 437 2055 consul
457 2018 502 2053 ad
525 2018 747 2068 Sperchium
775 2029 924 2053 amnem
950 2017 1140 2068 pervenit:
1175 2016 1263 2052 inde
1282 2015 1418 2067 Hypa-

300 2092 460 2120 taeorum
481 2095 593 2132 agros
614 2083 789 2120 vastavit.

352 2148 442 2185 XV.
473 2148 602 2187 Quum
622 2148 702 2184 haec
725 2147 951 2197 agebantur,
975 2147 1155 2184 Chalcide
1176 2154 1257 2183 erat
1276 2147 1416 2184 Antio-

298 2213 410 2250 chus:
447 2214 526 2262 qui,
550 2212 633 2263 jam
663 2220 743 2249 tum
774 2226 946 2256 cernens,
976 2212 1073 2249 nihil
1101 2225 1140 2248 se
1177 2225 1223 2248 ex
1253 2211 1416 2256 Graecia,

295 2285 433 2330 praeter
458 2291 610 2317 amoena
631 2278 812 2315 Chalcide
832 2278 993 2315 hiberna
1012 2285 1050 2314 et
1069 2277 1228 2314 infames
1248 2277 1414 2327 nuptias,

295 2344 449 2394 petisse,
465 2343 685 2381 ,Etolorum
701 2357 797 2381 vana
812 2344 999 2395 promissa
1016 2345 1188 2381 incusare
1204 2349 1241 2379 et
1256 2341 1413 2379 Thoan-

1505 1480 1515 1511 ,ί

1510 1515 1516 1550 i
