1507 2656
306 173 459 203 LIBER
488 172 643 202 XXXV·
675 171 781 201 cAP.
803 172 946 201 XLVI.
1095 170 1177 218 551

75 274 209 299 manos.
265 261 361 299 Haee
390 262 480 298 vicit
508 261 722 297 sententia:
755 260 1093 312 imperatoremque
1121 276 1179 299 re-
1195 266 1291 298 U.C.
1309 272 1384 300 ⁵60.

77 338 162 375 gem
181 326 443 377 adpellandum
461 331 710 362 censuerunt:
743 331 781 360 et
802 326 957 374 triginta
979 311 1235 377 principes,A·
1250 311 1288 341 C·
1309 318 1381 345 ¹⁹²·

78 402 163 429 cum
182 390 331 440 quibus,
351 391 383 426 si
402 403 477 439 qua
494 388 620 432 vellet,
641 388 887 433 consultaret,
907 390 1139 441 delegerunt.
1196 364 1372 438 ξῗηξίῗξῖ

132 454 278 491 XLVI.
309 454 382 497 Ita,
403 453 558 490 dimisso
581 452 759 497 concilio,
781 453 983 490 multitudo
1003 456 1125 492 omnis
1145 457 1184 492 in
1198 450 1297 480 AEtoli
1321 451 1376 481 ad-

77 530 162 554 suas
178 517 347 554 civitates
368 517 511 567 dilapsa
531 523 599 554 est.
647 516 733 553 Rex
746 523 900 567 postero
916 518 976 554 die
991 530 1075 554 cum
1092 531 1185 569 apo·
1197 492 1329 532 pellant.

78 580 184 617 cletis
217 593 362 625 eorum,
396 581 495 617 unde
530 580 669 618 bellum
701 581 900 625 ordiretur,
932 581 1184 620 consultabat.

79 643 278 694 Optimum
306 645 425 681 visum
455 651 526 688 est,
557 644 789 688 Chalcidem,
818 645 959 681 frustra
989 658 1109 695 nuper
1138 645 1184 682 ab
1199 645 1388 678 Chalcidem

76 707 222 745 AEtolis
241 714 442 752 tentatam,
461 709 622 759 primum
651 709 803 757 adgredi
823 724 831 744 ε
861 714 899 744 et
927 708 1119 745 celeritate
1147 710 1186 746 in
1199 689 1313 762 {31⁵3ss

77 785 161 809 eam
180 785 258 809 rem
283 774 418 822 magis,
439 787 550 822 quam
579 786 719 822 magno
749 780 890 809 conatu
922 779 959 808 et
988 773 1185 823 adparatu,

80 848 174 886 opus
194 848 286 873 esse.
339 836 474 885 Itaque
499 850 585 873 cum
607 836 708 872 mille
727 836 916 887 peditibus
937 849 1017 879 rex,
1047 837 1111 885 qui
1140 836 1188 873 ab

80 899 323 937 Demetriade
356 902 474 937 secuti
504 907 625 944 erant,
659 901 850 951 profectus
884 913 950 952 per
982 901 1190 938 Phocidem

79 970 160 999 est:
183 970 221 1000 et
239 964 314 1000 alio
333 965 467 1000 itinere
483 965 670 1015 principes
691 964 829 1007 AEtoli,
844 963 1040 1014 juniorum
1058 964 1187 1014 paucis

81 1027 261 1070 evocatis,
278 1028 325 1063 ad
345 1028 593 1063 Chaeroneam
613 1028 875 1071 obcurrerunt,
892 1034 930 1063 et
948 1027 1075 1064 decem
1095 1040 1188 1064 con-

84 1091 210 1126 stratis
230 1091 388 1127 navibus
409 1092 525 1127 secuti
548 1098 647 1128 sunt.
676 1091 775 1134 Rex,
789 1092 837 1127 ad
856 1091 1041 1139 Salganea
1057 1092 1188 1128 castris

81 1155 230 1205 positis,
242 1155 400 1191 navibus
420 1156 500 1205 ipse
520 1167 604 1191 cum
623 1154 855 1205 principibus
875 1154 1096 1191 AEtolorum
1109 1156 1189 1191 Eu-

80 1219 205 1269 ripum
223 1218 388 1269 trajecit,
409 1225 460 1263 et,
481 1232 595 1268 quum
614 1219 715 1256 haud
734 1218 865 1269 procul
888 1225 999 1269 portu
1020 1230 1189 1268 egressus

81 1288 192 1325 esset,
212 1284 453 1331 magistratus
474 1296 624 1332 quoque
648 1282 952 1318 Chalcidensium
981 1288 1019 1318 et
1046 1282 1187 1332 princi·

80 1359 145 1397 pes
166 1352 254 1383 ante
272 1353 421 1396 portam
445 1352 721 1396 processerunt.
777 1346 893 1382 Pauci
924 1347 1111 1395 utrimque
1140 1346 1187 1382 ad

81 1409 324 1459 conloquium
343 1411 534 1460 congressi
556 1417 656 1447 sunt.
703 1410 825 1446 AEtoli
854 1423 1082 1460 magnopere
1102 1422 1187 1446 sua·

80 1474 180 1517 dere,
210 1479 263 1517 ut,
295 1476 397 1511 salva
429 1475 674 1519 Romanorum
702 1477 877 1517 amicitia,
904 1487 1023 1522 regem
1055 1487 1189 1522 quoque

82 1539 309 1574 adsumerent
331 1540 465 1575 socium
493 1544 600 1587 atque
629 1541 794 1575 amicum,
837 1539 963 1586 Neque
991 1540 1085 1574 eni-m
1109 1550 1189 1574 eum

81 1602 259 1650 inferendi
277 1602 371 1645 belli,
391 1603 452 1638 sed
480 1603 669 1639 liberandae
693 1604 850 1645 Graeciae,
872 1614 994 1638 caussa
1013 1604 1050 1637 in
1071 1602 1190 1638 Euro-

78 1679 166 1715 pam
195 1665 372 1712 trajecisse
386 1683 398 1710 ;
428 1672 462 1703 et
491 1668 681 1703 liberandae
698 1679 749 1709 re,
770 1679 841 1703 non
860 1667 972 1703 verbis
991 1670 1024 1701 et
1042 1666 1192 1701 simula-

84 1732 192 1773 tione,
223 1732 316 1778 quod
343 1730 515 1778 fecissent
555 1731 720 1767 Romani.
778 1731 884 1766 Nihil
915 1735 1035 1766 autem
1067 1730 1194 1765 utilius

88 1795 231 1831 Graeciae
249 1795 450 1831 civitatibus
468 1807 550 1838 esse,
565 1808 672 1844 quam
692 1800 882 1842 utramque
899 1795 1086 1841 complecti
1100 1794 1192 1828 ami-

85 1860 235 1895 citiam:
264 1860 317 1894 ita
344 1860 435 1894 enim
463 1859 507 1894 ab
535 1861 717 1907 utriusque
746 1857 880 1905 injuria
911 1863 1026 1893 tutam
1045 1857 1195 1892 alterius

81 1935 217 1972 semper
232 1924 399 1971 pracsidio
418 1928 452 1959 et
454 1924 596 1972 fiducia
605 1923 705 1972 fore.
736 1922 833 1959 Nam
851 1925 882 1958 si
900 1934 970 1958 non
986 1922 1195 1969 recepissent

84 2000 217 2035 regem,
242 1988 414 2030 viderent,
445 1989 530 2035 quid
561 1989 770 2036 patiendum
799 1989 842 2023 iis
869 1987 1044 2032 extemplo
1063 1984 1196 2033 foret:

84 2063 193 2100 quum
212 2050 456 2086 Romanorum
483 2051 612 2099 procul
640 2052 828 2092 auxilium,
850 2050 958 2086 hostis
983 2046 1195 2089 Antiochus,

88 2116 146 2151 cui
162 2115 320 2150 resistere
337 2114 469 2151 viribus
486 2116 558 2151 suis
575 2127 643 2150 non
662 2118 818 2163 possent,
839 2119 921 2149 ante
946 2116 1070 2160 portas
1098 2115 1196 2147 esset.

92 2181 152 2217 Ad
169 2181 250 2217 haec
268 2180 422 2224 Mictio,
439 2193 534 2216 unus
551 2193 597 2216 ex
614 2180 860 2230 principibuS,
878 2179 1012 2215 Mirari
1026 2189 1073 2223 se,
1087 2176 1197 2219 dixit,

91 2249 140 2284 ad
159 2260 244 2296 quos
262 2247 458 2284 liberandos
477 2247 684 2289 Antiochus,
702 2247 825 2283 relicto
843 2258 950 2294 regno
967 2256 1044 2286 suo,
1065 2244 1101 2279 in
1122 2243 1198 2278 Eu·

90 2323 216 2360 ropam
236 2309 438 2360 trajecisset.
495 2311 646 2347 Nullam
675 2312 767 2347 enim
790 2311 969 2347 civitatem
987 2308 1076 2344 sein
1101 2306 1198 2342 Grae-
