1523 2666
106 250 147 278 U.
162 248 196 277 C.
217 256 288 279 551).

106 293 145 321 A.
164 293 199 322 C.
215 300 287 323 90¹2.

113 1734 297 1775 Spaniam<

115 1790 162 1809 res
181 1780 270 1808 Han-

115 1822 228 1851 nibali5
246 1832 263 1851 a

116 1866 266 1903 Scipione

116 1909 248 1940 dimissi.

304 154 382 205 248
758 170 801 198 T.
828 170 956 200 mvn

305 253 385 289 Has
402 254 626 292 formidines
649 258 830 305 agitando
850 259 999 301 amnne,
1021 258 1091 308 ipsi
1112 271 1218 295 curas
1236 265 1274 296 et
1293 267 1413 297 metus

301 319 491 367 angebant
512 322 639 363 etiam,
661 322 775 370 qnod,
797 334 911 370 quum
931 322 1151 358 adsuessent
1179 336 1245 373 per
1266 324 1412 372 aliquot

301 396 420 418 annos
442 383 579 419 bellum
601 393 688 420 ante
709 385 838 421 oculos
862 386 943 422 aliis
972 392 1084 434 atque
1108 386 1190 422 aliis
1220 387 1259 422 in
1288 387 1410 423 Italiae

300 447 470 496 partibus
491 447 594 484 lenta
614 461 692 497 spe,
710 450 748 484 in
766 449 910 485 nullum
930 451 1181 500 propinquum
1199 451 1413 487 debellandi

301 512 414 547 finem
441 526 583 560 gerere,
615 520 812 549 erexerant
837 515 1005 550 omnium
1041 516 1187 551 animos
1220 516 1348 566 Scipio
1377 523 1415 551 et

304 576 514 618 Hannibal,
538 576 637 612 velut
665 578 710 613 ad
741 590 957 627 supremum
986 586 1176 616 certamen
1203 581 1413 630 comparati

304 641 428 676 duces.
486 640 518 675 li
549 653 713 689 quoque,
739 641 874 690 quibus
904 643 1037 690 ingens
1066 650 1147 679 erat
1177 645 1216 679 in
1237 644 1416 694 Scipione

306 705 441 741 fiducia
470 710 508 740 et
539 706 706 741 victoriae
738 718 836 755 spes,
858 719 933 755 quo
954 708 1071 755 magis
1095 709 1134 743 in
1163 710 1416 757 propinquam

305 784 388 806 eam
415 770 653 806 inminebant
679 772 829 814 animis,
851 784 897 807 eo
924 785 1021 807 curae
1049 773 1263 808 intentioris
1295 778 1414 808 erant.

305 834 421 870 Haud
447 835 572 884 dispar
603 834 756 870 habitus
785 836 999 871 animorum
1028 835 1415 884 Karthaginiensibus

305 906 403 934 erat:
428 911 521 947 quos
543 898 654 934 modo
674 899 813 948 petisse
834 911 980 948 pacem,
1004 899 1192 935 intuentes
1213 899 1414 935 Hanniba-

303 962 378 999 lem
399 976 440 999 ac
460 976 583 999 rerum
606 972 797 1012 gestarum
817 963 897 1013 ejus
918 964 1232 1011 magnitudinem,
1252 965 1416 1014 poenite-

304 1026 393 1064 bat:
427 1028 554 1070 modo,
577 1041 692 1076 quum
722 1028 968 1077 respicerent,
989 1027 1046 1063 bis
1075 1039 1155 1063 sese
1182 1028 1262 1063 acie
1281 1028 1416 1070 victoS,

305 1092 517 1142 Syphacem
546 1100 712 1142 captum,
740 1092 867 1142 pulsos
896 1104 934 1127 se
955 1091 1159 1141 Hispania,
1188 1091 1316 1141 pulsos
1338 1091 1416 1127 Ita-

303 1157 368 1199 lia,
390 1163 503 1205 atque
523 1170 565 1192 ea
586 1157 714 1192 onmia
734 1157 844 1192 nnius
868 1157 1007 1191 virtute
1031 1162 1068 1191 et
1089 1155 1248 1191 consilio
1270 1155 1416 1205 Scipio-

306 1221 363 1256 nis
383 1220 498 1263 facta,
520 1220 621 1256 velut
637 1220 792 1256 fatalem
812 1232 896 1256 eum
917 1219 1051 1255 ducem
1070 1220 1109 1255 in
1132 1219 1289 1256 exitium
1309 1231 1417 1255 suum

307 1291 437 1320 natum
458 1285 678 1322 horrebant.
1259 1317 1263 1322 ,

360 1349 519 1386 XXIX.
549 1350 636 1386 Jam
657 1351 909 1387 Adrumetum
930 1357 1084 1387 venerat
1103 1348 1320 1387 Hannibal:
1350 1361 1418 1385 un-

308 1416 366 1457 de,
389 1415 434 1451 ad
461 1415 704 1452 reficiendum
734 1428 780 1452 ex
799 1414 1015 1466 jactatione
1045 1415 1236 1451 maritima
1262 1413 1421 1449 militem

308 1481 437 1530 paucis
458 1481 587 1517 diebus
609 1481 756 1524 sumtis,
779 1481 922 1516 excitus
943 1480 1271 1531 pavidis-nunciis,
1293 1478 1422 1513 omnia

309 1547 408 1582 circa
455 1546 735 1594 Karthaginem
776 1546 940 1582 obtineri
986 1546 1113 1587 armis,
1155 1543 1420 1584 adferentium,

308 1611 454 1659 magnis
483 1610 680 1646 itineribus
714 1610 873 1646 Zamam
904 1609 1113 1645 contendit.
1172 1608 1292 1643 Zama
1312 1606 1422 1654 quin-

308 1688 381 1724 que
403 1675 546 1711 dierum
568 1676 640 1711 iter
655 1675 701 1711 ab
722 1675 965 1722 Karthagine
985 1673 1110 1709 abest:
1134 1672 1221 1708 inde
1241 1670 1423 1721 praemissi

310 1739 565 1789 speculatores
597 1752 714 1788 quum
747 1739 895 1788 excepti
931 1751 953 1773 a
984 1736 1203 1773 custodibus
1236 1733 1422 1771 Romanis

310 1805 461 1840 deducti
491 1805 537 1841 ad
569 1805 785 1853 Scipionem
815 1809 955 1845 essent,
983 1802 1143 1838 traditos
1170 1813 1235 1837 eos
1261 1798 1424 1835 tribunis

310 1869 487 1912 militum,
507 1868 711 1918 jussosque
739 1868 880 1903 omisso
914 1872 1018 1902 metu
1047 1866 1167 1901 visere
1195 1864 1338 1905 omnia,
1358 1874 1426 1911 per

311 1941 448 1976 castra,
469 1947 543 1982 qua
565 1932 714 1973 vellent,
737 1929 1114 1979 ci1·cumducijussit:
1139 1933 1425 1978 percunctatus—

312 2011 399 2048 qne,
420 1999 530 2034 satin'
552 2010 617 2046 per
645 1995 885 2032 commodum
910 1994 1039 2029 omnia
1065 1992 1340 2042 explorassent,
1362 1989 1427 2024 da-

313 2064 375 2106 tis,
396 2062 458 2111 qui
487 2067 818 2111 prosequerentur,
838 2067 940 2096 retro
964 2060 1012 2096 ad
1038 2057 1295 2095 Hannibalem
1316 2056 1427 2091 dimi-

313 2128 375 2164 sit.
422 2125 618 2162 Hannibal
639 2124 732 2160 nihil
749 2125 900 2173 quidem
920 2136 1064 2166 eorum,
1087 2135 1168 2171 quae
1188 2119 1426 2157 nunciaban-

312 2199 388 2233 tur,
414 2193 519 2238 (nam
539 2196 590 2232 et,
610 2189 854 2225 Masinissam
871 2202 957 2224 cum
973 2201 1038 2224 sex
1054 2186 1219 2223 millibus
1240 2184 1425 2235 peditum,

313 2262 476 2304 quatuor
506 2255 675 2303 equitum
704 2254 848 2290 venisse
875 2267 920 2289 eo
947 2254 1029 2304 ipso
1056 2252 1156 2288 forte
1186 2250 1260 2292 die,
1282 2247 1427 2284 adfere-

311 2319 438 2366 bant,)
471 2319 559 2355 laeto
593 2320 721 2356 animo
752 2319 884 2362 audiit,
922 2318 1085 2355 maxime
1120 2315 1240 2351 hostis
1276 2312 1427 2354 fiducia,
