1507 2656
280 220 435 251 unna
459 217 639 247 xxxvx.
670 216 777 246 cAP.
800 217 942 248 κων.
1072 209 1152 263 607

12 317 14 353 Ι
54 311 205 348 navium
227 311 274 348 ad
291 318 429 347 terram
449 307 633 358 explicare
647 305 773 356 jubet,
791 313 829 342 et
847 321 953 356 aequa
969 308 1096 347 fronte
1112 311 1156 347 ad
1171 311 1214 341 U·
1228 311 1262 342 C·
1278 316 1351 344 561

55 388 221 427 pugnam
241 374 478 425 procedebat.
516 372 629 410 Quod
651 370 712 405 ubi
732 370 825 406 vidit
845 370 1056 417 Romanus,
1078 355 1210 411 velaA
1224 354 1262 385 C
1281 361 1353 388 ¹⁹¹'

56 439 263 482 nuntiabit,
284 437 476 485 malosque
502 435 673 478 inclinat,
705 440 758 481 et,
788 434 899 471 simul
929 444 1162 475 armamenta

57 513 302 551 componens,
319 500 514 549 obperitur
529 500 766 547 insequentes
783 511 909 536 naves,
938 499 962 534 J
966 512 1025 536 am
1044 500 1162 538 ferme

56 566 214 613 triginta
238 565 276 600 iu
305 563 432 599 fronte
463 569 584 605 erant,
606 563 740 611 quibus
770 569 813 599 ut
839 570 1002 612 aequaret
1028 564 1162 601 laevum

56 641 189 671 cornu,
227 627 428 664 dolonibus
466 628 599 662 erectis
644 627 763 664 altum
806 635 933 678 petere
969 629 1133 665 intendit
1151 645 1159 667 z

16 719 17 737 ¹
49 691 181 742 jussis,
219 691 283 740 qui
321 690 588 738 sequebantur,
621 691 796 726 adversus
834 691 1008 727 dextrum
1045 705 1164 729 cornu

16 739 18 808 l!
56 767 174 805 prope
193 760 330 790 terram
351 766 482 803 proras
502 754 673 801 dirigere.
728 753 918 790 Eumenes
942 767 1077 802 agmen
1098 768 1163 791 co-

17 816 18 867 }
55 817 192 866 gebat:
216 823 395 859 ceterum,
414 822 455 851 ut
474 816 665 852 demendis
683 816 924 852 armamentis
941 816 1164 853 tumultuari

17 889 19 932 ’ξ
58 881 219 931 primum
240 886 407 930 coeptum
427 886 496 922 est,
518 886 556 915 et
576 881 668 929 ipse,
689 886 831 928 quanta
850 880 1014 916 maxima
1033 879 1163 916 celeri-

18 934 19 962 ἶ
57 951 136 980 tate
156 950 295 994 potest,
317 945 485 980 concitat
510 956 635 979 naves.
693 944 780 979 Jam
810 943 985 979 omnibus
1014 944 1050 979 in
1071 957 1164 980 con-

56 1014 186 1058 spectu
207 1016 336 1044 erant:
369 1008 450 1043 duae
470 1007 623 1043 Punicae
644 1020 756 1043 naves
781 1007 1055 1043 antecedebant
1080 1007 1163 1043 Ro-

20 1094 21 1102 1
57 1084 208 1108 manam
241 1072 411 1113 classem,
443 1071 577 1119 quibus
609 1071 730 1107 obviae
759 1078 834 1107 tres
867 1071 1022 1107 fuerunt
1051 1072 1163 1120 regiae

55 1146 192 1179 nave83
217 1141 254 1170 et
274 1141 315 1169 ut
334 1136 371 1169 in
392 1147 549 1169 numero
568 1135 704 1183 inpari,
726 1135 807 1170 duze
828 1135 938 1182 regiae
959 1148 1072 1171 unam
1092 1136 1164 1171 cir·

21 1204 22 1213 ¹
56 1199 302 1234 cumsistunt:
335 1204 372 1232 et
391 1198 553 1246 primum
573 1197 620 1232 ab
641 1204 800 1246 utroque
820 1197 937 1232 latere
956 1209 1078 1233 remos
1099 1198 1164 1233 de-

56 1268 234 1310 tergunt:
275 1261 407 1297 deinde
439 1261 711 1296 transcendunt
744 1261 892 1303 armati,
928 1269 978 1304 et,
1010 1260 1162 1311 dejectis

22 1371 23 1374 ¹
56 1327 238 1375 caesisque
272 1325 634 1376 propugnatoribus,
668 1337 802 1360 navem
837 1326 1003 1375 capiunt.
1061 1326 1162 1370 Una,

22 1391 24 1433 ξ
58 1403 141 1439 quae
167 1391 335 1440 compari
362 1389 489 1425 Marte
519 1396 773 1432 concurrerat,
794 1396 994 1438 postquam
1016 1396 1165 1439 captam

58 1453 215 1489 alteram
236 1465 369 1489 navem
390 1452 494 1494 vidit,
517 1453 733 1501 priusquam
762 1465 783 1487 a
809 1452 928 1488 tribus
955 1452 1065 1488 simul
1091 1454 1165 1490 cir-

24 1537 25 1570 3
58 1518 349 1559 cumveniretur,
370 1523 470 1552 retro
491 1516 538 1551 ad
557 1514 712 1551 classem
732 1515 884 1563 refugit.
938 1515 1084 1559 Livius,
1106 1517 1164 1553 in-

25 1627 26 1632 *
58 1581 279 1629 dignatione
299 1592 492 1622 accensus,
509 1580 686 1629 praetoria
705 1592 798 1614 nave
818 1580 856 1614 in
876 1580 1004 1615 hostes
1020 1580 1160 1616 tendit:

25 1653 26 1689 ξ
60 1646 234 1680 adversus
255 1656 364 1692 quam
388 1644 516 1679 eadem
537 1655 602 1692 spe
620 1643 715 1686 duae,
738 1656 818 1691 quae
848 1643 1030 1679 Punicam
1051 1657 1163 1680 unam

26 1704 27 1708 ¹
55 1721 190 1744 navem
209 1709 545 1749 circumvenerant,
566 1720 679 1755 quum
705 1706 947 1749 inferrentur,
969 1707 1165 1743 demittere

27 1776 28 1804 i
57 1772 98 1808 in
126 1784 261 1820 aquam
291 1783 413 1806 remos
440 1770 487 1806 ab
518 1777 678 1818 utroque
703 1770 819 1806 latere
839 1771 998 1819 remiges
1018 1770 1165 1807 stabili·

27 1830 28 1834 *
59 1835 164 1871 endae
189 1835 293 1870 navis
315 1847 446 1870 caussa
464 1833 593 1883 jussit,
616 1840 654 1870 et
672 1835 710 1869 in
736 1834 976 1869 advenientes
996 1835 1164 1871 hostium

56 1911 170 1935 naves
189 1898 328 1934 ferreas
350 1910 479 1933 manus
500 1897 668 1947 injicere,
690 1905 741 1939 et,
763 1897 826 1933 ubi
846 1910 1011 1946 pugnam
1031 1898 1163 1947 pedes-

29 2010 30 2014 Ἰ
57 1963 107 1998 tri
127 1962 284 1998 similem
300 1962 464 2004 fecisset,
482 1962 697 1996 meminisse
712 1960 898 1996 Romanae
916 1961 1077 2004 virtutis,
1094 1973 1163 1997 nec

29 2015 30 2022 ἵ
57 2038 127 2076 pro
147 2025 233 2060 viris
254 2025 386 2060 ducere
406 2026 510 2072 regia
530 2024 731 2073 mancipia.
788 2023 903 2059 Haud
923 2023 1051 2073 paullo
1069 2024 1164 2060 faci-

55 2089 142 2130 liuS,
164 2100 274 2136 quam
295 2093 383 2122 ante
402 2088 484 2123 duae
505 2100 631 2130 unam,
649 2093 740 2122 tunc
761 2099 834 2122 una
854 2087 943 2122 duas
965 2099 1077 2123 naves
1097 2099 1164 2125 ex-

30 2151 31 2155 ’
54 2152 252 2203 pugnavit,
275 2151 459 2200 cepitque.
506 2150 558 2185 Et
571 2149 653 2199 jam
673 2150 808 2186 classes
829 2163 978 2199 quoque
999 2151 1162 2199 undique

55 2221 339 2256 concurrerant,
370 2220 407 2249 et
436 2215 573 2263 passim
603 2214 798 2263 permixtis
827 2213 983 2249 navibus
1014 2226 1162 2263 pugna-

54 2279 178 2314 batur.
234 2278 439 2320 Eumenes,
473 2278 536 2326 qui
574 2283 761 2313 extremus
800 2277 1002 2312 commisso
1039 2284 1161 2312 certa-

53 2342 155 2380 mine
181 2342 396 2386 advenerat,
415 2347 457 2378 ut
481 2341 745 2378 animadvertit
765 2339 900 2378 laevum
926 2353 1044 2378 cornu
1069 2341 1160 2377 hos·
