1523 2666
285 203 339 246 26
758 215 803 244 T.
830 215 965 245 L1V11

88 297 179 332 U.C.
197 307 423 354 ⁵43·petere.
480 302 619 339 Iisdem
648 302 727 340 fere
756 302 887 340 diebus
909 308 947 338 et
966 301 1013 338 ad
1035 301 1082 340 Q.
1104 299 1279 337 Fulvium
1307 312 1401 336 con-

85 348 402 404 A=C.209.Sulem
439 367 610 417 Hirpini,
648 375 687 404 et
721 367 884 409 Lucani,
918 372 956 402 et
993 365 1212 407 Volcentes‚
1250 364 1399 401 traditis

279 432 462 483 praesidiis
490 431 736 473 Hannibalis,
758 444 840 480 quae
861 432 900 466 in
920 429 1075 466 urbibus
1105 428 1314 472 habebant,
1334 428 1399 464 de-

279 498 455 534 diderunt
484 509 578 539 sese,
601 495 883 544 clementerque
912 508 935 531 a
963 493 1132 538 consule,
1155 506 1240 529 cum
1263 492 1401 529 verbo-

277 574 362 598 rum
395 566 545 597 tantum
579 560 831 608 castigatione
869 559 918 594 ob
950 570 1116 594 errorem
1148 557 1397 608 praeteritum,

279 626 436 677 accepti.
493 625 546 662 Et
573 625 736 660 Bruttiis
768 623 899 660 similis
930 635 1013 673 spes
1044 622 1162 658 veniae
1182 621 1284 657 facta
1313 626 1394 656 est:

276 703 395 740 quum
414 690 462 727 ab
485 690 530 726 iis
551 689 685 726 Vibius
715 695 752 725 et
778 689 930 725 Pactius
960 687 1110 730 fratres,
1140 686 1255 734 longe
1284 684 1398 722 nobi-

274 754 410 791 lissimi
430 755 553 804 gentis
574 753 669 805 ejus,
691 753 875 796 eamdem,
898 766 979 802 quae
1001 753 1089 788 data
1107 750 1274 788 Lucanis
1302 755 1398 793 erat,

275 820 537 856 conditionem
567 819 770 856 deditionis
800 823 972 868 petentes
994 817 1198 853 venissent.
1254 814 1304 853 Q.
1323 813 1399 850 Fa-

274 883 360 920 bius
395 883 529 920 consul
557 883 739 933 oppidum
770 883 808 918 in
840 880 1059 918 Sallentinis
1085 879 1331 915 Manduriam
1360 878 1398 914 vi

275 949 396 999 cepit:
430 948 482 985 ibi
512 948 559 985 ad
589 955 753 998 quatuor
773 947 891 984 millia
910 946 1108 982 hominum
1129 949 1253 994 capta,
1276 950 1314 979 et
1333 955 1395 978 ce-

79 1024 197 1057 Fabius
274 1018 365 1050 terae
385 1014 520 1064 praedae
541 1013 790 1062 aliquantum.
841 1011 936 1048 Inde
955 1010 1166 1046 Tarentum
1185 1007 1394 1058 profectus,

76 1070 259 1145 ἷέῐῐηὲὲῗῑ
273 1078 311 1113 in
332 1078 422 1128 ipsis
449 1077 623 1114 faucibus
654 1083 786 1127 portus
817 1075 945 1126 posuit
974 1080 1120 1110 castra:
1152 1084 1281 1115 naves,
1303 1083 1395 1120 quas

121 1122 141 1153 p
166 1123 187 1154 g
246 1136 253 1143 '
269 1143 401 1180 Livius
422 1142 591 1179 tutandis
623 1140 898 1178 commeatibus
929 1138 1129 1180 habuerat,
1151 1138 1290 1187 partim
1313 1149 1394 1172 ma-

270 1207 555 1244 chinationibus
576 1214 711 1242 onerat
740 1206 998 1256 adparatuque
1028 1203 1210 1239 moenium
1243 1201 1393 1251 obpug-

269 1274 496 1315 nandorum,
517 1272 657 1323 partim
676 1271 875 1307 tormentis
907 1276 944 1305 et
973 1269 1072 1304 saxis
1103 1268 1283 1316 omnique
1301 1266 1393 1302 mis-

270 1336 396 1373 silium
432 1335 595 1372 telorum
629 1347 767 1383 genere
801 1333 969 1375 instruit,
1001 1332 1192 1367 onerarias
1228 1342 1393 1379 quoque,

269 1414 349 1438 non
370 1413 431 1437 eas
453 1399 591 1443 solum,
612 1412 695 1448 quae
711 1398 822 1434 remis
844 1402 1047 1445 agerentur
1060 1411 1070 1441 5
1104 1401 1146 1430 ut
1165 1394 1229 1431 alii
1250 1395 1394 1430 machi-

270 1478 338 1502 nas
359 1464 554 1513 scalasque
573 1463 618 1499 ad
640 1475 768 1499 muros
796 1462 953 1504 ferrent,
975 1460 1039 1496 alii
1069 1459 1201 1510 procul
1221 1471 1265 1495 ex
1286 1459 1394 1494 navi·

269 1529 341 1566 bus
371 1529 613 1566 vulnerarent
642 1528 826 1563 niceniuin
856 1531 1172 1575 propugnatores
1230 1523 1297 1560 Eae
1324 1536 1393 1559 na-

268 1607 348 1638 ves,
376 1594 423 1631 ab
457 1600 590 1644 aperto
622 1593 716 1628 mari
749 1598 789 1627 nt
823 1591 955 1626 urbem
987 1588 1296 1637 adgrederentur,
1332 1588 1392 1623 in-

270 1665 424 1696 structae
461 1665 677 1709 parat-<eque
714 1662 813 1693 sunt.
871 1655 924 1691 Et
957 1660 1039 1690 erat
1072 1652 1232 1689 liberum
1270 1664 1388 1695 mare,

267 1724 388 1761 classe
417 1723 576 1766 Punica,
608 1734 723 1771 quum
753 1720 953 1770 Philippus
984 1718 1208 1768 obpugnare
1233 1715 1388 1752 AEtolos

267 1793 433 1838 pararet,
456 1787 662 1835 Corcyram
681 1784 915 1821 transmissa.
973 1782 1018 1818 In
1049 1781 1212 1818 Bruttiis
1240 1780 1391 1816 interim

270 1851 452 1888 Caulonis
487 1850 786 1900 obpugnatoreS,
809 1847 878 1883 sub
909 1847 1113 1882 adventum
1143 1843 1388 1887 Hannibalis,

267 1929 317 1953 ne
348 1916 666 1966 obprimerentur,
698 1913 736 1948 in
770 1911 971 1954 tumulum,
1003 1924 1024 1946 a
1052 1910 1230 1960 praesenti
1259 1910 1393 1959 inpetu

267 1987 409 2023 tutum,
427 1993 467 2016 se
486 1991 672 2029 recepere.
711 1977 886 2020 Fabium,
907 1976 1115 2012 Tarentum
1137 1973 1390 2017 obsidentem,

268 2045 350 2082 leve
371 2046 474 2081 dictu
494 2050 731 2080 momentum
761 2042 807 2078 ad
836 2055 914 2077 reni
945 2041 1137 2088 ingentem
1164 2038 1389 2090 potiundam

70 2126 250 2157 Tarentum
267 2110 424 2161 adjuvit.
482 2108 704 2144 Praesidium
724 2107 965 2142 Bruttiorum
995 2105 1125 2140 datum
1155 2103 1201 2139 ab
1232 2103 1386 2140 Hanni-

71 2171 350 2212 proditionebale
384 2173 582 2210 Tarentini
616 2172 836 2208 habebant:
870 2169 950 2220 ejus
985 2169 1148 2219 praesidii
1185 2168 1385 2218 praefectus

72 2222 218 2255 ‘mptum'
266 2239 462 2289 deperibat
483 2250 610 2274 amore
631 2235 874 2278 mulierculae,
896 2233 1002 2284 cujus
1023 2233 1140 2270 frater
1161 2233 1197 2268 in
1219 2233 1386 2269 exercitu

265 2303 375 2340 Fabii
406 2301 570 2338 consulis
601 2307 693 2337 erat.
750 2299 802 2343 Is,
832 2288 970 2335 certior
997 2297 1113 2334 literis
1139 2297 1279 2332 sororis
1306 2296 1387 2333 fac-

265 2375 325 2406 tus
347 2370 391 2406 de
411 2379 511 2404 nova
532 2365 808 2404 consuetudine
836 2363 1005 2407 advenae,
1035 2360 1250 2414 locupletis,
1272 2367 1385 2412 atque
