1507 2656
92 247 357 299 populationes
377 245 613 288 AEtolorum,
632 255 703 280 nec
726 248 863 286 castra,
884 255 959 292 quo
985 241 1062 278 fors
1089 240 1199 277 tulis·
1211 243 1254 274 U.
1268 244 1305 275 C.
1321 252 1394 276 5⁵2.

91 318 147 348 set
166 311 266 356 loco,
288 312 368 348 sine
387 310 465 347 ullo
486 310 702 347 discrimine
721 322 765 346 ac
784 321 874 346 cura
899 308 1107 351 muniendi,
1129 320 1199 359 po-
1211 288 1301 321 A'C'
1316 295 1390 320 ⁹⁰⁰⁸

91 376 164 413 sita
179 391 186 412 :
219 377 358 425 itaque,
375 388 424 411 ne
443 375 636 411 temeritas
657 386 788 410 eorum
801 372 1111 422 negligentiaque
1128 372 1202 409 sibi

91 452 134 476 ac
154 441 229 476 suis
245 440 360 476 etiam
375 438 491 475 cladis
508 438 665 488 alicujus
684 449 818 474 caussa
835 443 947 480 esset,
966 449 1079 486 quum
1098 449 1199 473 carn-

88 504 276 555 pestribus
303 504 396 540 locis
417 503 661 553 subjicientes
683 515 747 539 eos
776 509 899 540 castra
918 502 1095 538 Phecado
1116 500 1201 538 urbi

85 567 243 611 videret,
281 569 361 618 ipse
398 567 526 618 paullo
563 567 646 617 plus
685 568 980 616 quingentorum
1021 578 1201 616 passuum

84 632 171 669 inde
191 632 378 669 tumulum
397 633 488 675 suis,
510 633 678 681 quamvis
700 632 773 668 levi
800 633 1038 668 munimento
1057 638 1198 675 tutum,

85 698 197 747 cepit.
253 698 381 737 Quum
411 697 550 741 AEtoli‚
577 698 650 733 nisi
678 698 779 746 quod
811 697 1107 748 populabantur,
1134 697 1200 734 vix

84 763 301 800 meminisse
320 765 548 807 viderentur,
570 776 610 799 se
629 764 667 799 in
687 763 856 799 hostium
885 775 978 812 agro
999 774 1103 808 esse;
1135 761 1202 798 alii

3 0 14 340 ἶ
349 156 503 186 LIBER
527 153 672 182 XXXI.
706 151 812 180 cAP.
833 152 962 181 XLII.
1114 152 1199 195 319

2 599 3 625 l

84 827 201 878 palati
226 829 440 865 semiermes
461 835 702 878 vagarentur,
725 828 789 864 alii
808 829 848 865 in
868 828 1000 864 castris
1021 827 1102 863 sine
1120 833 1198 864 sta-

83 892 252 928 tionibus
270 906 336 943 per
357 907 529 930 somnum
552 894 756 943 vinumque
776 894 853 930 dies
874 892 1051 930 noctibus
1073 905 1198 941 aequa-

80 962 180 998 rent,
201 955 399 1007 Philippus
424 958 721 1007 inopinantibus
742 959 916 994 advenit:
950 970 1061 1007 quem
1082 968 1197 1006 quum
1210 960 1410 1010 Obprimnuln-

82 1019 211 1056 adesse
239 1019 470 1069 refugientes
494 1034 540 1056 ex
568 1022 667 1069 agris
692 1022 843 1070 quidam
874 1022 998 1071 pavidi
1020 1004 1416 1080 nuncias-‘Zrapmhp‘

81 1090 179 1128 sent,
200 1085 389 1134 trepidare
408 1084 656 1121 Damocritus
677 1089 868 1134 ceterique
888 1086 1024 1122 duces:
1057 1093 1096 1121 et
1116 1092 1199 1122 erat

79 1147 179 1185 forte
205 1149 454 1185 meridianum
480 1156 644 1197 tempus,
673 1161 748 1197 quo
768 1149 937 1198 plerique
957 1162 1089 1199 graves
1110 1149 1198 1187 cibo

80 1214 195 1263 sopiti
214 1212 410 1263 jacebant.
467 1214 648 1250 Excitaoe
681 1214 797 1261 igitur
830 1214 894 1249 alii
925 1214 1033 1257 alios,
1057 1214 1199 1264 jubere

82 1290 187 1314 arma
206 1291 354 1328 capere,
375 1278 469 1314 alios
490 1279 681 1321 dimittere
701 1278 748 1314 ad
774 1280 1021 1322 revocandos,
1044 1281 1108 1329 qui
1127 1293 1196 1329 pa-

79 1342 147 1379 lati
183 1355 250 1393 per
283 1355 394 1391 agros
432 1343 718 1393 praedabantur:
770 1351 952 1394 tantaque
988 1346 1195 1394 trepidatio

78 1405 167 1449 fuit,
185 1413 228 1442 ut
247 1407 327 1442 sine
356 1406 490 1455 gladiis
512 1407 664 1456 quidam
684 1408 854 1456 equitum
874 1409 1035 1451 exirent,
1055 1408 1193 1446 loricas

77 1470 248 1522 plerique
275 1484 354 1507 non
384 1471 596 1509 induerent.
654 1472 716 1509 Ita
744 1474 883 1523 raptim
912 1475 1051 1518 educti,
1077 1487 1195 1524 quum

76 1536 241 1572 universi
269 1542 534 1572 sexcentorum
556 1549 654 1585 aegre
674 1538 785 1574 simul
808 1540 953 1587 equites
973 1540 1194 1589 peditesque

76 1612 275 1638 numerum
295 1601 523 1651 explessent,
545 1602 717 1639 incidunt
737 1604 776 1640 in
797 1604 943 1652 regium
963 1605 1190 1654 equitatum,

78 1676 254 1707 numero,
275 1666 425 1708 animis,
446 1666 635 1715 armisque
651 1674 909 1717 praestantem.
956 1668 1092 1717 ltaque
1111 1669 1190 1719 pri-

75 1740 140 1765 mo
172 1729 305 1778 inpetu
335 1729 424 1772 fusi,
455 1731 517 1767 vix
542 1736 692 1767 tentato
723 1733 943 1776 certamine,
970 1734 1073 1783 turpi
1097 1734 1192 1782 fuga

76 1798 254 1844 repetunt
280 1800 421 1830 castra:
454 1795 540 1831 caesi
567 1796 743 1845 captique
773 1797 940 1845 quidam,
962 1810 1055 1847 quos
1082 1797 1190 1849 equi·

75 1863 132 1893 tes
152 1856 199 1893 ab
219 1859 369 1906 agmine
388 1858 616 1907 fugientium
637 1860 893 1899 interclusere.

128 1920 261 1960 XLII.
290 1922 502 1974 Philippus,
524 1926 600 1961 suis
620 1925 702 1975 jam
725 1926 822 1963 vallo
845 1927 1186 1978 adpropinquanti-

72 1983 158 2029 bus,
176 1988 343 2037 receptui
369 1989 454 2024 caui
476 1988 616 2039 jussit:
649 1990 831 2040 fatigatos
862 1993 963 2029 enim
993 2006 1109 2041 equos
1130 1994 1186 2029 vi-

74 2061 210 2098 rosque
236 2063 314 2086 non
339 2057 418 2087 tam
446 2053 597 2102 proelio,
619 2068 730 2104 quam
755 2056 900 2092 itineris
928 2056 1039 2092 simul
1059 2057 1185 2106 longi-

74 2112 219 2156 tudine,
240 2114 350 2150 simul
377 2128 616 2168 praepropera
639 2118 845 2164 celeritate,
867 2121 1046 2159 habebat,
1105 2122 1184 2158 Ita-

75 2188 148 2224 que
174 2180 367 2215 turmatim
392 2182 550 2230 equites,
573 2184 610 2219 in
636 2184 831 2233 vicemque
860 2186 1071 2236 manipulos
1093 2186 1184 2225 levis

76 2248 288 2286 armaturae,
310 2253 504 2293 aquatum·
520 2247 574 2284 ire
600 2258 638 2284 et
667 2250 847 2298 prandere
861 2249 996 2299 jubet:
1030 2252 1123 2288 alios
1145 2253 1183 2290 in

75 2305 240 2344 statione
265 2316 429 2347 armatos
458 2312 612 2355 retinet,
633 2312 834 2364 obperiens
858 2327 995 2364 agmen
1015 2317 1189 2368 peditum

598 2376 630 2414 P
648 2377 673 2414 4
