1523 2666
278 163 355 205 108
733 179 780 208 Τ.
803 180 936 209 L1v11

83 264 377 302 U.C.s⁴6.freto
411 267 548 315 exiguo
585 267 824 312 dirimuntur,
856 272 1002 320 positiS.
1059 270 1227 320 DIgnam
1264 273 1395 322 itaque

82 310 356 396 ssi‘fg-(ffi'rem
376 330 504 380 Scipio
524 337 641 374 ratuS,
662 345 760 380 quae,
790 335 970 382 quoniam
1002 347 1081 370 non
1112 334 1223 370 aliter
1251 343 1395 385 posset,

84 415 157 437 cam
171 414 232 438 tra·
279 407 418 444 magno
437 395 604 444 periculo
625 403 826 445 peteretur,
849 398 893 434 L.
916 398 1066 434 Marcio
1086 399 1318 442 Tarracone,
1337 399 1395 435 M.

81 449 162 485 iieit.
281 458 411 495 Silano
430 458 671 508 Karthagine
690 460 816 504 Nova,
836 475 910 510 quo
931 462 1088 511 pedibus
1113 462 1158 497 ab
1179 462 1397 499 Tarracone

280 523 478 560 itineribus
500 525 646 573 magnis
666 525 775 567 ierat,
797 525 844 560 ad
870 526 1082 574 praesidium
1114 526 1310 577 Hispaniae
1339 540 1397 563 re-

278 586 393 629 lictis,
416 588 495 637 ipse
515 600 598 622 cum
621 588 663 624 C.
685 587 806 624 Laelio
827 588 970 624 duabus
992 589 1323 637 quinqueremibus
1351 590 1398 626 ab

280 649 521 699 Karthagine
541 650 733 700 profectus
759 652 967 700 tranquillo
988 653 1081 687 mari
1110 652 1312 702 plurimum
1342 665 1400 689 re·

278 714 364 757 mis,
389 714 577 750 interdum
609 721 646 750 et
675 715 750 751 leni
778 714 981 765 adjuvante
1008 722 1135 758 vento,
1163 717 1201 751 in
1230 716 1401 753 Africam

279 777 442 827 trajecit.
498 778 614 814 Forte
635 779 687 814 ita
708 779 855 822 incidit,
877 787 917 814 ut
939 793 984 814 eo
1006 780 1088 828 ipso
1107 786 1278 828 tempore
1297 780 1399 816 Has-

280 841 413 879 drubal
439 842 567 892 pulsus
596 842 800 892 Hispania,
833 850 977 892 septem
1005 843 1217 879 triremibus
1248 851 1401 893 portum

279 907 465 949 invectus,
497 906 674 943 anchoris
708 908 842 956 positis
876 915 985 943 terrae
1020 907 1223 957 adplicaret
1256 921 1368 945 naves
1386 925 1397 954 3

282 983 397 1018 quum
428 978 642 1021 conspectae
670 971 752 1007 duae
779 973 1066 1021 quinqueremes
1097 972 1196 1007 haud
1227 974 1402 1021 cuiquam

283 1035 413 1078 dubio,
435 1037 524 1084 quin
544 1036 711 1072 hostium
743 1045 882 1079 essent,
903 1036 1141 1086 obprimique
1171 1050 1192 1071 a
1214 1036 1400 1086 pluribus,

282 1100 501 1149 priusquam
532 1106 685 1149 portum
719 1101 918 1143 intrarent,
953 1109 1122 1150 possent,
1156 1101 1251 1136 nihil
1285 1100 1400 1144 aliud,

283 1176 395 1212 quam
415 1164 618 1200 tumultum
640 1177 683 1200 ac
702 1165 997 1214 trepidationem
1027 1164 1139 1200 simul
1166 1164 1328 1200 militum
1357 1178 1400 1201 ae

283 1235 498 1271 nautarum,
521 1230 775 1278 nequidquam
803 1242 981 1278 armaque
1002 1238 1039 1264 et
1067 1241 1179 1264 naves
1200 1229 1402 1278 expedien-

283 1293 391 1335 tium,
419 1292 614 1328 fecerunt:
647 1305 823 1343 percussa
855 1294 954 1328 enim
979 1306 1025 1328 ex
1055 1292 1132 1328 alto
1162 1292 1244 1328 vela
1272 1292 1400 1341 paullo

283 1357 417 1392 acriori
438 1366 553 1393 vento
574 1358 675 1407 prius
705 1358 743 1392 in
764 1363 916 1406 portum
946 1356 1156 1392 intulerunt
1176 1357 1401 1405 quinquere-

282 1432 373 1463 meS,
406 1434 519 1469 quam
549 1422 657 1457 Poeni
696 1422 880 1457 anchoras
914 1421 1163 1457 molirentur:
1195 1434 1265 1456 nec
1302 1421 1401 1457 ultra

281 1485 485 1521 tumultum
519 1486 616 1521 ciere
649 1487 846 1534 quisquam
877 1487 912 1521 in
948 1487 1053 1534 regio
1080 1492 1192 1535 portu
1226 1485 1400 1521 audebat.

283 1549 417 1597 Itaque
447 1551 550 1599 prior
580 1551 618 1585 in
649 1556 788 1586 terram
823 1550 1054 1593 Hasdrubal,
1089 1563 1178 1586 mox
1205 1550 1331 1600 Scipio
1363 1557 1400 1585 et

282 1612 423 1648 Laelius
441 1614 593 1661 egressi,
615 1613 661 1649 ad
681 1626 805 1662 regem
823 1620 996 1664 pergunt.

90 1685 270 1715 Hasdrubal
338 1677 491 1713 XVIII.
520 1674 845 1726 BIagnificumque
875 1678 910 1713 id
933 1678 1094 1728 S5phaci
1118 1679 1204 1724 (uec
1224 1683 1303 1713 erat
1333 1677 1400 1713 ali-

87 1736 117 1757 et
136 1728 241 1767 Scipio

87 1772 200 1801 codem

89 1821 171 1844 tecto
188 1824 234 1844 re-
285 1812 363 1840 tate
384 1804 496 1840 duces
526 1804 752 1854 populorum
784 1818 861 1841 uuo
891 1806 950 1841 die
980 1818 1084 1841 suam
1110 1818 1241 1855 pacem
1271 1805 1401 1840 amici-

87 1866 260 1896 cipiuntur.

283 1741 358 1787 ter)
397 1741 534 1784 visum,
567 1741 724 1776 duorum
758 1741 1130 1791 opulentissimorum
1165 1755 1207 1777 ea
1237 1747 1400 1790 tempes-

284 1869 450 1916 tiamque
471 1874 643 1918 petentes
670 1870 824 1904 venisse.
884 1869 1096 1917 Utrumque
1124 1870 1163 1904 in
1193 1869 1399 1917 hospitium

283 1933 443 1976 invitat;
477 1939 528 1973 et,
561 1933 739 1979 quoniam
767 1932 844 1967 fors
873 1945 936 1968 eos
965 1932 1033 1968 sub
1065 1945 1140 1967 uno
1170 1938 1272 1967 tecto
1303 1944 1397 1974 esse,

284 2001 395 2044 atque
417 1995 463 2031 ad
491 1995 641 2030 eosdem
671 2002 840 2044 penates,
862 1996 1067 2032 voluisset:
1101 1996 1325 2031 contrahere
1354 1995 1401 2031 ad

284 2060 528 2109 conloquium
565 2059 858 2096 dirimendarum
898 2059 1146 2096 simultatium
1179 2071 1310 2094 caussa
1343 2066 1400 2095 est

285 2131 468 2168 conatus,
501 2124 677 2172 Scipione
708 2123 913 2166 abnuente,
945 2131 1009 2158 aut
1039 2123 1215 2172 privatim
1246 2123 1316 2157 sibi
1342 2122 1399 2157 ul-

283 2188 360 2224 lum
384 2201 469 2224 cum
498 2186 621 2224 Poeuo
643 2188 771 2224 odium
792 2200 886 2231 esse,
908 2187 1009 2236 quod
1031 2187 1296 2235 conloquendo
1317 2187 1400 2222 fini-

285 2258 354 2294 ret,
377 2258 442 2287 aut
462 2252 505 2288 de
524 2251 718 2302 republica
745 2265 783 2288 se
813 2265 897 2288 cum
926 2252 1036 2287 hoste
1065 2264 1175 2300 agere
1195 2251 1398 2299 quidquam

284 2314 431 2365 injussu
451 2322 602 2352 senatus
623 2329 746 2367 posse.
804 2316 901 2352 Illud
922 2328 1061 2364 magno
1082 2328 1195 2365 opere
1224 2315 1399 2350 tendente
