1507 2656
0 0 6 131 Ι

0 245 135 290 «capta
167 238 436 289 diripiebatur:
474 244 713 274 concesserat
747 250 829 274 eam
859 237 1025 288 praedam
1058 241 1138 289 regi

0 311 2 343 l
25 302 225 352 Sulpicius,
247 302 336 351 quia
355 301 497 337 Oreum
518 314 658 351 paucos
680 307 768 337 ante
788 302 865 337 dies
892 301 938 337 ab
959 301 1139 340 Romano

0 369 155 412 }milite,
186 367 401 419 expertibus
435 368 562 416 regiis,
597 368 785 418 direptum
815 368 952 405 fuerat.
1009 369 1139 408 Quum

21 432 200 470 Romana
230 432 357 468 classis
386 443 432 467 eo
465 444 504 467 se
534 432 751 481 recepisset,
781 431 950 475 Attalus,
985 432 1138 480 ignarus

20 496 199 532 adventus
220 495 400 546 Philippi,
430 495 599 545 pecuniis
630 508 652 530 a
679 495 913 545 principibus
946 496 1139 544 exigendis

20 560 167 596 terebat
189 566 334 610 tempus
351 574 359 594 z
392 559 562 608 adeoque
580 559 775 610 inprovisa
803 572 860 595 res
880 559 968 602 fuit,
989 566 1044 604 ut,
1064 560 1140 596 nisi

19 624 256 660 Cretensium
284 623 449 672 quidam,
470 622 571 659 forte
600 622 824 673 pabulatum
853 623 900 660 ab
930 623 1023 660 urbe
1051 623 1138 660 lon-

17 688 99 736 gius
120 687 323 737 progressi,
345 699 483 735 agmen
503 687 671 723 hostium
686 687 819 737 procul
836 688 1136 738 conspexissent,

17 753 181 803 obprimi
201 754 381 803 potnerit,
438 752 591 789 Attalus
612 753 766 789 inermis
794 760 908 802 atque
936 754 1135 805 incompo-

19 818 112 853 situs
133 829 244 853 cursu
264 817 383 853 effuso
402 829 504 853 mare
524 830 567 853 ac
587 829 701 854 naves
724 818 843 868 petit:
876 824 916 853 et
942 817 1135 854 molienti-

16 879 86 917 bus
108 880 155 917 ab
176 886 275 916 terra
295 893 406 917 naves
430 881 630 931 Philippus
663 882 892 932 supervenit,
912 882 1136 919 tumultum-

15 957 89 995 que
109 945 223 981 etiam
243 957 289 981 ex
308 950 410 981 terra
428 945 590 981 nauticis
611 945 797 995 praebuit:
831 946 917 983 inde
941 946 1138 997 Opuntem

14 1009 138 1051 rediit,
162 1008 266 1045 Deos
296 1009 546 1058 hominesque
575 1022 773 1053 accusans,
804 1010 907 1059 quod
935 1016 1052 1046 tantae
1082 1011 1137 1047 rei

13 1075 207 1113 fortunam
226 1089 273 1113 ex
291 1075 410 1112 oculis
431 1089 549 1126 prope
568 1083 717 1127 raptam
740 1077 941 1114 amisisset.
999 1075 1136 1127 Opun-

14 1140 58 1176 tii
78 1153 226 1189 quoque
255 1139 302 1176 ab
323 1140 453 1176 eadem
483 1141 539 1177 ira
566 1141 757 1191 increpiti,
779 1142 894 1191 quod,
921 1153 1037 1190 quum
1055 1147 1135 1177 tra-

11 1204 101 1241 here
120 1203 358 1240 obsidionem
378 1204 416 1240 in
437 1204 643 1241 adventum
663 1217 773 1242 suum
800 1206 1030 1255 potuissent,
1051 1204 1134 1240 viso

11 1268 140 1305 statim
168 1268 295 1311 hoste,
315 1280 435 1317 prope
452 1268 491 1304 in
510 1267 767 1305 voluntariam
786 1269 1019 1306 deditionem
1039 1281 1132 1304 con-

12 1332 224 1370 cessissent.
282 1332 516 1381 Compositis
544 1333 644 1368 circa
670 1332 867 1382 Opuntem
897 1332 1024 1374 rebus,
1055 1331 1136 1368 Το-

11 1408 144 1433 ronem
164 1403 221 1433 est
246 1396 452 1447 profectus.
507 1396 560 1432 Et
585 1396 738 1432 Attalus
769 1397 893 1446 primo
921 1395 1064 1432 Oreum
1095 1407 1135 1431 se

10 1461 176 1511 recepit:
208 1461 308 1504 inde-
337 1474 450 1510 quum
484 1461 588 1497 fama
617 1460 832 1503 accidisset,
863 1460 1036 1496 Prusiam
1064 1460 1134 1496 Bi-

11 1525 153 1574 thyniae
173 1538 299 1574 regem
318 1526 358 1561 in
378 1525 470 1561 fines
490 1525 598 1573 regni
625 1525 683 1560 sui
702 1531 994 1572 transgressum,
1016 1524 1134 1560 omis·

12 1589 61 1626 sis
93 1589 200 1625 rebus
236 1597 348 1639 atque
381 1590 554 1626 AEtolico
583 1590 700 1633 bello,
736 1591 776 1625 in
805 1591 937 1626 Asiam
966 1589 1131 1639 trajecit.

8 1653 63 1693 Et
92 1653 278 1703 Sulpicius
305 1654 489 1702 AEginam
519 1654 678 1690 classem
704 1655 862 1704 recepit,
891 1655 990 1690 unde
1018 1656 1130 1690 initio

9 1718 104 1754 veris
126 1718 316 1767 profectus
337 1725 430 1755 erat.
470 1718 588 1755 Haud
608 1717 755 1767 majore
776 1719 995 1760 certamine,
1017 1731 1130 1766 quam

9 1781 203 1832 Opuntem
222 1782 373 1818 Attalus
395 1789 559 1832 ceperat,
580 1782 781 1832 Philippus
802 1782 995 1818 Toronem
1015 1782 1129 1832 cepit.

10 1845 235 1883 Incolebant
253 1846 386 1883 urbem
405 1859 488 1883 eam
517 1846 671 1896 profugi
701 1846 747 1882 ab
771 1845 912 1882 Thebis
932 1845 1127 1882 Phthioti-

9 1910 87 1945 cis:
123 1909 215 1946 urbe
248 1922 316 1946 sua
352 1917 464 1961 capta
501 1924 525 1947 a
555 1910 752 1960 Philippo,
787 1923 904 1959 quum
940 1911 979 1946 in
1017 1909 1129 1946 fidem

7 1972 227 2009 AEtolorum
247 1974 513 2023 perfugissent,
536 1975 661 2010 sedem
683 1975 734 2010 eis
756 1973 881 2010 AEtoli
903 1986 985 2009 eam
1014 1973 1128 2009 dede-

7 2043 108 2079 rant,
130 2037 231 2073 urbis
251 2045 407 2074 vastatae
436 2051 478 2074 ac
500 2039 656 2075 desertae
686 2039 812 2088 priore
843 2037 1011 2087 ejusdem
1034 2037 1126 2072 Phi-

7 2100 101 2150 lippi
118 2100 232 2139 bello.
287 2102 386 2138 Tum
407 2103 453 2139 ab
474 2103 644 2146 Torone,
667 2104 765 2140 sicut
784 2102 914 2153 paullo
934 2108 1021 2138 ante
1045 2102 1125 2137 dic-

6 2171 87 2201 tum
117 2172 187 2209 est,
221 2174 373 2217 recepta
403 2168 610 2218 profectus,
646 2168 840 2205 Tritonon
873 2174 912 2202 et
941 2166 1123 2214 Drymas,

8 2229 162 2266 Doridis
188 2243 303 2281 parva
334 2239 446 2281 atque
479 2232 664 2281 ignobilia
689 2232 843 2282 oppida,
879 2230 1003 2280 cepit:
1037 2229 1125 2265 inde

7 2291 186 2338 Elatiam,
213 2294 329 2345 jussis
360 2296 413 2333 ibi
447 2309 486 2334 se
516 2296 681 2348 opperiri
711 2295 911 2333 Ptolemaei
944 2293 1121 2331 Rhodio-

271 152 424 180 LIBER
448 151 640 179 XXVIII.
673 151 779 179 cAP.
802 150 897 179 V11.
1087 153 1140 195 91

1154 242 1196 272 U.
1210 241 1246 272 C.
1265 250 1339 274 545.

1151 288 1192 316 A.
1206 285 1242 316 C.
1257 291 1330 321 207·

1149 762 1274 794 Attalus
1292 764 1356 796 fere

1149 816 1168 836 a
1181 807 1329 846 Philippo

1149 850 1328 890 obpressus.
