1523 2666
264 154 351 209 518
722 163 768 192 ·r.
793 161 926 193 mvn

70 269 119 300 U.
132 270 169 301 c,
185 277 256 310 ⁵⁵9·
273 257 462 293 aestimans
481 254 580 305 regis
597 267 643 292 ex
662 253 773 292 rebus
787 255 825 291 in
842 254 950 304 Syria
965 260 1031 290 aut
1048 253 1141 292 Asia
1155 255 1284 305 gestis,
1299 257 1378 294 nou

74 314 115 344 A·
130 314 168 345 C·
188 320 259 346 ¹93·
273 333 405 358 caussa
430 321 544 358 modo
574 320 804 371 superiorem
828 331 910 355 esse
928 319 1178 363 Antiochum,
1199 321 1301 370 quod
1317 322 1376 358 ni-

270 386 325 423 hil
356 386 452 435 aequi
476 385 713 436 postularent
736 384 919 427 Romani,
940 384 1005 420 sed
1023 383 1125 421 bello
1145 397 1295 434 quoque
1315 397 1377 422 su-

269 457 488 502 peraturum
508 449 694 486 credebat.
750 448 929 498 Fugienti
959 450 1038 498 regi
1065 449 1379 500 disceptationem

270 528 356 551 cum
374 514 522 564 legatis,
543 526 608 550 seu
621 512 704 563 jam
723 520 879 562 experto
900 526 982 549 eam
1002 515 1124 550 minus
1145 526 1377 564 prosperam,

270 591 334 615 seu
366 591 528 615 moerore
558 577 700 613 recenti
730 576 904 619 confuso,
934 577 1123 627 professus
1153 578 1293 622 Minio,
1324 590 1378 622 se,

269 657 353 692 quae
387 657 455 693 pro
482 655 615 679 caussa
643 648 781 685 essent,
817 642 1019 686 dicturum,
1053 644 1252 693 persuasit,
1282 650 1326 680 ut
1357 656 1380 679 a

270 707 459 756 Pergamo
479 713 757 743 arcesserentur
775 706 903 755 legati.

74 783 252 823 c0n10qu1-
326 772 437 809 XVI.
466 772 552 809 Jam
585 771 828 808 convaluerat
857 770 1063 821 Sulpicius:
1110 771 1238 820 itaque
1267 771 1380 809 ambo

75 827 235 900 ζὀῐζὶυξξὲἒ·
271 835 465 886 Ephesum
492 842 687 872 venerunt.
743 834 829 871 Rex
859 848 881 871 a
907 834 1085 871 Minione
1107 840 1322 879 excusatus,
1342 842 1381 872 et

78 912 257 945 Rom.cum
270 900 427 936 absente
454 914 499 937 co
528 913 584 936 res
613 900 674 948 agi
701 906 826 950 coepta
852 905 922 940 est.
977 898 1038 935 lbi
1064 907 1276 950 praeparata
1293 913 1379 937 ora—

77 956 235 989 Minione.
269 965 374 1001 tione
393 965 518 1001 Minio
529 982 538 1010 3
563 966 728 1013 Specioso
748 965 868 1006 titulo,
888 963 1025 1013 inquit,
1044 965 1098 1000 uti
1114 976 1187 1007 vos,
1205 964 1377 1009 Romani,

274 1031 481 1066 Graecarum
518 1031 718 1066 civitatium
748 1029 1011 1065 liberandarum
1043 1029 1164 1066 video:
1191 1029 1252 1065 sed
1269 1029 1384 1078 facta

267 1103 383 1134 vestra
399 1100 555 1134 orationi
574 1109 644 1134 non
665 1098 900 1140 conveniunt,-
931 1101 966 1132 ct
984 1097 1084 1133 uliud
1102 1097 1278 1133 Antiocho
1286 1096 1383 1143 juris

265 1165 455 1205 statuistis,
477 1163 550 1198 alio
569 1163 637 1210 ipsi
655 1163 809 1197 utimini.
868 1161 939 1202 Qui
957 1162 1051 1197 enim
1068 1163 1184 1209 magis
1203 1161 1379 1209 Smyrnaei

269 1226 574 1275 Lampsacenique
594 1227 710 1261 Gra’ci
723 1230 818 1268 sunt,
836 1237 942 1272 (luam
961 1225 1210 1272 Neapolitani,
1231 1230 1267 1261 et
1282 1225 1378 1262 Rhe-

266 1293 356 1338 gini,
378 1297 412 1326 et
436 1292 633 1333 Tarentini,
655 1302 677 1325 α
696 1290 819 1338 quibus
835 1290 1063 1337 stipendium,
1087 1301 1109 1324 a
1128 1290 1249 1338 quibus
1272 1302 1379 1327 naves

268 1354 455 1403 eaefoedere
470 1355 640 1402 exigitis.9
671 1353 743 1389 Cur
762 1354 972 1401 Syracusas,
993 1358 1102 1402 atque
1119 1355 1156 1390 in
1174 1355 1266 1390 alias
1285 1354 1379 1391 Sici-

269 1420 326 1454 21*ae
351 1420 492 1455 Graecas
518 1420 615 1455 urbes
638 1424 829 1467 praetorem
854 1419 1057 1466 quotannis,
1078 1431 1157 1455 cum
1176 1420 1324 1467 imperio
1344 1424 1380 1456 et

267 1486 378 1533 virgis
397 1491 432 1521 et
449 1486 635 1528 securibus,
656 1486 798 1521 mittitis
811 1487 833 1520 ?
862 1485 953 1521 nihil
972 1485 1074 1521 aliud
1097 1484 1260 1534 profecto
1279 1487 1378 1522 dica-

270 1551 327 1593 tis,
350 1562 455 1598 quam
482 1552 592 1586 armis
612 1552 789 1598 superatis
812 1562 872 1586 vos
898 1552 941 1586 iis
966 1550 1029 1586 has
1058 1551 1150 1597 leges
1175 1552 1378 1599 inposuisse.

270 1615 446 1651 Eamclem
473 1617 516 1651 cle
538 1616 694 1663 Smyrna
719 1620 753 1652 et
779 1617 980 1664 Lampsaco
1000 1615 1280 1663 civitatibusque,
1302 1628 1379 1663 quae

271 1679 382 1715 Ioniae
401 1685 466 1715 aut
480 1680 641 1716 AEoliclis
657 1685 753 1722 sunt,
777 1692 936 1716 caussam
957 1679 1000 1715 ab
1019 1679 1196 1715 Antiocho
1216 1681 1380 1727 accipite.

271 1743 374 1779 Bello
395 1749 582 1792 superatas
610 1758 633 1780 a
657 1743 862 1790 majoribus,
884 1750 918 1780 et
942 1745 1192 1792 stipendiarias
1211 1757 1253 1780 ac
1271 1746 1380 1780 vecti-

267 1809 366 1854 gales
375 1808 515 1856 factas,
536 1811 570 1844 in
591 1811 777 1857 antiquum
789 1808 851 1855 jus
870 1810 1025 1857 repetit:
1053 1810 1174 1857 itaque
1192 1810 1240 1845 ad
1259 1809 1332 1845 ἠως
1349 1812 1382 1846 ei

268 1874 472 1920 rcsponcleri
497 1874 614 1915 velim,
635 1875 665 1909 si
697 1886 738 1909 ex
763 1886 862 1922 oequo
891 1875 1119 1921 disceptatur,
1142 1879 1177 1910 et
1200 1886 1270 1910 non
1298 1875 1382 1911 belli

269 1948 391 1971 caussa
415 1939 596 1984 quaeritur.
654 1937 714 1972 Ad
739 1950 783 1972 ea
810 1936 1011 1987 Sulpicius,
1042 1935 1146 1976 Fecit
1172 1940 1378 1982 verecunde,

267 2000 405 2049 inquit,
422 2002 630 2044 Antiochus,
648 2004 721 2050 qui,
738 2004 768 2037 si
782 2004 858 2039 azia
871 2016 939 2051 pro
956 2016 1077 2040 caussa
1090 2003 1164 2050 ejas
1177 2016 1245 2040 non
1261 2010 1379 2048 erant,

268 2078 344 2112 ome
363 2066 578 2107 dicerentur,
601 2067 790 2113 quemlibet
808 2068 890 2109 ista,
909 2079 1016 2115 quam
1033 2080 1082 2110 se,
1105 2069 1221 2104 dicere
1239 2070 1379 2107 maluit.

271 2132 367 2172 Quid
386 2134 476 2167 enim
497 2133 610 2168 simile
630 2133 732 2168 habet
752 2134 948 2169 civitatium
970 2146 1107 2176 earum,
1129 2147 1216 2183 quas
1235 2147 1378 2182 compa·-

267 2198 369 2238 rasti,
388 2209 510 2232 caussa
524 2199 545 2232 ,9
571 2197 627 2233 Ab
643 2197 828 2244 Rheginz‘s,
849 2203 884 2233 et
903 2199 1166 2247 Neapolitanis,
1184 2204 1219 2235 et
1243 2199 1378 2236 Taren-

269 2261 365 2302 tinis,
390 2273 430 2296 ex
457 2273 523 2309 quo
555 2262 588 2296 iu
617 2266 776 2297 nostram
804 2267 976 2299 venerunt
1002 2267 1230 2310 potestatem,
1250 2275 1320 2299 uno
1343 2268 1378 2299 et

263 2329 437 2373 perpetuo
458 2330 577 2362 tenore
595 2324 703 2372 juris,
724 2338 861 2377 semper
885 2332 1071 2378 usurpato,
1097 2340 1291 2377 numquam
1321 2329 1378 2364 in-
