1523 2666
306 177 390 224 552
762 178 809 208 r,
831 173 964 209 L1v11

110 279 156 310 U.
171 279 208 310 c,
222 284 294 310 560.
308 270 364 305 cia
379 279 490 310 nosse,
509 278 586 316 quae
613 272 678 303 aut
702 270 908 315 praesidium
936 269 1076 313 habeat,
1106 276 1171 307 aut
1196 273 1413 320 stipendium

108 324 151 354 A·
165 323 201 354 C·
222 329 294 356 192·
308 333 480 369 Romanis
495 333 645 380 pendat,
667 337 730 368 aut
748 332 890 381 foedere
909 336 1028 382 iniquo
1047 336 1227 383 adligata,
1247 349 1335 385 quas
1351 350 1414 374 no-

307 397 364 439 lit,
387 397 477 444 leges
492 397 669 443 patiatur.
717 396 845 444 Itaque
875 397 1120 434 Chalcidenses
1146 411 1257 447 neque
1279 401 1418 438 vindice

304 460 478 496 libertatis
494 460 570 495 ullo
595 471 708 506 egere,
729 472 836 508 quum
866 461 966 496 liberi
992 463 1077 504 sint,
1097 474 1208 510 neque
1230 465 1413 511 prcesidio,

303 537 413 573 quum
427 536 556 572 pacem
575 523 726 570 ejusdem
752 525 881 572 populi
904 525 1061 561 Romani
1079 526 1240 576 beneficio
1259 532 1293 563 et
1311 527 1415 563 liber-

304 594 415 625 tatem¹
435 589 598 624 habeant.
637 589 849 624 Amicitiam
869 591 962 636 regis
972 602 1040 625 non
1059 592 1284 639 adspernari,
1304 604 1416 640 neque

303 654 459 700 ipsorum
473 653 682 688 AEtolorum
697 668 708 688 :
730 654 767 688 id
781 655 939 700 primum
951 665 1008 689 eos
1016 667 1083 701 pro
1098 657 1222 690 amicis
1228 655 1412 703 factm-OS,

301 718 331 752 si
352 717 470 752 insula
489 717 672 758 excedant,
689 721 796 765 atque
811 717 937 754 abeant
952 735 964 754 .·
982 730 1065 754 nam
1079 720 1164 767 ipsis
1179 724 1312 756 certum
1330 731 1413 762 esse,

302 791 374 815 non
393 781 497 816 modo
515 792 585 815 non
604 782 762 828 recipere
779 781 958 824 moenibus,
978 784 1040 818 sed
1058 795 1099 817 ne
1117 785 1317 819 societatem
1336 785 1413 832 qui-

301 845 381 880 dem
400 844 514 878 ullam
530 845 676 891 pacisci,
697 845 765 879 nisi
784 856 824 879 ecc
842 847 1057 881 auctoritate
1078 846 1331 883 Romanorum.

355 906 524 943 XLVII.
555 906 650 943 Haec
669 908 890 944 renunciata
909 910 989 957 regi
1007 909 1054 945 ad
1073 922 1200 952 naves,
1219 909 1281 945 ubi
1301 910 1411 946 resti-

301 977 413 1013 terat,
438 983 552 1020 quum
586 977 736 1015 essent3
770 971 808 1006 in
838 973 1038 1020 praesentia
1071 974 1209 1021 (neque
1238 973 1337 1009 enim
1366 974 1411 1009 iis

301 1039 456 1070 venerat
485 1035 618 1084 copiiS,
640 1040 682 1069 ut
700 1035 735 1069 vi
757 1047 867 1083 agere
886 1035 1088 1084 quidquam
1108 1036 1253 1086 posset)
1275 1037 1411 1073 reverti

300 1097 582 1135 Demetriadem
604 1098 746 1148 placuit
765 1113 772 1133 ε
805 1098 871 1142 ibi,
893 1101 1071 1148 quoniam
1092 1101 1252 1149 primum
1273 1113 1410 1136 vanum

299 1163 491 1212 inceptum
510 1154 702 1205 evasis'set‚
724 1162 939 1199 consultare
958 1176 1042 1199 cum
1062 1164 1204 1200 AEtolis
1224 1177 1304 1207 rex,
1322 1165 1410 1213 quid

301 1226 433 1262 deinde
454 1226 570 1263 fieret.
611 1225 774 1269 Placuit,
794 1227 956 1263 Achaeos
977 1235 1015 1262 et
1033 1228 1332 1276 Amynandrum,
1353 1241 1412 1264 re·

301 1303 385 1339 gem
405 1291 678 1333 Athamanum,
698 1297 857 1328 tentare.
887 1291 1113 1327 Boeotorum
1134 1298 1284 1339 gentem
1305 1305 1410 1328 aver-

299 1367 378 1391 sam
408 1354 455 1391 ab
486 1354 670 1391 Romanis
695 1354 777 1405 jam
807 1355 894 1391 inde
920 1369 941 1391 a
963 1355 1174 1404 Brachyllae
1208 1362 1343 1400 morte,
1372 1363 1410 1393 et

297 1431 380 1467 quae
398 1424 526 1454 secuta
545 1431 625 1454 eam
641 1418 804 1461 fuerant,
823 1418 1038 1455 censebant.
1069 1420 1296 1456 Achaeorum
1316 1420 1407 1456 Phi-

296 1482 548 1533 lopoemenem
575 1483 796 1532 principem,
819 1482 1059 1519 aemulatione
1079 1483 1208 1531 gloriae
1238 1485 1276 1520 in
1305 1484 1407 1521 bello
1448 1528 1452 1531 ²

295 1546 508 1589 Laconum,
530 1546 709 1582 infestum
728 1547 962 1596 invisumque
979 1560 1058 1583 esse
1074 1548 1258 1587 Quinctio
1278 1549 1406 1584 crede-

295 1610 401 1647 bant.
448 1610 691 1659 Amynander
718 1623 872 1646 uxorem
898 1611 1113 1660 Apamiam,
1143 1611 1257 1647 filiam
1287 1611 1405 1647 Alex-

295 1675 402 1711 andri
433 1674 627 1724 cujusdam
658 1674 994 1724 Megalopolitani,
1025 1675 1215 1711 habebat:
1255 1675 1334 1724 qui,
1365 1688 1404 1712 se

296 1739 496 1775 oriundum
526 1752 547 1774 a
569 1737 715 1786 Magno
745 1737 963 1774 Alexandro
990 1739 1128 1782 ferens,
1151 1738 1235 1774 filiis
1255 1739 1401 1775 duobus

293 1802 511 1852 Philippum
530 1808 643 1850 atque
662 1800 934 1845 Alexandrum,
951 1808 988 1838 et
1008 1802 1092 1838 filiae
1111 1803 1312 1852 Apamiam
1332 1815 1404 1839 no-

292 1868 396 1903 mina
415 1867 633 1917 inposuerat
651 1880 659 1901 :
693 1878 818 1914 quam,
836 1867 947 1914 regiis
969 1867 1135 1902 inclitam
1154 1867 1308 1916 nuptiis,
1324 1879 1402 1903 ma-

284 1930 350 1982 jor
379 1944 425 1967 ex
453 1930 630 1967 fratribus
658 1930 854 1981 Philippus
885 1938 1033 1967 secutus
1064 1933 1101 1966 in
1131 1932 1401 1968 Athamaniam

289 1996 424 2032 fuerat.
456 1995 584 2035 Hunc,
605 1995 704 2031 forte
724 1995 878 2044 ingenio
897 2008 1046 2038 vanum,
1065 1995 1186 2031 AEtoli
1209 2004 1247 2031 et
1262 1997 1400 2032 Antio·

290 2060 380 2095 chus
402 2058 616 2109 inpulerant
635 2059 673 2094 in
695 2072 812 2109 spem,
834 2060 933 2108 quod
959 2060 988 2095 is
1015 2072 1100 2095 vere
1120 2072 1252 2108 regum
1271 2061 1397 2111 stirpis

291 2130 401 2166 esset,
422 2123 525 2171 regni
556 2122 808 2168 Macedoniae,
837 2126 867 2160 si
896 2125 1182 2174 Amynandrum
1210 2125 1397 2162 Athama-

290 2200 430 2236 nesque
454 2187 649 2223 Antiocho
675 2187 955 2238 conjunxissetz
990 2196 1027 2225 et
1057 2202 1099 2225 ea
1131 2190 1276 2225 vanitas
1306 2202 1394 2239 pro-

289 2252 489 2288 missorum
505 2263 581 2287 non
598 2252 696 2301 apud
712 2252 929 2304 Philippum
942 2253 1070 2298 modo,
1085 2253 1147 2290 sed
1165 2254 1278 2290 etiam
1293 2254 1393 2305 apud

288 2315 588 2365 Amynandrum,
610 2316 738 2354 valuit.
