1507 2656
331 141 487 173 mmm
509 137 653 169 xxx1.
686 138 794 168 cAr.
818 138 928 168 mx.
1102 139 1180 182 293

73 236 174 274 vivus
195 235 233 273 in
253 241 482 287 potestatem
501 232 617 269 venit.
646 230 860 281 Philippus,
876 229 1045 280 inposito
1057 229 1182 280 Abydi
1196 236 1238 268 U.
1252 235 1287 267 C.
1304 243 1376 267 552.

70 302 259 352 praesidio,
286 301 326 337 in
351 310 509 348 regnum
539 297 665 334 rediit.
721 296 866 339 Quum,
892 294 997 331 velut
1023 295 1184 344 Sagunti
1197 282 1235 312 Α·
1249 280 1286 311 C‘
1303 286 1378 310 ⁹⁰0'

70 366 258 403 excidium
279 362 505 405 Hannibali,
527 362 580 398 sic
606 360 787 410 Philippo
810 359 1082 409 Abydenorum
1108 358 1185 396 cla-

71 430 134 466 des
155 429 203 466 ad
216 429 434 465 Romanum
452 425 596 462 bellum
611 425 757 461 animos
778 423 946 467 fecisset,
967 423 1096 459 nuncii
1114 423 1185 459 ob-

72 499 282 536 currerunt,
309 491 503 529 consulem
528 490 613 541 jam
643 490 682 525 in
708 489 829 540 Epiro
850 501 944 532 esse,
966 494 1004 524 et
1026 487 1187 538 Apollo-

72 558 175 594 niam
193 563 388 593 terrestres
410 556 538 607 copias
542 582 554 599 ,
570 553 723 591 navales
742 553 948 603 Corcyram
970 553 1009 588 in
1027 552 1190 589 hiberna

74 620 284 657 deduxisse.

127 684 246 722 XIX.
275 684 381 721 Inter
411 683 494 719 haec
525 681 677 730 legatis,
712 681 776 729 qui
806 681 846 716 in
879 678 1049 716 Africam
1082 678 1185 715 missi
1201 687 1389 736 Lega'tisso-

76 756 184 787 erant
213 750 259 786 de
285 748 506 786 Hamilcare
526 747 665 784 Gallici
692 746 880 783 exercitus
903 746 1010 789 duce,
1030 757 1187 795 respon·
1200 740 1346 806 ῗέἒὲᾶῖη

77 827 162 850 sum
193 827 217 849 a
241 811 628 861 Karthaginiensibus
658 817 729 853 est,
751 810 848 846 nihil
878 809 977 846 ultra
1001 822 1041 846 se
1066 809 1191 846 facere

76 888 203 927 posse,
223 887 338 924 quam
357 881 399 910 ut
418 875 552 911 exsilio
572 887 658 911 eum
677 873 898 917 multarent,
913 873 1090 922 bonaque
1110 872 1191 922 ejus

74 937 326 990 publicarent.
368 939 553 988 Perfugas
575 947 613 975 et
631 938 830 987 fugitivos,
850 950 945 987 quos
965 937 1193 987 inquirendo

76 1003 264 1051 vestigare
282 1003 491 1052 potuerint,
512 1003 718 1038 reddidisse
734 1017 742 1038 ε
775 1008 813 1038 et
828 1002 874 1038 de
894 1015 939 1038 ea
955 1015 996 1038 re
1012 1003 1193 1038 missuros

76 1066 224 1116 legatos
244 1066 424 1111 Romam,
446 1067 508 1116 qui
531 1068 678 1103 senatui
699 1066 974 1102 satisfacerent.
1013 1065 1195 1103 Ducenta

78 1131 197 1168 millia
215 1131 385 1168 modifim
404 1132 520 1168 tritici
541 1131 721 1174 Romam,
739 1131 903 1167 ducenta
919 1131 966 1167 ad
985 1131 1195 1181 exercitum

78 1194 120 1231 in
148 1195 417 1232 Macedoniam
444 1196 641 1232 miserunt.
699 1195 793 1231 Inde
822 1196 863 1231 in
895 1194 1118 1230 Numidiam
1149 1194 1197 1230 ad

80 1270 187 1307 reges
208 1259 371 1309 profecti
388 1258 527 1307 legatiz
560 1259 661 1295 dona
681 1259 767 1295 data
789 1258 1019 1302 Masinissae,
1040 1258 1197 1295 manda-

80 1329 196 1371 taque
229 1323 341 1360 edita.
407 1323 567 1372 Equites
602 1322 705 1359 mille
737 1323 915 1359 Numidae
950 1324 1083 1371 (quum
1120 1323 1197 1360 duo

82 1387 204 1424 millia
241 1388 364 1436 daret)
401 1388 572 1438 accepti:
622 1388 703 1438 ipse
735 1389 775 1424 in
812 1400 925 1424 naves
958 1388 1198 1438 inponendoz

82 1452 250 1489 curavit:
283 1458 322 1488 et
346 1465 431 1488 cum
465 1453 635 1489 ducentis
663 1453 829 1489 millibus
864 1453 1033 1489 modium
1065 1453 1198 1496 tritici,

84 1516 254 1553 ducentis
278 1516 424 1559 hordei,
447 1517 486 1552 in
516 1516 790 1553 Macedoniam
817 1518 932 1554 misit.
989 1517 1120 1553 Tertia
1145 1517 1200 1554 le·

84 1580 189 1629 gatio
210 1580 256 1616 ad
274 1580 494 1616 Verminam
514 1586 607 1617 erat.
664 1580 716 1623 Is,
739 1581 784 1617 ad
804 1582 945 1630 primos
972 1580 1064 1617 fines
1092 1581 1200 1630 regni

85 1644 220 1692 legatis
247 1644 398 1680 obviam
423 1657 659 1694 progressus,
692 1651 733 1680 ut
759 1645 967 1681 scriberent
992 1646 1078 1695 ipsi,
1107 1658 1199 1695 quas

85 1707 239 1751 vellent,
259 1708 362 1758 pacis
379 1708 634 1750 conditiones,
654 1708 839 1757 permisit.
888 1708 1052 1744 Omnem
1068 1722 1201 1759 pacem

88 1771 229 1808 bonam
249 1771 470 1821 justamque
499 1771 583 1807 fore
616 1772 687 1808 sibi
721 1786 807 1808 cuin
840 1773 983 1822 populo
1009 1773 1201 1811 Romano.

89 1835 200 1872 Datae
222 1836 323 1885 leges
350 1836 689 1887 pacis,jussusque
717 1839 763 1875 ad
792 1851 877 1875 eam
906 1838 1202 1877 confirmandam

90 1900 241 1936 mittere
259 1900 405 1949 legatos
425 1901 606 1938 Romam.

142 1965 238 2002 XX.
267 1965 340 2001 Per
360 1966 458 2002 idem
474 1973 621 2016 tempus
641 1965 688 2003 L.
704 1966 904 2003 Cornelius
925 1966 1113 2004 Lentulus
1133 1981 1202 2019 pro
1218 1976 1354 2008 Lentulo
1370 1987 1409 2009 ex

92 2028 247 2065 consule
266 2042 313 2065 ex
336 2029 525 2080 Hispania
545 2031 675 2067 rediit:
709 2032 773 2080 qui
793 2044 909 2080 quum
929 2033 969 2069 in
992 2039 1127 2070 senatu
1146 2046 1203 2070 res
1218 2020 1405 2096 ξὲςξέὶῃὲζη

94 2092 140 2128 ab
161 2105 200 2128 se
225 2105 292 2143 per
321 2094 460 2131 multos
492 2108 612 2131 annos
638 2094 791 2132 fortiter
815 2095 1051 2146 feliciterque
1079 2104 1204 2147 gestas
1218 2115 1305 2137 cessa
1319 2116 1397 2138 ova—

94 2158 343 2207 exposuisset,
363 2158 680 2209 postulassetque,
701 2166 743 2195 ut
768 2160 1019 2210 triumphanti
1046 2162 1118 2198 sibi
1149 2163 1207 2199 in·
1220 2149 1275 2182 ¹³⁰·

94 2220 180 2255 vehi
199 2220 328 2258 liceret
347 2222 386 2257 in
406 2222 561 2268 urbem;
592 2235 648 2259 res
675 2224 858 2273 triumpho
880 2226 1006 2273 dignas
1031 2237 1102 2262 esse
1120 2238 1208 2262 cen-

98 2283 205 2321 sebat
222 2292 397 2324 senatus:
428 2288 491 2325 sed
509 2289 710 2336 exemplum
742 2301 765 2325 α
791 2288 986 2336 majoribus
1011 2296 1083 2327 non
1110 2303 1210 2328 acce·
